<?xml version="1.0" encoding="UTF-8"?>
<!DOCTYPE html PUBLIC "-//W3C//DTD XHTML 1.0 Transitional//EN"
    "http://www.w3.org/TR/xhtml1/DTD/xhtml1-transitional.dtd">
<html xmlns="http://www.w3.org/1999/xhtml" xml:lang="en" lang="en">
 <head>
  <title>
</title>
<meta http-equiv="Content-Type" content="text/html;charset=utf-8" />
  <meta name='ocr-system' content='tesseract 3.04.00' />
  <meta name='ocr-capabilities' content='ocr_page ocr_carea ocr_par ocr_line ocrx_word'/>
</head>
<body>
  <div class='ocr_page' id='page_1' title='image "./comentumsuperda00unkngoog_0241.png"; bbox 0 0 4575 6842; ppageno 0'>
   <div class='ocr_carea' id='block_1_1' title="bbox 839 960 1594 1029">
    <p class='ocr_par' dir='ltr' id='par_1_1' title="bbox 839 960 1594 1029">
     <span class='ocr_line' id='line_1_1' title="bbox 839 960 1594 1029; baseline 0 0"><span class='ocrx_word' id='word_1_1' title='bbox 839 974 981 1029; x_wconf 41' lang='lat' dir='ltr'><strong>xorturus</strong></span> <span class='ocrx_word' id='word_1_2' title='bbox 1004 975 1232 1029; x_wconf 82' lang='lat' dir='ltr'><strong>rnruusruus.</strong></span> <span class='ocrx_word' id='word_1_3' title='bbox 1523 960 1594 1029; x_wconf 77' lang='lat'><strong>223</strong></span> 
     </span>
    </p>
   </div>
   <div class='ocr_carea' id='block_1_2' title="bbox 419 1110 1594 1213">
    <p class='ocr_par' dir='ltr' id='par_1_2' title="bbox 419 1110 1594 1213">
     <span class='ocr_line' id='line_1_2' title="bbox 419 1110 1594 1213; baseline 0.002 -22"><span class='ocrx_word' id='word_1_4' title='bbox 419 1110 449 1191; x_wconf 82' lang='lat' dir='ltr'><strong>ri</strong></span> <span class='ocrx_word' id='word_1_5' title='bbox 469 1140 561 1211; x_wconf 85' lang='lat' dir='ltr'><strong>poco</strong></span> <span class='ocrx_word' id='word_1_6' title='bbox 585 1140 610 1191; x_wconf 90' lang='grc' dir='ltr'><em>ο</em></span> <span class='ocrx_word' id='word_1_7' title='bbox 634 1121 683 1193; x_wconf 85' lang='lat' dir='ltr'><strong>lui</strong></span> <span class='ocrx_word' id='word_1_8' title='bbox 706 1139 749 1191; x_wconf 88' lang='lat' dir='ltr'><strong>ne</strong></span> <span class='ocrx_word' id='word_1_9' title='bbox 774 1122 878 1210; x_wconf 81' lang='lat' dir='ltr'><strong>cotra,</strong></span> <span class='ocrx_word' id='word_1_10' title='bbox 905 1118 1007 1213; x_wconf 89' lang='lat' dir='ltr'><strong>idest,</strong></span> <span class='ocrx_word' id='word_1_11' title='bbox 1026 1118 1075 1193; x_wconf 85' lang='lat' dir='ltr'><strong>ita</strong></span> <span class='ocrx_word' id='word_1_12' title='bbox 1093 1118 1280 1193; x_wconf 91' lang='lat' dir='ltr'><strong>modicum</strong></span> <span class='ocrx_word' id='word_1_13' title='bbox 1302 1118 1447 1193; x_wconf 86' lang='lat' dir='ltr'><strong>curavit</strong></span> <span class='ocrx_word' id='word_1_14' title='bbox 1462 1118 1530 1192; x_wconf 83' lang='lat' dir='ltr'>sibi</span> <span class='ocrx_word' id='word_1_15' title='bbox 1547 1119 1594 1193; x_wconf 88' lang='lat' dir='ltr'><strong>de</strong></span> 
     </span>
    </p>
   </div>
   <div class='ocr_carea' id='block_1_3' title="bbox 424 1239 1595 1336">
    <p class='ocr_par' dir='ltr' id='par_1_3' title="bbox 424 1239 1595 1336">
     <span class='ocr_line' id='line_1_3' title="bbox 424 1239 1595 1336; baseline 0.001 -24"><span class='ocrx_word' id='word_1_16' title='bbox 424 1260 494 1333; x_wconf 89' lang='lat' dir='ltr'><strong>me,</strong></span> <span class='ocrx_word' id='word_1_17' title='bbox 513 1260 597 1333; x_wconf 84' lang='lat' dir='ltr'><strong>quae</strong></span> <span class='ocrx_word' id='word_1_18' title='bbox 616 1244 754 1313; x_wconf 86' lang='lat' dir='ltr'><strong>tantam</strong></span> <span class='ocrx_word' id='word_1_19' title='bbox 772 1259 901 1313; x_wconf 89' lang='lat' dir='ltr'><strong>curam</strong></span> <span class='ocrx_word' id='word_1_20' title='bbox 922 1240 1099 1336; x_wconf 83' lang='lat' dir='ltr'>gerebam</span> <span class='ocrx_word' id='word_1_21' title='bbox 1125 1239 1172 1313; x_wconf 92' lang='lat' dir='ltr'><strong>de</strong></span> <span class='ocrx_word' id='word_1_22' title='bbox 1202 1259 1258 1313; x_wconf 89' lang='lat' dir='ltr'><strong>eo.</strong></span> <span class='ocrx_word' id='word_1_23' title='bbox 1286 1240 1330 1312; x_wconf 87' lang='lat' dir='ltr'><strong>Et</strong></span> <span class='ocrx_word' id='word_1_24' title='bbox 1354 1239 1436 1313; x_wconf 90' lang='lat' dir='ltr'><strong>ideo</strong></span> <span class='ocrx_word' id='word_1_25' title='bbox 1463 1239 1595 1313; x_wconf 86' lang='lat' dir='ltr'><strong>merito</strong></span> 
     </span>
    </p>
   </div>
   <div class='ocr_carea' id='block_1_4' title="bbox 164 1320 1595 1453">
    <p class='ocr_par' dir='ltr' id='par_1_4' title="bbox 164 1320 1595 1453">
     <span class='ocr_line' id='line_1_4' title="bbox 164 1320 1595 1453; baseline 0 -20"><span class='ocrx_word' id='word_1_26' title='bbox 164 1320 167 1325; x_wconf 22' lang='grc' dir='ltr'>Ι</span> <span class='ocrx_word' id='word_1_27' title='bbox 307 1426 309 1431; x_wconf 80' lang='grc'>,</span> <span class='ocrx_word' id='word_1_28' title='bbox 422 1360 551 1434; x_wconf 88' lang='lat' dir='ltr'><strong>accidit</strong></span> <span class='ocrx_word' id='word_1_29' title='bbox 575 1358 642 1433; x_wconf 89' lang='lat' dir='ltr'><strong>sibi</strong></span> <span class='ocrx_word' id='word_1_30' title='bbox 668 1358 767 1453; x_wconf 89' lang='lat' dir='ltr'><strong>quod</strong></span> <span class='ocrx_word' id='word_1_31' title='bbox 793 1359 1002 1453; x_wconf 87' lang='lat' dir='ltr'><strong>quaerebat;</strong></span> <span class='ocrx_word' id='word_1_32' title='bbox 1029 1380 1115 1433; x_wconf 85' lang='lat' dir='ltr'><strong>narn</strong></span> <span class='ocrx_word' id='word_1_33' title='bbox 1142 1352 1595 1449; x_wconf 58' lang='lat' dir='ltr'><strong>montemora-</strong></span> 
     </span>
    </p>
   </div>
   <div class='ocr_carea' id='block_1_5' title="bbox 422 1478 1597 3135">
    <p class='ocr_par' dir='ltr' id='par_1_5' title="bbox 422 1478 1597 3135">
     <span class='ocr_line' id='line_1_5' title="bbox 424 1478 1596 1573; baseline -0.002 -20"><span class='ocrx_word' id='word_1_34' title='bbox 424 1481 573 1555; x_wconf 87' lang='lat' dir='ltr'><strong>uitatem</strong></span> <span class='ocrx_word' id='word_1_35' title='bbox 597 1478 774 1572; x_wconf 88' lang='lat' dir='ltr'><strong>infimam,</strong></span> <span class='ocrx_word' id='word_1_36' title='bbox 794 1478 858 1552; x_wconf 92' lang='lat' dir='ltr'><strong>ubi</strong></span> <span class='ocrx_word' id='word_1_37' title='bbox 875 1479 1041 1573; x_wconf 88' lang='lat' dir='ltr'><strong>debebat,</strong></span> <span class='ocrx_word' id='word_1_38' title='bbox 1059 1478 1155 1553; x_wconf 92' lang='lat' dir='ltr'><strong>sicut</strong></span> <span class='ocrx_word' id='word_1_39' title='bbox 1172 1485 1327 1573; x_wconf 87' lang='lat' dir='ltr'><strong>poterat,</strong></span> <span class='ocrx_word' id='word_1_40' title='bbox 1344 1478 1434 1553; x_wconf 91' lang='lat' dir='ltr'><strong>dare</strong></span> <span class='ocrx_word' id='word_1_41' title='bbox 1451 1498 1492 1553; x_wconf 89' lang='lat' dir='ltr'><strong>se</strong></span> <span class='ocrx_word' id='word_1_42' title='bbox 1513 1499 1596 1573; x_wconf 85' lang='lat' dir='ltr'><strong>spe-</strong></span> 
     </span>
     <span class='ocr_line' id='line_1_6' title="bbox 425 1598 1597 1693; baseline -0.004 -18"><span class='ocrx_word' id='word_1_43' title='bbox 425 1599 597 1675; x_wconf 84' lang='lat' dir='ltr'><strong>culationi</strong></span> <span class='ocrx_word' id='word_1_44' title='bbox 614 1600 698 1673; x_wconf 81' lang='lat' dir='ltr'><strong>altae</strong></span> <span class='ocrx_word' id='word_1_45' title='bbox 714 1618 961 1693; x_wconf 88' lang='lat' dir='ltr'><strong>supernorum</strong></span> <span class='ocrx_word' id='word_1_46' title='bbox 980 1606 1018 1673; x_wconf 92' lang='lat' dir='ltr'><strong>et</strong></span> <span class='ocrx_word' id='word_1_47' title='bbox 1033 1619 1211 1673; x_wconf 89' lang='lat' dir='ltr'><strong>verorum</strong></span> <span class='ocrx_word' id='word_1_48' title='bbox 1229 1598 1427 1692; x_wconf 90' lang='lat' dir='ltr'><strong>bonorum,</strong></span> <span class='ocrx_word' id='word_1_49' title='bbox 1445 1600 1506 1671; x_wconf 80' lang='lat' dir='ltr'><strong>cde</strong></span> <span class='ocrx_word' id='word_1_50' title='bbox 1522 1601 1597 1671; x_wconf 79' lang='lat' dir='ltr'><strong>nttti</strong></span> 
     </span>
     <span class='ocr_line' id='line_1_7' title="bbox 425 1708 1593 1813; baseline -0.002 -21"><span class='ocrx_word' id='word_1_51' title='bbox 425 1720 621 1810; x_wconf 68' lang='lat' dir='ltr'><strong>ornamenti</strong></span> <span class='ocrx_word' id='word_1_52' title='bbox 640 1739 730 1791; x_wconf 80' lang='grc' dir='ltr'><em>οοοο</em></span> <span class='ocrx_word' id='word_1_53' title='bbox 746 1708 807 1809; x_wconf 65' lang='lat' dir='ltr'><strong>ned</strong></span> <span class='ocrx_word' id='word_1_54' title='bbox 824 1722 925 1809; x_wconf 84' lang='lat' dir='ltr'><strong>corti,</strong></span> <span class='ocrx_word' id='word_1_55' title='bbox 943 1719 1044 1813; x_wconf 91' lang='lat' dir='ltr'><strong>idest,</strong></span> <span class='ocrx_word' id='word_1_56' title='bbox 1062 1719 1186 1793; x_wconf 90' lang='lat' dir='ltr'><strong>omnia</strong></span> <span class='ocrx_word' id='word_1_57' title='bbox 1210 1719 1374 1794; x_wconf 89' lang='lat' dir='ltr'><strong>remedia</strong></span> <span class='ocrx_word' id='word_1_58' title='bbox 1391 1725 1499 1793; x_wconf 89' lang='lat' dir='ltr'><strong>erant</strong></span> <span class='ocrx_word' id='word_1_59' title='bbox 1515 1718 1593 1813; x_wconf 88' lang='lat' dir='ltr'><strong>jam</strong></span> 
     </span>
     <span class='ocr_line' id='line_1_8' title="bbox 424 1838 1595 1934; baseline -0.002 -21"><span class='ocrx_word' id='word_1_60' title='bbox 424 1838 612 1931; x_wconf 82' lang='lat' dir='ltr'><strong>defectiva,</strong></span> <span class='ocrx_word' id='word_1_61' title='bbox 638 1841 711 1911; x_wconf 86' lang='lat' dir='ltr'><strong>utto</strong></span> <span class='ocrx_word' id='word_1_62' title='bbox 733 1842 842 1911; x_wconf 83' lang='lat' dir='ltr'><strong>salute</strong></span> <span class='ocrx_word' id='word_1_63' title='bbox 857 1858 936 1929; x_wconf 85' lang='lat' dir='ltr'><strong>suo,</strong></span> <span class='ocrx_word' id='word_1_64' title='bbox 954 1839 1100 1932; x_wconf 89' lang='lat' dir='ltr'><strong>scilicet,</strong></span> <span class='ocrx_word' id='word_1_65' title='bbox 1119 1838 1400 1932; x_wconf 84' lang='lat' dir='ltr'><strong>recuperandae3</strong></span> <span class='ocrx_word' id='word_1_66' title='bbox 1413 1839 1493 1934; x_wconf 84' lang='lat' dir='ltr'><strong>jam</strong></span> <span class='ocrx_word' id='word_1_67' title='bbox 1512 1845 1595 1911; x_wconf 89' lang='lat' dir='ltr'><strong>tau—</strong></span> 
     </span>
     <span class='ocr_line' id='line_1_9' title="bbox 425 1954 1596 2055; baseline -0.002 -22"><span class='ocrx_word' id='word_1_68' title='bbox 425 1966 503 2033; x_wconf 90' lang='lat' dir='ltr'><strong>tum</strong></span> <span class='ocrx_word' id='word_1_69' title='bbox 526 1965 755 2053; x_wconf 77' lang='lat' dir='ltr'><strong>processerat</strong></span> <span class='ocrx_word' id='word_1_70' title='bbox 772 1958 928 2033; x_wconf 88' lang='lat' dir='ltr'><strong>errando</strong></span> <span class='ocrx_word' id='word_1_71' title='bbox 946 1980 1012 2053; x_wconf 89' lang='lat' dir='ltr'><strong>per</strong></span> <span class='ocrx_word' id='word_1_72' title='bbox 1029 1954 1182 2055; x_wconf 69' lang='lat' dir='ltr'><strong>iylvam,</strong></span> <span class='ocrx_word' id='word_1_73' title='bbox 1197 1962 1282 2052; x_wconf 75' lang='lat' dir='ltr'><strong>litor</strong></span> <span class='ocrx_word' id='word_1_74' title='bbox 1306 1960 1366 2031; x_wconf 84' lang='lat' dir='ltr'><strong>cde</strong></span> <span class='ocrx_word' id='word_1_75' title='bbox 1389 1960 1596 2048; x_wconf 72' lang='grc' dir='ltr'><em>οοοοοαοοὶο·</em></span> 
     </span>
     <span class='ocr_line' id='line_1_10' title="bbox 424 2077 1595 2172; baseline 0.002 -21"><span class='ocrx_word' id='word_1_76' title='bbox 424 2080 622 2169; x_wconf 78' lang='lat' dir='ltr'><strong>lepardute</strong></span> <span class='ocrx_word' id='word_1_77' title='bbox 644 2081 751 2169; x_wconf 69' lang='lat' dir='ltr'><strong>nenti,</strong></span> <span class='ocrx_word' id='word_1_78' title='bbox 780 2078 883 2172; x_wconf 82' lang='lat' dir='ltr'><strong>quasi</strong></span> <span class='ocrx_word' id='word_1_79' title='bbox 909 2078 1023 2153; x_wconf 91' lang='lat' dir='ltr'><strong>dicat:</strong></span> <span class='ocrx_word' id='word_1_80' title='bbox 1049 2079 1151 2153; x_wconf 85' lang='lat' dir='ltr'><strong>salvo</strong></span> <span class='ocrx_word' id='word_1_81' title='bbox 1176 2098 1289 2171; x_wconf 89' lang='lat' dir='ltr'><strong>quam</strong></span> <span class='ocrx_word' id='word_1_82' title='bbox 1315 2077 1491 2153; x_wconf 85' lang='lat' dir='ltr'><strong>inclinare</strong></span> <span class='ocrx_word' id='word_1_83' title='bbox 1514 2079 1595 2153; x_wconf 92' lang='lat' dir='ltr'><strong>aui-</strong></span> 
     </span>
     <span class='ocr_line' id='line_1_11' title="bbox 426 2197 1595 2275; baseline 0.003 -4"><span class='ocrx_word' id='word_1_84' title='bbox 426 2220 529 2272; x_wconf 89' lang='lat' dir='ltr'><strong>mum</strong></span> <span class='ocrx_word' id='word_1_85' title='bbox 557 2199 636 2273; x_wconf 88' lang='lat' dir='ltr'><strong>eius</strong></span> <span class='ocrx_word' id='word_1_86' title='bbox 661 2197 708 2272; x_wconf 89' lang='lat' dir='ltr'><strong>ad</strong></span> <span class='ocrx_word' id='word_1_87' title='bbox 733 2198 1032 2273; x_wconf 84' lang='lat' dir='ltr'><strong>considerandam</strong></span> <span class='ocrx_word' id='word_1_88' title='bbox 1066 2198 1250 2273; x_wconf 88' lang='lat' dir='ltr'><strong>miseriam</strong></span> <span class='ocrx_word' id='word_1_89' title='bbox 1283 2206 1321 2272; x_wconf 90' lang='lat' dir='ltr'><strong>et</strong></span> <span class='ocrx_word' id='word_1_90' title='bbox 1349 2198 1595 2275; x_wconf 76' lang='lat' dir='ltr'><strong>infelicitatem</strong></span> 
     </span>
     <span class='ocr_line' id='line_1_12' title="bbox 424 2319 1594 2414; baseline -0.003 -19"><span class='ocrx_word' id='word_1_91' title='bbox 424 2322 658 2395; x_wconf 87' lang='lat' dir='ltr'><strong>miserorum.</strong></span> <span class='ocrx_word' id='word_1_92' title='bbox 686 2320 788 2395; x_wconf 85' lang='lat' dir='ltr'><strong>Unde</strong></span> <span class='ocrx_word' id='word_1_93' title='bbox 813 2319 914 2395; x_wconf 91' lang='lat' dir='ltr'><strong>dicit:</strong></span> <span class='ocrx_word' id='word_1_94' title='bbox 937 2342 1004 2413; x_wconf 83' lang='lat' dir='ltr'><strong>per</strong></span> <span class='ocrx_word' id='word_1_95' title='bbox 1029 2328 1159 2413; x_wconf 71' lang='lat' dir='ltr'><strong>queem,</strong></span> <span class='ocrx_word' id='word_1_96' title='bbox 1182 2320 1284 2414; x_wconf 90' lang='lat' dir='ltr'><strong>idest,</strong></span> <span class='ocrx_word' id='word_1_97' title='bbox 1311 2320 1358 2393; x_wconf 92' lang='lat' dir='ltr'><strong>ob</strong></span> <span class='ocrx_word' id='word_1_98' title='bbox 1383 2320 1478 2394; x_wconf 86' lang='lat' dir='ltr'><strong>hauc</strong></span> <span class='ocrx_word' id='word_1_99' title='bbox 1502 2340 1594 2394; x_wconf 90' lang='lat' dir='ltr'><strong>cau·</strong></span> 
     </span>
     <span class='ocr_line' id='line_1_13' title="bbox 425 2439 1594 2534; baseline -0.002 -19"><span class='ocrx_word' id='word_1_100' title='bbox 425 2462 516 2534; x_wconf 87' lang='lat' dir='ltr'><strong>sam,</strong></span> <span class='ocrx_word' id='word_1_101' title='bbox 535 2442 650 2515; x_wconf 62' lang='lat' dir='ltr'><strong>visito</strong></span> <span class='ocrx_word' id='word_1_102' title='bbox 665 2442 687 2513; x_wconf 80' lang='lat' dir='ltr'><strong>t</strong></span> <span class='ocrx_word' id='word_1_103' title='bbox 700 2444 795 2513; x_wconf 72' lang='lat' dir='ltr'><strong>urcio</strong></span> <span class='ocrx_word' id='word_1_104' title='bbox 811 2442 864 2513; x_wconf 81' lang='lat' dir='ltr'><strong>de&#39;</strong></span> <span class='ocrx_word' id='word_1_105' title='bbox 877 2444 994 2533; x_wconf 78' lang='lat' dir='ltr'><strong>morti,</strong></span> <span class='ocrx_word' id='word_1_106' title='bbox 1015 2440 1116 2534; x_wconf 89' lang='lat' dir='ltr'><strong>idest,</strong></span> <span class='ocrx_word' id='word_1_107' title='bbox 1135 2439 1303 2515; x_wconf 87' lang='lat' dir='ltr'><strong>desoeudi</strong></span> <span class='ocrx_word' id='word_1_108' title='bbox 1324 2440 1370 2514; x_wconf 91' lang='lat' dir='ltr'><strong>ad</strong></span> <span class='ocrx_word' id='word_1_109' title='bbox 1396 2440 1594 2534; x_wconf 89' lang='lat' dir='ltr'><strong>iuleruum,</strong></span> 
     </span>
     <span class='ocr_line' id='line_1_14' title="bbox 422 2560 1594 2655; baseline 0.002 -22"><span class='ocrx_word' id='word_1_110' title='bbox 422 2582 441 2633; x_wconf 86' lang='lat' dir='ltr'><strong>e</strong></span> <span class='ocrx_word' id='word_1_111' title='bbox 466 2564 490 2633; x_wconf 83' lang='lat' dir='ltr'><strong>o·</strong></span> <span class='ocrx_word' id='word_1_112' title='bbox 512 2562 652 2653; x_wconf 73' lang='lat' dir='ltr'><strong>oricoli</strong></span> <span class='ocrx_word' id='word_1_113' title='bbox 676 2563 766 2653; x_wconf 84' lang='lat' dir='ltr'><strong>miei,</strong></span> <span class='ocrx_word' id='word_1_114' title='bbox 786 2564 1004 2653; x_wconf 69' lang='lat' dir='ltr'><strong>pianeendo,</strong></span> <span class='ocrx_word' id='word_1_115' title='bbox 1018 2564 1127 2655; x_wconf 79' lang='lat' dir='ltr'><strong>soron</strong></span> <span class='ocrx_word' id='word_1_116' title='bbox 1151 2563 1248 2651; x_wconf 80' lang='lat' dir='ltr'><strong>porti</strong></span> <span class='ocrx_word' id='word_1_117' title='bbox 1271 2581 1295 2632; x_wconf 92' lang='grc' dir='ltr'><em>ο</em></span> <span class='ocrx_word' id='word_1_118' title='bbox 1319 2562 1424 2652; x_wconf 85' lang='lat' dir='ltr'><strong>colui,</strong></span> <span class='ocrx_word' id='word_1_119' title='bbox 1449 2560 1594 2654; x_wconf 87' lang='lat' dir='ltr'><strong>scilieet,</strong></span> 
     </span>
     <span class='ocr_line' id='line_1_15' title="bbox 424 2676 1593 2775; baseline 0.001 -23"><span class='ocrx_word' id='word_1_120' title='bbox 424 2679 584 2775; x_wconf 84' lang='lat' dir='ltr'><strong>Virgilio,</strong></span> <span class='ocrx_word' id='word_1_121' title='bbox 601 2682 661 2753; x_wconf 84' lang='lat' dir='ltr'><strong>cde</strong></span> <span class='ocrx_word' id='word_1_122' title='bbox 685 2682 766 2753; x_wconf 79' lang='lat' dir='ltr'><strong>tito</strong></span> <span class='ocrx_word' id='word_1_123' title='bbox 792 2676 1110 2771; x_wconf 68' lang='lat' dir='ltr'><strong>condonatione,</strong></span> <span class='ocrx_word' id='word_1_124' title='bbox 1127 2680 1230 2774; x_wconf 90' lang='lat' dir='ltr'><strong>idest,</strong></span> <span class='ocrx_word' id='word_1_125' title='bbox 1252 2680 1316 2774; x_wconf 90' lang='lat' dir='ltr'><strong>qui</strong></span> <span class='ocrx_word' id='word_1_126' title='bbox 1343 2679 1491 2753; x_wconf 83' lang='lat' dir='ltr'><strong>reduxit</strong></span> <span class='ocrx_word' id='word_1_127' title='bbox 1506 2700 1593 2755; x_wconf 87' lang='lat' dir='ltr'><strong>eum</strong></span> 
     </span>
     <span class='ocr_line' id='line_1_16' title="bbox 424 2800 1594 2895; baseline -0.002 -20"><span class='ocrx_word' id='word_1_128' title='bbox 424 2800 470 2875; x_wconf 90' lang='lat' dir='ltr'><strong>ad</strong></span> <span class='ocrx_word' id='word_1_129' title='bbox 497 2820 567 2875; x_wconf 88' lang='lat' dir='ltr'><strong>me.</strong></span> <span class='ocrx_word' id='word_1_130' title='bbox 595 2800 672 2875; x_wconf 92' lang='lat' dir='ltr'><strong>Hoc</strong></span> <span class='ocrx_word' id='word_1_131' title='bbox 698 2805 814 2874; x_wconf 89' lang='lat' dir='ltr'><strong>toturn</strong></span> <span class='ocrx_word' id='word_1_132' title='bbox 835 2804 972 2873; x_wconf 87' lang='lat' dir='ltr'><strong>tactum</strong></span> <span class='ocrx_word' id='word_1_133' title='bbox 991 2804 1045 2873; x_wconf 79' lang='lat' dir='ltr'><strong>eet</strong></span> <span class='ocrx_word' id='word_1_134' title='bbox 1070 2800 1100 2872; x_wconf 97' lang='lat' dir='ltr'><strong>ll</strong></span> <span class='ocrx_word' id='word_1_135' title='bbox 1126 2800 1284 2895; x_wconf 87' lang='lat' dir='ltr'><strong>capitulo</strong></span> <span class='ocrx_word' id='word_1_136' title='bbox 1302 2800 1435 2873; x_wconf 84' lang='lat' dir='ltr'><strong>luterni</strong></span> <span class='ocrx_word' id='word_1_137' title='bbox 1453 2807 1492 2874; x_wconf 89' lang='lat' dir='ltr'><strong>et</strong></span> <span class='ocrx_word' id='word_1_138' title='bbox 1510 2800 1594 2874; x_wconf 88' lang='lat' dir='ltr'><strong>alibi</strong></span> 
     </span>
     <span class='ocr_line' id='line_1_17' title="bbox 425 2918 1596 3015; baseline 0.001 -22"><span class='ocrx_word' id='word_1_139' title='bbox 425 2940 532 3015; x_wconf 87' lang='lat' dir='ltr'><strong>saepe.</strong></span> <span class='ocrx_word' id='word_1_140' title='bbox 558 2921 603 2993; x_wconf 84' lang='lat' dir='ltr'><strong>Et</strong></span> <span class='ocrx_word' id='word_1_141' title='bbox 627 2920 810 2995; x_wconf 77' lang='lat' dir='ltr'><strong>concludit</strong></span> <span class='ocrx_word' id='word_1_142' title='bbox 837 2918 964 2992; x_wconf 89' lang='lat' dir='ltr'><strong>ultimo</strong></span> <span class='ocrx_word' id='word_1_143' title='bbox 985 2919 1130 2994; x_wconf 84' lang='lat' dir='ltr'><strong>Beatrir</strong></span> <span class='ocrx_word' id='word_1_144' title='bbox 1150 2919 1372 3014; x_wconf 89' lang='lat' dir='ltr'><strong>respondeus</strong></span> <span class='ocrx_word' id='word_1_145' title='bbox 1391 2919 1596 3015; x_wconf 79' lang='lat' dir='ltr'><strong>angelised</strong></span> 
     </span>
     <span class='ocr_line' id='line_1_18' title="bbox 426 3038 1596 3135; baseline 0 -24"><span class='ocrx_word' id='word_1_146' title='bbox 426 3039 514 3113; x_wconf 93' lang='lat' dir='ltr'><strong>illud</strong></span> <span class='ocrx_word' id='word_1_147' title='bbox 542 3039 640 3134; x_wconf 87' lang='lat' dir='ltr'><strong>quod</strong></span> <span class='ocrx_word' id='word_1_148' title='bbox 666 3039 835 3113; x_wconf 84' lang='lat' dir='ltr'><strong>dixerant</strong></span> <span class='ocrx_word' id='word_1_149' title='bbox 851 3059 984 3133; x_wconf 83' lang='lat' dir='ltr'><strong>supra:</strong></span> <span class='ocrx_word' id='word_1_150' title='bbox 1003 3058 1132 3133; x_wconf 90' lang='lat' dir='ltr'><strong>quare,</strong></span> <span class='ocrx_word' id='word_1_151' title='bbox 1154 3038 1314 3132; x_wconf 85' lang='lat' dir='ltr'><strong>domina,</strong></span> <span class='ocrx_word' id='word_1_152' title='bbox 1331 3038 1384 3113; x_wconf 88' lang='lat' dir='ltr'><strong>sic</strong></span> <span class='ocrx_word' id='word_1_153' title='bbox 1399 3039 1596 3135; x_wconf 85' lang='lat' dir='ltr'><strong>distempe-</strong></span> 
     </span>
    </p>
   </div>
   <div class='ocr_carea' id='block_1_6' title="bbox 305 3158 1598 3269">
    <p class='ocr_par' dir='ltr' id='par_1_6' title="bbox 305 3158 1598 3269">
     <span class='ocr_line' id='line_1_19' title="bbox 305 3158 1598 3269; baseline 0 -36"><span class='ocrx_word' id='word_1_154' title='bbox 305 3256 311 3269; x_wconf 82' lang='lat'><em>.</em></span> <span class='ocrx_word' id='word_1_155' title='bbox 429 3180 486 3233; x_wconf 84' lang='lat' dir='ltr'><strong>ras</strong></span> <span class='ocrx_word' id='word_1_156' title='bbox 512 3164 627 3233; x_wconf 83' lang='lat' dir='ltr'><strong>eurnt</strong></span> <span class='ocrx_word' id='word_1_157' title='bbox 652 3165 690 3235; x_wconf 89' lang='lat' dir='ltr'><strong>et</strong></span> <span class='ocrx_word' id='word_1_158' title='bbox 713 3158 799 3233; x_wconf 92' lang='lat' dir='ltr'><strong>dicit</strong></span> <span class='ocrx_word' id='word_1_159' title='bbox 823 3178 925 3254; x_wconf 85' lang='lat' dir='ltr'><strong>ergo,</strong></span> <span class='ocrx_word' id='word_1_160' title='bbox 951 3179 975 3232; x_wconf 92' lang='lat' dir='ltr'><strong>o</strong></span> <span class='ocrx_word' id='word_1_161' title='bbox 1000 3158 1212 3233; x_wconf 86' lang='lat' dir='ltr'><strong>substautiae</strong></span> <span class='ocrx_word' id='word_1_162' title='bbox 1237 3158 1317 3252; x_wconf 81' lang='lat' dir='ltr'><strong>piae,</strong></span> <span class='ocrx_word' id='word_1_163' title='bbox 1339 3160 1444 3233; x_wconf 85' lang='lat' dir='ltr'><strong>talto</strong></span> <span class='ocrx_word' id='word_1_164' title='bbox 1457 3162 1535 3253; x_wconf 76' lang='lat' dir='ltr'><strong>soto</strong></span> <span class='ocrx_word' id='word_1_165' title='bbox 1559 3162 1598 3233; x_wconf 81' lang='lat' dir='ltr'><strong>di</strong></span> 
     </span>
    </p>
   </div>
   <div class='ocr_carea' id='block_1_7' title="bbox 411 3278 1600 3857">
    <p class='ocr_par' dir='ltr' id='par_1_7' title="bbox 411 3278 1600 3857">
     <span class='ocr_line' id='line_1_20' title="bbox 426 3278 1596 3374; baseline 0 -21"><span class='ocrx_word' id='word_1_166' title='bbox 426 3284 509 3371; x_wconf 86' lang='lat' dir='ltr'><strong>Dio,</strong></span> <span class='ocrx_word' id='word_1_167' title='bbox 536 3280 638 3374; x_wconf 90' lang='lat' dir='ltr'><strong>idest,</strong></span> <span class='ocrx_word' id='word_1_168' title='bbox 664 3278 886 3373; x_wconf 81' lang='lat' dir='ltr'><strong>protundum</strong></span> <span class='ocrx_word' id='word_1_169' title='bbox 913 3278 1104 3353; x_wconf 89' lang='lat' dir='ltr'><strong>decretum</strong></span> <span class='ocrx_word' id='word_1_170' title='bbox 1130 3278 1189 3353; x_wconf 90' lang='lat' dir='ltr'><strong>vel</strong></span> <span class='ocrx_word' id='word_1_171' title='bbox 1209 3278 1391 3373; x_wconf 87' lang='lat' dir='ltr'><strong>judicium</strong></span> <span class='ocrx_word' id='word_1_172' title='bbox 1417 3279 1596 3374; x_wconf 89' lang='lat' dir='ltr'><strong>divinum,</strong></span> 
     </span>
     <span class='ocr_line' id='line_1_21' title="bbox 411 3397 1600 3494; baseline 0.001 -22"><span class='ocrx_word' id='word_1_173' title='bbox 411 3400 563 3473; x_wconf 82' lang='lat' dir='ltr'><strong>‘seredde</strong></span> <span class='ocrx_word' id='word_1_174' title='bbox 586 3406 692 3489; x_wconf 89' lang='lat' dir='ltr'><strong>rotto,</strong></span> <span class='ocrx_word' id='word_1_175' title='bbox 718 3397 820 3491; x_wconf 86' lang='lat' dir='ltr'><strong>idest,</strong></span> <span class='ocrx_word' id='word_1_176' title='bbox 852 3398 1026 3472; x_wconf 88' lang='lat' dir='ltr'><strong>violatum</strong></span> <span class='ocrx_word' id='word_1_177' title='bbox 1061 3398 1160 3492; x_wconf 92' lang='lat' dir='ltr'><strong>quod</strong></span> <span class='ocrx_word' id='word_1_178' title='bbox 1191 3418 1272 3473; x_wconf 89' lang='lat' dir='ltr'><strong>esse</strong></span> <span class='ocrx_word' id='word_1_179' title='bbox 1301 3419 1375 3473; x_wconf 93' lang='lat' dir='ltr'><strong>nou</strong></span> <span class='ocrx_word' id='word_1_180' title='bbox 1407 3406 1536 3494; x_wconf 85' lang='lat' dir='ltr'><strong>potest,</strong></span> <span class='ocrx_word' id='word_1_181' title='bbox 1561 3420 1600 3473; x_wconf 77' lang='lat' dir='ltr'><strong>ce</strong></span> 
     </span>
     <span class='ocr_line' id='line_1_22' title="bbox 426 3517 1597 3615; baseline 0.002 -22"><span class='ocrx_word' id='word_1_182' title='bbox 426 3524 503 3594; x_wconf 84' lang='lat' dir='ltr'><strong>Lete</strong></span> <span class='ocrx_word' id='word_1_183' title='bbox 527 3523 757 3612; x_wconf 63' lang='lat' dir='ltr'><strong>enarrasse,</strong></span> <span class='ocrx_word' id='word_1_184' title='bbox 778 3519 825 3593; x_wconf 87' lang='lat' dir='ltr'><strong>ab</strong></span> <span class='ocrx_word' id='word_1_185' title='bbox 851 3517 920 3593; x_wconf 90' lang='lat' dir='ltr'><strong>isto</strong></span> <span class='ocrx_word' id='word_1_186' title='bbox 945 3518 1073 3613; x_wconf 84' lang='lat' dir='ltr'><strong>Dante,</strong></span> <span class='ocrx_word' id='word_1_187' title='bbox 1099 3540 1118 3592; x_wconf 92' lang='lat' dir='ltr'><strong>e</strong></span> <span class='ocrx_word' id='word_1_188' title='bbox 1143 3522 1194 3591; x_wconf 83' lang='lat' dir='ltr'><strong>tol</strong></span> <span class='ocrx_word' id='word_1_189' title='bbox 1215 3522 1383 3612; x_wconf 77' lang='grc' dir='ltr'><em>οἰοοοοο,</em></span> <span class='ocrx_word' id='word_1_190' title='bbox 1400 3519 1503 3615; x_wconf 86' lang='lat' dir='ltr'><strong>idest,</strong></span> <span class='ocrx_word' id='word_1_191' title='bbox 1520 3528 1597 3596; x_wconf 84' lang='lat' dir='ltr'><strong>tam</strong></span> 
     </span>
     <span class='ocr_line' id='line_1_23' title="bbox 424 3639 1598 3736; baseline 0 -20"><span class='ocrx_word' id='word_1_192' title='bbox 424 3640 540 3717; x_wconf 89' lang='lat' dir='ltr'><strong>dulcis</strong></span> <span class='ocrx_word' id='word_1_193' title='bbox 562 3640 661 3735; x_wconf 87' lang='lat' dir='ltr'><strong>potio</strong></span> <span class='ocrx_word' id='word_1_194' title='bbox 682 3660 788 3734; x_wconf 86' lang='lat' dir='ltr'><strong>aquae</strong></span> <span class='ocrx_word' id='word_1_195' title='bbox 813 3639 982 3733; x_wconf 84' lang='lat' dir='ltr'><strong>Lethaeae,</strong></span> <span class='ocrx_word' id='word_1_196' title='bbox 997 3643 1092 3734; x_wconf 74' lang='lat' dir='ltr'><strong>fosse</strong></span> <span class='ocrx_word' id='word_1_197' title='bbox 1106 3646 1260 3731; x_wconf 69' lang='lat' dir='ltr'><strong>emtum,</strong></span> <span class='ocrx_word' id='word_1_198' title='bbox 1276 3640 1325 3713; x_wconf 90' lang='lat' dir='ltr'><strong>ab</strong></span> <span class='ocrx_word' id='word_1_199' title='bbox 1341 3660 1399 3736; x_wconf 86' lang='lat' dir='ltr'><strong>eo,</strong></span> <span class='ocrx_word' id='word_1_200' title='bbox 1414 3662 1525 3715; x_wconf 76' lang='lat' dir='ltr'><strong>senza</strong></span> <span class='ocrx_word' id='word_1_201' title='bbox 1543 3645 1598 3717; x_wconf 87' lang='lat' dir='ltr'><strong>ol·</strong></span> 
     </span>
     <span class='ocr_line' id='line_1_24' title="bbox 425 3758 1598 3857; baseline 0.003 -22"><span class='ocrx_word' id='word_1_202' title='bbox 425 3783 515 3835; x_wconf 82' lang='lat' dir='ltr'><strong>cuno</strong></span> <span class='ocrx_word' id='word_1_203' title='bbox 539 3767 646 3835; x_wconf 83' lang='lat' dir='ltr'><strong>scotto</strong></span> <span class='ocrx_word' id='word_1_204' title='bbox 671 3762 709 3833; x_wconf 83' lang='lat' dir='ltr'><strong>di</strong></span> <span class='ocrx_word' id='word_1_205' title='bbox 729 3763 949 3853; x_wconf 67' lang='lat' dir='ltr'><strong>commento,</strong></span> <span class='ocrx_word' id='word_1_206' title='bbox 967 3759 1070 3852; x_wconf 90' lang='lat' dir='ltr'><strong>idest,</strong></span> <span class='ocrx_word' id='word_1_207' title='bbox 1088 3758 1310 3854; x_wconf 83' lang='lat' dir='ltr'><strong>poeuitentiae</strong></span> <span class='ocrx_word' id='word_1_208' title='bbox 1330 3767 1368 3835; x_wconf 90' lang='lat' dir='ltr'><strong>et</strong></span> <span class='ocrx_word' id='word_1_209' title='bbox 1392 3782 1512 3857; x_wconf 84' lang='lat' dir='ltr'><strong>poenae</strong></span> <span class='ocrx_word' id='word_1_210' title='bbox 1532 3764 1598 3839; x_wconf 88' lang='lat' dir='ltr'><strong>de-</strong></span> 
     </span>
    </p>
   </div>
   <div class='ocr_carea' id='block_1_8' title="bbox 426 3875 1709 3976">
    <p class='ocr_par' dir='ltr' id='par_1_8' title="bbox 426 3875 1709 3976">
     <span class='ocr_line' id='line_1_25' title="bbox 426 3875 1709 3976; baseline 0.002 -21"><span class='ocrx_word' id='word_1_211' title='bbox 426 3881 521 3973; x_wconf 75' lang='lat' dir='ltr'><strong>bitae,</strong></span> <span class='ocrx_word' id='word_1_212' title='bbox 547 3884 606 3954; x_wconf 84' lang='lat' dir='ltr'><strong>cle</strong></span> <span class='ocrx_word' id='word_1_213' title='bbox 630 3883 779 3971; x_wconf 63' lang='lat' dir='ltr'><strong>tumme</strong></span> <span class='ocrx_word' id='word_1_214' title='bbox 806 3882 959 3973; x_wconf 75' lang='grc' dir='ltr'><em>οροοοο,</em></span> <span class='ocrx_word' id='word_1_215' title='bbox 984 3899 1030 3953; x_wconf 88' lang='lat' dir='ltr'><strong>ex</strong></span> <span class='ocrx_word' id='word_1_216' title='bbox 1053 3878 1272 3954; x_wconf 81' lang='lat' dir='ltr'><strong>contritione</strong></span> <span class='ocrx_word' id='word_1_217' title='bbox 1298 3880 1418 3954; x_wconf 88' lang='lat' dir='ltr'><strong>cordis</strong></span> <span class='ocrx_word' id='word_1_218' title='bbox 1433 3875 1482 3976; x_wconf 86' lang='lat'><strong>(¹),</strong></span> <span class='ocrx_word' id='word_1_219' title='bbox 1508 3904 1594 3958; x_wconf 90' lang='lat' dir='ltr'><strong>cum</strong></span> <span class='ocrx_word' id='word_1_220' title='bbox 1706 3954 1709 3957; x_wconf 78' lang='grc'><strong>.</strong></span> 
     </span>
    </p>
   </div>
   <div class='ocr_carea' id='block_1_9' title="bbox 425 3999 1597 4337">
    <p class='ocr_par' dir='ltr' id='par_1_9' title="bbox 425 3999 1597 4337">
     <span class='ocr_line' id='line_1_26' title="bbox 425 3999 1593 4079; baseline 0.002 -2"><span class='ocrx_word' id='word_1_221' title='bbox 425 4001 650 4077; x_wconf 80' lang='lat' dir='ltr'><strong>confessione</strong></span> <span class='ocrx_word' id='word_1_222' title='bbox 666 4000 750 4075; x_wconf 89' lang='lat' dir='ltr'><strong>oris.</strong></span> <span class='ocrx_word' id='word_1_223' title='bbox 765 4000 866 4075; x_wconf 88' lang='lat' dir='ltr'><strong>Unde</strong></span> <span class='ocrx_word' id='word_1_224' title='bbox 883 3999 1005 4075; x_wconf 86' lang='lat' dir='ltr'><strong>statim</strong></span> <span class='ocrx_word' id='word_1_225' title='bbox 1024 3999 1170 4075; x_wconf 84' lang='lat' dir='ltr'><strong>Beatrir</strong></span> <span class='ocrx_word' id='word_1_226' title='bbox 1188 4000 1369 4075; x_wconf 84' lang='lat' dir='ltr'><strong>convertit</strong></span> <span class='ocrx_word' id='word_1_227' title='bbox 1384 4022 1593 4079; x_wconf 88' lang='lat' dir='ltr'><strong>sermonem</strong></span> 
     </span>
     <span class='ocr_line' id='line_1_27' title="bbox 427 4111 1597 4217; baseline 0.005 -22"><span class='ocrx_word' id='word_1_228' title='bbox 427 4143 537 4196; x_wconf 89' lang='lat' dir='ltr'><strong>suurn</strong></span> <span class='ocrx_word' id='word_1_229' title='bbox 563 4121 611 4195; x_wconf 85' lang='lat' dir='ltr'><strong>ab</strong></span> <span class='ocrx_word' id='word_1_230' title='bbox 639 4120 778 4217; x_wconf 83' lang='lat' dir='ltr'><strong>augelis</strong></span> <span class='ocrx_word' id='word_1_231' title='bbox 807 4120 854 4195; x_wconf 90' lang='lat' dir='ltr'><strong>ad</strong></span> <span class='ocrx_word' id='word_1_232' title='bbox 884 4119 1002 4215; x_wconf 87' lang='lat' dir='ltr'><strong>ipsum</strong></span> <span class='ocrx_word' id='word_1_233' title='bbox 1034 4119 1202 4214; x_wconf 84' lang='lat' dir='ltr'><strong>Dantem,</strong></span> <span class='ocrx_word' id='word_1_234' title='bbox 1234 4120 1329 4193; x_wconf 87' lang='lat' dir='ltr'><strong>sicut</strong></span> <span class='ocrx_word' id='word_1_235' title='bbox 1341 4111 1379 4212; x_wconf 85' lang='lat'><strong>(²)</strong></span> <span class='ocrx_word' id='word_1_236' title='bbox 1409 4129 1509 4217; x_wconf 84' lang='lat' dir='ltr'><strong>patet</strong></span> <span class='ocrx_word' id='word_1_237' title='bbox 1538 4146 1597 4201; x_wconf 88' lang='lat' dir='ltr'><strong>se-</strong></span> 
     </span>
     <span class='ocr_line' id='line_1_28' title="bbox 428 4242 749 4337; baseline -0.012 -20"><span class='ocrx_word' id='word_1_238' title='bbox 428 4242 553 4336; x_wconf 83' lang='lat' dir='ltr'><strong>quenti</strong></span> <span class='ocrx_word' id='word_1_239' title='bbox 579 4242 749 4337; x_wconf 88' lang='lat' dir='ltr'><strong>capitulo.</strong></span> 
     </span>
    </p>
   </div>
   <div class='ocr_carea' id='block_1_10' title="bbox 490 4483 1128 4625">
    <p class='ocr_par' dir='ltr' id='par_1_10' title="bbox 490 4483 1128 4625">
     <span class='ocr_line' id='line_1_29' title="bbox 490 4483 974 4547; baseline -0.006 -10"><span class='ocrx_word' id='word_1_240' title='bbox 490 4484 519 4547; x_wconf 83' lang='lat'><strong>(¹)</strong></span> <span class='ocrx_word' id='word_1_241' title='bbox 535 4485 566 4535; x_wconf 79' lang='lat' dir='ltr'><strong>E.</strong></span> <span class='ocrx_word' id='word_1_242' title='bbox 583 4485 676 4543; x_wconf 79' lang='lat' dir='ltr'><strong>cordis.</strong></span> <span class='ocrx_word' id='word_1_243' title='bbox 694 4488 720 4535; x_wconf 83' lang='lat' dir='ltr'><strong>et</strong></span> <span class='ocrx_word' id='word_1_244' title='bbox 736 4484 896 4535; x_wconf 69' lang='lat' dir='ltr'><strong>mundone</strong></span> <span class='ocrx_word' id='word_1_245' title='bbox 912 4483 974 4535; x_wconf 73' lang='lat' dir='ltr'><strong>orte.</strong></span> 
     </span>
     <span class='ocr_line' id='line_1_30' title="bbox 490 4559 1128 4625; baseline -0.019 -12"><span class='ocrx_word' id='word_1_246' title='bbox 490 4561 518 4623; x_wconf 67' lang='grc' dir='ltr'><strong>(Ἰ</strong></span> <span class='ocrx_word' id='word_1_247' title='bbox 534 4560 565 4611; x_wconf 86' lang='grc' dir='ltr'><strong>Ε.</strong></span> <span class='ocrx_word' id='word_1_248' title='bbox 581 4562 648 4612; x_wconf 80' lang='lat' dir='ltr'><strong>rieul</strong></span> <span class='ocrx_word' id='word_1_249' title='bbox 663 4563 690 4611; x_wconf 86' lang='lat' dir='ltr'><strong>ln</strong></span> <span class='ocrx_word' id='word_1_250' title='bbox 707 4560 917 4625; x_wconf 76' lang='lat' dir='ltr'><strong>ouutu.requentl</strong></span> <span class='ocrx_word' id='word_1_251' title='bbox 933 4564 1003 4623; x_wconf 75' lang='lat' dir='ltr'><strong>patet</strong></span> <span class='ocrx_word' id='word_1_252' title='bbox 1020 4559 1128 4623; x_wconf 67' lang='lat' dir='ltr'><strong>plenius,</strong></span> 
     </span>
    </p>
   </div>
   <div class='ocr_carea' id='block_1_11' title="bbox 0 0 2300 6836">
    <p class='ocr_par' dir='ltr' id='par_1_11' title="bbox 0 0 2300 6836">
     <span class='ocr_line' id='line_1_31' title="bbox 0 0 2300 6836; baseline 0 0"><span class='ocrx_word' id='word_1_253' title='bbox 0 0 2300 6836; x_wconf 95' lang='lat' dir='ltr'><strong> </strong></span> 
     </span>
    </p>
   </div>
  </div>
 </body>
</html>
