4575 6842
719 963 790 1037 366
1111 979 1315 1038 cournruu
1338 980 1507 1036 nannmsr

718 1131 777 1198 tor
801 1122 969 1218 ostendit,
996 1123 1084 1219 qnid
1110 1121 1237 1200 iecerit
1261 1125 1308 1201 ad
1332 1123 1534 1200 tollendum
1567 1144 1736 1200 errorem
1769 1143 1893 1220 suum,

715 1245 803 1340 quia
829 1245 1032 1320 retroflexit
1056 1265 1096 1320 se
1120 1265 1142 1320 a
1168 1252 1275 1344 tergo
1301 1253 1433 1345 putans
1456 1243 1582 1322 videre
1598 1247 1781 1342 homines,
1799 1267 1897 1342 quo·

715 1385 802 1439 rum
829 1365 1009 1462 imagines
1034 1373 1254 1463 apparerent
1270 1359 1307 1460 (Ἰ
1333 1367 1371 1442 in
1396 1385 1553 1463 corpore
1577 1367 1693 1462 iunae3
1718 1366 1783 1443 sed
1808 1363 1896 1442 nihii

716 1487 842 1563 videns
869 1487 1028 1562 recurrit
1053 1488 1099 1563 ad
1124 1489 1330 1564 Beatricem
1356 1507 1424 1584 pro
1449 1508 1641 1562 succursu.
1670 1488 1771 1563 Unde
1790 1488 1893 1563 dicit:

716 1609 834 1682 Subito
859 1611 947 1682 torsi
975 1611 1026 1699 oli
1053 1611 1162 1700 occdi,
1188 1608 1290 1704 idest,
1315 1608 1513 1684 retroverti
1538 1607 1672 1702 visum,
1696 1629 1764 1702 per
1790 1612 1894 1684 vedu

719 1729 757 1803 di
780 1733 836 1803 cui
858 1733 986 1824 somer,
1011 1729 1158 1823 scilicet,
1183 1729 1253 1804 iiiae
1277 1729 1400 1825 iacies,
1427 1722 1457 1802 si
1481 1732 1617 1803 com’io
1642 1731 1839 1804 m’oocorsi
1854 1733 1894 1805 di

717 1851 789 1942 dor,
814 1848 917 1942 idest,
944 1869 1056 1943 quam
1083 1848 1156 1924 cito
1180 1832 1353 1946 perpendi
1380 1848 1426 1924 de
1444 1849 1511 1923 iliis
1531 1849 1684 1944 umbris,
1704 1851 1892 1942 edmundo,

717 1965 822 2064 idest,
853 1969 1070 2066 imaginans,
1097 1973 1217 2062 quelle,
1256 1970 1401 2066 scilicet,
1440 1967 1551 2045 iacies
1587 1991 1679 2065 esse,
1711 1973 1894 2064 specciioti

720 2091 911 2183 seotdiunti,
931 2091 1033 2186 idest,
1047 2089 1225 2188 imagines
1243 2112 1371 2167 rerum
1391 2094 1736 2186 repraesentaturum
1755 2091 1791 2165 iu
1807 2111 1893 2166 our-

718 2229 808 2306 pore
834 2211 930 2284 iunae
958 2217 1147 2306 tamquam
1173 2210 1210 2285 in
1235 2212 1433 2306 speculo,e
1456 2212 1529 2284 nidi
1552 2213 1663 2300 noca,
1683 2210 1785 2306 idest,
1803 2211 1893 2286 ndrii

719 2328 765 2404 de
790 2349 835 2404 eo
861 2329 961 2424 quod
985 2331 1195 2426 credebam,
1217 2353 1236 2404 e
1257 2333 1405 2404 ritorsiii
1424 2334 1559 2423 ovanti,
1576 2329 1680 2426 idest,
1698 2331 1831 2406 reduxi
1846 2331 1895 2406 ad

719 2455 855 2525 statum
882 2450 1044 2545 primum
1072 2471 1201 2526 versus
1232 2451 1449 2545 Beatricem,
1475 2453 1574 2524 dritti
1603 2453 1662 2524 nel
1689 2452 1779 2524 dume
1802 2453 1895 2525 dedo

719 2573 816 2645 dolce
839 2573 962 2664 paida,
981 2557 1091 2665 idest,
1111 2571 1322 2647 Beatricem·
1338 2571 1560 2645 luminosam
1579 2569 1734 2644 duioiter
1754 2569 1894 2646 ducen-

720 2698 795 2766 tem
824 2711 885 2765 me
909 2711 976 2787 per
1001 2693 1137 2766 coeium
1161 2691 1255 2767 sicut
1274 2691 1339 2786 sol,
1360 2698 1402 2764 ut
1419 2691 1557 2765 dictum
1576 2696 1631 2765 est
1655 2690 1693 2764 in
1719 2691 1893 2786 principio

719 2810 878 2905 capituli,
905 2813 964 2886 cde
989 2815 1115 2906 ordeo,
1136 2811 1271 2888 scilicet
1292 2832 1432 2906 amore,
1448 2815 1543 2904 nepti
1558 2815 1654 2886 occdi
1668 2819 1773 2903 sono,
1791 2811 1893 2907 idest,

719 2931 757 3004 iu
783 2938 906 3006 sancta
932 2931 1250 3028 contemplatione,
1276 2934 1502 3024 succidendo,
1528 2932 1675 3026 scilicet,
1695 2932 1742 3007 de
1765 2951 1894 3007 errore

720 3051 956 3147 simplicitatis
992 3073 1102 3146 meae3
1129 3052 1262 3127 direxit
1293 3058 1419 3128 autem
1452 3054 1578 3126 oculos
1607 3051 1644 3125 in
1676 3053 1893 3148 Beatricem,

720 3193 807 3247 cum
835 3194 969 3270 magna
995 3172 1249 3266 admiratione,
1267 3173 1371 3267 quasi
1397 3173 1520 3248 dicens
1542 3172 1669 3247 tacite:
1687 3174 1751 3246 air!
1769 3178 1893 3248 sancte

719 3291 829 3386 Deus,
855 3291 943 3386 quid
969 3298 1024 3368 est
1054 3293 1319 3367 huoi-Noc.
1352 3292 1417 3367 iiic
1447 3293 1583 3367 Dantes
1611 3288 1768 3366 ostendit
1799 3313 1893 3387 quo-

719 3409 829 3486 modo
847 3411 993 3487 Beatrix
1016 3413 1216 3488 removerit
1235 3431 1403 3488 errorem
1425 3434 1548 3508 suum,
1570 3418 1609 3488 et
1624 3413 1758 3490 direxit
1773 3414 1809 3487 iu
1829 3433 1893 3488 co-

719 3531 920 3628 gnitionem
946 3553 1046 3607 verae
1073 3531 1147 3627 rei,
1174 3531 1272 3607 unde
1296 3531 1401 3607 dicit:
1419 3540 1457 3607 et
1482 3533 1542 3607 iiia
1560 3532 1722 3628 Beatrix,
1740 3536 1788 3606 mi
1804 3535 1895 3607 ditm

719 3671 902 3746 oppresso,
928 3653 1029 3746 idest,
1055 3652 1242 3748 continuo,
1260 3673 1333 3726 non
1349 3656 1375 3727 ti
1391 3656 1622 3745 mmuvipttor
1636 3655 1794 3747 perct’io
1812 3675 1895 3728 sor·

719 3774 816 3864 nida,
843 3770 946 3865 idest,
973 3772 1158 3868 irrideam,
1183 3775 1212 3846 n
1235 3779 1292 3846 nco
1312 3777 1432 3866 pueri!
1452 3780 1543 3864 coto,
1568 3773 1671 3867 idest,
1698 3779 1800 3848 tuam
1829 3794 1895 3848 va-

720 3911 807 3965 nam
833 3892 1092 3990 cogitationem
1118 3892 1165 3967 ad
1190 3891 1344 3967 modum
1369 3893 1489 3989 pueri,
1505 3895 1566 3966 cde
1589 3913 1663 3967 non
1684 3896 1774 3986 fidu,
1792 3891 1894 3990 idest,

720 4033 804 4107 quae
822 4013 994 4109 cogitatio
1013 4032 1086 4086 uon
1104 4011 1260 4087 fidenter
1276 4013 1387 4108 ponit,
1405 4015 1434 4086 ii
1444 4015 1513 4107 pe’,
1531 4012 1633 4107 idest,
1650 4013 1894 4108 affectionem,

720 4153 831 4227 sopra
846 4135 873 4206 ’i
895 4154 991 4228 vcro,
1025 4132 1126 4228 idest,
1155 4153 1234 4208 rem
1265 4153 1407 4228 veram,
1433 4155 1492 4207 mu
1524 4141 1555 4208 te
1583 4137 1722 4221 modici,
1749 4134 1893 4229 scilicet,

718 4261 833 4348 retro,
861 4275 885 4326 a
910 4250 1003 4344 odio,
1020 4252 1122 4348 idest,
1141 4253 1288 4348 frustra,
1314 4254 1351 4328 iu
1377 4273 1528 4350 vanum,
1541 4276 1639 4329 come
1660 4258 1764 4347 snoli,
1789 4255 1894 4350 idest,

722 4374 815 4448 sicut
842 4375 936 4448 soles
961 4372 1049 4448 alias
1076 4377 1112 4449 te
1138 4379 1285 4448 vertere
1310 4371 1347 4448 in
1372 4380 1484 4449 terra.
1508 4376 1552 4450 Et
1576 4395 1664 4451 ecoe
1683 4375 1893 4451 veritatem:

721 4485 775 4567 oid
800 4495 859 4566 cde
884 4501 919 4566 tu
945 4493 1023 4566 cedi
1045 4514 1111 4570 son
1137 4515 1218 4566 uere
1242 4498 1429 4587 sustonzic,
1454 4493 1557 4590 idest,
1575 4496 1708 4570 animae
1734 4495 1896 4571 rationa-

720 4611 784 4708 ieu,
807 4633 885 4688 uon
910 4611 1048 4707 idolum
1075 4613 1244 4708 Narcissi,
1262 4618 1323 4706 qui
1339 4619 1503 4709 reteque,
1525 4617 1626 4712 idest,
1647 4616 1839 4692 mutuatu
1858 4618 1896 4692 in

722 4731 790 4808 ista
816 4733 939 4808 infima
963 4741 1071 4830 parte
1096 4733 1205 4828 lunae‚
1221 4755 1287 4827 per
1312 4756 1438 4810 manco
1455 4738 1494 4810 di
1513 4744 1604 4830 voto,
1625 4736 1728 4830 idest,
1746 4743 1896 4834 propter

721 4847 906 4927 deiectum
932 4854 1019 4948 voti,
1037 4853 1135 4950 quod
1154 4855 1315 4951 periecte
1330 4878 1407 4932 nou
1422 4857 1717 4955 adimpleverunt
1727 4849 1776 4954 θ),
1802 4859 1897 4934 siout

785 5113 812 5179 (¹)
830 5120 853 5177 42
871 5121 1002 5180 iiim·
1189 5115 1217 5181 (¹)
1234 5122 1257 5178 i·
1271 5115 1458 5183 'mim
