4575 6842
717 938 789 1005 218
1076 948 1279 1005 musarum
1304 948 1525 1005 nununronn

716 1104 794 1171 tum
821 1104 876 1172 est
901 1094 947 1169 ad
973 1094 1087 1169 verba
1112 1095 1344 1193 angelorum,
1363 1094 1579 1169 admodum
1598 1095 1750 1188 quonir
1770 1096 1807 1169 in
1823 1118 1886 1173 ar·

716 1215 866 1290 boribus
879 1216 998 1311 primo
1011 1216 1227 1313 congelatur
1239 1214 1285 1291 ad
1304 1222 1432 1290 ventos
1450 1214 1609 1310 lrigidos,
1621 1214 1752 1291 deinde
1768 1217 1887 1311 liqua-

715 1340 778 1409 tur
802 1334 848 1411 ad
875 1341 1002 1411 ventos
1028 1334 1173 1409 calidos.
1198 1336 1305 1411 Nunc
1328 1334 1455 1409 ordina
1481 1334 1625 1407 literam
1652 1341 1691 1409 et
1714 1344 1888 1413 construe

715 1455 785 1530 sic:
812 1460 854 1529 lo
875 1459 925 1550 su
937 1446 999 1547 pid
1024 1447 1095 1529 cori
1119 1476 1229 1529 senza
1254 1458 1404 1547 laudm
1427 1477 1447 1529 e
1470 1457 1611 1547 sospiti,
1635 1455 1782 1550 scilicet,
1800 1477 1885 1531 cum

685 1604 687 1608 ’
715 1575 827 1651 corde
847 1575 1017 1651 indurato
1034 1581 1071 1649 et
1088 1574 1284 1671 impetrato
1301 1576 1415 1649 nimio
1431 1575 1558 1650 dolore
1575 1582 1613 1649 et
1629 1576 1781 1674 pudore,
1802 1581 1889 1651 nezi

715 1700 743 1771 o
766 1704 893 1771 cunmr
918 1700 955 1771 di
979 1700 1069 1789 quei,
1095 1696 1241 1790 scilicet,
1267 1697 1499 1792 augelorum,
1520 1698 1580 1769 cte
1602 1706 1710 1771 notan
1735 1718 1886 1792 compre,

714 1818 820 1914 idest,
833 1824 979 1910 canunt,
997 1820 1108 1891 dictro
1126 1820 1195 1890 aue
1210 1824 1289 1889 note
1305 1820 1397 1909 clepit
1412 1821 1521 1892 eterni
1535 1820 1619 1909 ortt,
1638 1818 1739 1913 idest,
1752 1839 1886 1895 secun·

716 1937 805 2012 dum
823 1936 1053 2012 harmoniam
1072 1942 1109 2011 et
1126 1936 1398 2030 proportionem
1412 1931 1450 2029 (¹)
1469 1938 1669 2031 coelorum3
1685 1960 1745 2011 ma
1765 1942 1799 2012 lo
1817 1942 1887 2031 piei

714 2059 775 2132 cte
800 2060 918 2129 m'era
941 2059 1083 2130 intorno
1103 2059 1142 2129 al
1160 2076 1247 2129 cuer
1271 2060 1437 2149 nstretto,
1455 2057 1558 2150 idest,
1576 2057 1696 2153 gelata
1720 2060 1884 2135 conlusio

715 2198 799 2270 quae
825 2176 1084 2274 inglaciaverat
1108 2196 1174 2249 cor
1195 2196 1335 2269 meum,
1349 2178 1436 2271 sessi
1449 2180 1573 2269 spirito
1589 2185 1623 2250 et
1637 2197 1764 2270 acqua,
1781 2178 1884 2273 idest,

713 2296 867 2392 suspiria
893 2301 931 2371 et
947 2296 1131 2392 lacrymae,
1149 2316 1168 2368 e
1184 2289 1256 2369 urci
1272 2298 1329 2369 dei
1338 2304 1444 2391 petto,
1462 2296 1565 2391 idest,
1582 2296 1630 2371 de
1650 2298 1762 2373 corde
1785 2297 1884 2391 quod

714 2422 769 2493 est
793 2418 830 2490 in
856 2423 1016 2512 pectore,
1032 2438 1108 2490 oon.
1119 2420 1288 2507 orporea
1303 2438 1372 2509 per
1391 2420 1428 2491 to
1445 2418 1551 2492 ὁοοσα
1574 2439 1593 2491 c
1614 2440 1682 2511 per
1700 2421 1751 2511 pli
1774 2420 1882 2512 occdi,

713 2558 800 2613 cnm
825 2538 994 2633 angustia
1018 2536 1103 2631 oris,
1129 2536 1217 2631 quia
1246 2536 1367 2611 emisit
1394 2537 1561 2631 suspiria,
1587 2545 1737 2613 etcum
1763 2560 1883 2635 aragu-

714 2657 782 2733 stia
806 2658 1013 2751 oculorum,
1031 2656 1116 2751 quia
1144 2656 1265 2730 emisit
1291 2657 1490 2753 lacrymas3
1508 2661 1571 2751 poi
1585 2660 1682 2731 cb’io
1705 2660 1805 2731 inest
1828 2660 1885 2731 lor

714 2780 885 2870 computir
908 2798 933 2849 u
958 2798 1025 2867 rue,
1051 2775 1153 2869 idest,
1179 2782 1373 2871 postquam
1403 2777 1562 2852 intellexi
1593 2778 1881 2873 compassionem

713 2898 876 2993 ipsorum
903 2898 1119 2993 angelorum
1147 2916 1237 2993 erga
1268 2916 1340 2990 me,
1369 2900 1457 2970 nette
1486 2900 1578 2971 dolci
1607 2905 1750 2992 tcmpre,
1779 2899 1882 2992 idest,

713 3018 750 3091 in
766 3017 933 3092 dulcibus
950 3021 986 3091 et
1004 3016 1215 3111 temperatis
1235 3016 1403 3091 cantibus
1419 3036 1563 3111 eorum,
1584 3021 1702 3112 percl’
1715 3021 1795 3109 esst,
1812 3017 1883 3093 sci·

713 3136 807 3231 licet,
833 3136 964 3232 angeli,
990 3156 1131 3209 uuesser
1155 3130 1260 3226 datm,
1286 3136 1441 3211 Beatrici
1455 3129 1512 3229 (ἦε
1539 3143 1684 3228 Doara,
1704 3130 1883 3230 percbdsi

712 3260 746 3331 lo
770 3262 945 3348 stcmpre?
971 3252 1071 3349 idest,
1092 3254 1332 3348 distemperas
1349 3255 1467 3350 ipsum
1486 3258 1640 3332 Dantem
1666 3266 1705 3332 et
1729 3278 1883 3357 exaspe-

712 3397 772 3451 ras
797 3382 872 3450 tam
898 3375 1017 3451 duret
1043 3376 1153 3450 modo
1179 3375 1255 3450 redi
1282 3396 1413 3471 supra:
1443 3370 1473 3451 si
1497 3399 1594 3450 coare
1624 3399 1709 3451 neue
1737 3380 1769 3451 si
1796 3398 1882 3451 con-

709 3501 803 3591 peta,
831 3496 933 3591 idest,
959 3496 1150 3593 glaciatur,
1168 3503 1227 3568 tra
1246 3499 1278 3569 le
1298 3499 1372 3569 cive
1389 3499 1495 3588 buri,
1513 3496 1615 3592 idest,
1635 3497 1800 3590 arbores,
1813 3518 1882 3589 per

710 3620 744 3691 lo
769 3619 874 3690 dorso
898 3619 933 3689 d’
945 3617 1064 3706 ltalia,
1091 3616 1193 3703 idest,
1212 3635 1277 3710 per
1297 3615 1432 3712 jugum
1455 3616 1588 3690 montis
1607 3616 1797 3711 Apennini,
1814 3616 1879 3711 qui

709 3736 834 3811 dividit
858 3741 971 3811 totam
998 3736 1136 3810 ltaliam
1164 3757 1231 3830 per
1255 3736 1418 3810 medium
1445 3737 1493 3811 ab
1522 3736 1665 3831 alpibus
1691 3735 1882 3832 usquead

710 3859 867 3953 pharum
886 3857 1029 3951 Siciliae3
1049 3856 1122 3951 nix,
1139 3855 1232 3951 dioo,
1246 3860 1396 3948 soffintu,
1413 3856 1516 3950 idest,
1533 3857 1730 3952 perllata,c
1746 3864 1879 3952 suedo,

710 3978 812 4073 idest,
838 3979 1040 4075 congelata,
1066 3979 1153 4050 dulit
1177 3979 1269 4050 venti
1291 3979 1436 4065 semovi,
1453 3976 1556 4071 idest,
1575 3977 1794 4072 borealibus,
1816 3977 1880 4071 qui

711 4099 862 4175 veniunt
886 4119 909 4173 a
934 4097 1195 4193 septemtrione
1220 4102 1257 4173 et
1282 4102 1474 4171 transeunt
1488 4117 1556 4193 per
1572 4096 1800 4172 Sclaveniam
1820 4118 1880 4171 re-

709 4219 869 4315 gionem,
896 4217 957 4293 ubi
983 4223 1070 4291 sunt
1096 4237 1185 4291 vere
1215 4216 1331 4313 rigidi,
1357 4215 1453 4291 sicut
1482 4216 1725 4311 experiuntur
1755 4216 1880 4292 miseri

710 4338 894 4432 naucleri,
917 4341 979 4431 poi
1003 4340 1194 4431 liquesutta,
1221 4336 1323 4430 idest,
1351 4336 1511 4411 resoluta
1527 4326 1577 4428 θ),
1603 4340 1753 4428 crapola,
1777 4335 1880 4429 idest,

709 4458 866 4551 distillat,
883 4478 904 4531 a
926 4456 1044 4551 simili,
1061 4450 1091 4529 si
1106 4458 1168 4529 obe
1187 4460 1294 4549 [uoco
1307 4478 1380 4548 por
1393 4458 1524 4551 [order
1540 4458 1577 4528 la
1593 4458 1755 4547 condeta,
1776 4455 1879 4549 quasi

709 4578 814 4671 dicat,
841 4576 935 4651 sicut
960 4596 1045 4651 cera
1069 4575 1239 4670 liquescit
1263 4576 1309 4650 ad
1336 4575 1472 4672 ignem,
1490 4575 1539 4649 ita
1567 4576 1630 4649 nir
1656 4575 1701 4650 ad
1728 4581 1879 4651 ventum

708 4696 919 4772 australem.
947 4696 1049 4773 Unde
1074 4696 1177 4770 dicit:
1199 4716 1271 4789 pur
1287 4697 1347 4769 cte
1363 4698 1400 4769 tc
1417 4702 1528 4787 terra,
1545 4696 1693 4789 scilicet,
1710 4694 1880 4770 australis

709 4816 867 4891 existens
892 4817 962 4890 sub
979 4816 1233 4911 aequinoctiali,
1251 4818 1311 4889 obe
1325 4818 1439 4908 perde
1458 4816 1596 4909 umbra,
1615 4816 1715 4910 qnia,
1732 4816 1878 4911 scilicet,

772 5078 799 5143 (¹)
815 5079 846 5129 E.
863 5080 1050 5143 proportiones.
1144 5078 1174 5142 (¹)
1188 5078 1221 5129 B.
1236 5078 1335 5131 scilicet
1349 5078 1469 5131 liuttici
1563 5079 1591 5141 (Ἴ
1606 5080 1637 5132 Ε.
1655 5079 1787 5131 ᾱΙιιοΙιιω.
