4575 6842
852 966 990 1022 murus
1014 969 1159 1023 suiuus.
1523 958 1592 1025 127

419 1112 479 1207 eit,
492 1112 635 1187 diceus:
650 1112 752 1186 velut
766 1131 919 1187 romana
933 1114 1066 1188 mulier
1081 1114 1196 1187 laudis
1213 1115 1319 1190 avida
1338 1116 1454 1191 voluit
1471 1124 1594 1193 osten·

418 1234 509 1308 dere
532 1232 742 1306 bominibus
765 1251 914 1325 poeuam
940 1233 977 1305 in
1003 1240 1148 1328 testem,
1174 1235 1308 1327 quibus
1334 1238 1595 1323 conscientiam

419 1353 614 1429 ostendere
639 1372 711 1426 non
738 1357 891 1445 poterat.
918 1351 990 1427 Sed
1014 1360 1118 1428 certe
1149 1354 1276 1427 nobilis
1306 1356 1361 1431 ira
1387 1363 1424 1433 et
1439 1351 1476 1450 θ)
1503 1358 1594 1433 indi·

420 1475 545 1572 gnatio
568 1472 680 1548 animi
707 1471 774 1544 iuit
800 1471 836 1544 in
863 1472 929 1545 ista
956 1474 1067 1548 nobili
1085 1496 1250 1549 romana.
1273 1477 1317 1550 Et
1333 1477 1436 1552 dicit:
1457 1482 1496 1551 in
1515 1486 1596 1555 celte

419 1597 508 1686 νομί
533 1595 578 1667 Et
603 1592 662 1666 bic
684 1599 769 1667 nota
787 1592 886 1686 quod
902 1600 1013 1669 autor
1029 1595 1124 1670 mira
1141 1596 1322 1671 brevitate
1339 1600 1595 1694 complectitur

420 1714 619 1813 primordia
644 1715 773 1789 Romae
796 1721 835 1789 et
860 1720 1027 1811 tempora
1054 1738 1199 1813 regum,
1218 1718 1288 1791 sub
1315 1717 1449 1812 quibus
1475 1720 1596 1813 primo

420 1836 626 1933 gubernata
651 1844 724 1929 est3
754 1836 911 1928 populus
942 1835 1042 1911 euim
1076 1856 1253 1911 romanus
1285 1858 1372 1911 cum
1398 1847 1540 1916 secreta
1558 1834 1595 1933 (l)

421 1957 647 2053 pmvidentia
664 1957 817 2032 deberet
834 1957 929 2031 effici
951 1956 1118 2053 gentium
1139 1956 1323 2052 dominus,
1343 1960 1390 2033 ab
1411 1960 1512 2034 initio
1530 1960 1596 2035 ba-

421 2078 501 2151 buit
525 2098 632 2173 reges
656 2078 704 2152 ad
729 2077 950 2151 fundandam
978 2083 1116 2151 tanum
1143 2079 1288 2152 urbem.
1315 2080 1406 2153 Nam
1434 2082 1594 2157 Romulo

422 2198 508 2271 nibil
533 2199 721 2273 ardentius
745 2200 815 2272 sub
841 2220 917 2293 quo
943 2199 1079 2293 populo
1104 2197 1221 2272 induit
1245 2199 1450 2274 audaciam.
1471 2203 1592 2277 Numa

421 2320 535 2394 sacris
553 2321 713 2395 intentus
734 2321 813 2413 luit,
827 2321 896 2393 sub
915 2341 990 2414 quo
1007 2319 1164 2414 populus
1183 2319 1299 2393 iactus
1319 2325 1374 2393 est
1392 2322 1595 2416 religiosus,

422 2440 587 2537 mitigato
613 2440 740 2516 lurore
765 2441 958 2515 bellorum.
981 2442 1108 2515 Tullus
1128 2440 1299 2514 Hostilius
1325 2441 1377 2515 rei
1394 2432 1431 2533 (³)
1459 2443 1596 2518 bellica

422 2561 597 2657 magister
622 2569 660 2636 et
685 2562 885 2655 ordinator,
910 2563 980 2635 sub
1006 2582 1081 2656 quo
1106 2564 1264 2657 populus
1290 2562 1512 2658 disciplinam
1542 2566 1593 2641 rei

423 2682 589 2755 militaris
614 2682 745 2776 didicit,
772 2684 870 2757 acuit
895 2704 986 2779 ergo
1012 2684 1187 2757 virtutem
1216 2682 1433 2757 tortitudinis
1465 2693 1593 2761 contra

421 2803 583 2899 pericula
610 2805 737 2878 mortis
759 2825 825 2899 pro
852 2803 1049 2898 republica.
1076 2805 1198 2878 Ancus
1224 2804 1354 2878 urbem
1374 2804 1486 2877 cinxit
1508 2826 1592 2877 mu·
1655 2804 1658 2811 '

423 2924 483 3018 ris,
502 2925 587 3018 quia
605 2926 761 3021 populus
788 2933 890 2998 tutus
915 2944 996 2999 esse
1021 2944 1094 2998 non
1111 2930 1256 3019 poterat
1273 2932 1401 2998 contra
1428 2931 1481 2998 tot
1506 2924 1596 3000 vici-

421 3066 488 3120 uos
521 3046 685 3141 potentes
716 3045 881 3117 inimicos
910 3044 1068 3119 infestos.
1095 3044 1315 3137 Tarquinius
1347 3045 1491 3119 Priscus
1525 3066 1591 3141 per

419 3171 606 3261 assumpta
639 3172 676 3241 et
706 3166 872 3240 ordinata
906 3170 1123 3238 ornamenta
1156 3184 1326 3260 magnam
1361 3166 1495 3261 populo
1528 3167 1594 3240 tri-

319 3321 322 3327 ·
420 3287 499 3361 buit
513 3274 551 3379 (⁴)
567 3286 791 3383 dignitatem.
813 3286 963 3360 Servius
979 3306 1132 3359 censum
1156 3286 1306 3380 invenit,
1324 3294 1366 3361 ut
1388 3288 1592 3382 respublica

419 3413 658 3505 cognosceret
675 3428 762 3480 suas
775 3406 884 3500 vires,
905 3413 943 3480 et
959 3406 1110 3500 provide
1128 3406 1309 3481 ordinavit
1326 3415 1369 3481 ut
1389 3409 1531 3483 romani
1550 3408 1596 3482 de

420 3530 564 3625 publico
590 3529 798 3601 militarent.
826 3526 961 3600 Ultimo
985 3527 1206 3619 Tarquinius
1224 3530 1406 3623 superbus
1423 3548 1490 3603 sua
1509 3548 1595 3603 cru·

419 3652 491 3727 deli
517 3651 709 3747 tyrannide
734 3649 819 3723 iecit
845 3655 885 3721 ut
910 3647 1069 3742 populus
1093 3648 1300 3743 exagitatus
1325 3648 1466 3722 iniuriis
1493 3670 1596 3722 surn-

420 3793 523 3844 mum
551 3772 690 3844 bonum
716 3766 892 3843 libertatis
918 3766 1138 3860 acquireret.
1166 3767 1211 3841 Et
1241 3775 1283 3841 ut
1312 3769 1462 3843 brevius
1493 3768 1596 3843 colli-

419 3913 525 3987 gam:
541 3890 886 3985 romanuspopulus
903 3888 973 3960 sub
993 3886 1152 3961 Romulo
1172 3887 1288 3961 iactus
1309 3894 1363 3963 est
1381 3890 1593 3982 bellicosus3

420 4012 490 4088 sub
502 4014 621 4087 Numa
636 4012 847 4107 religiosus3
862 4010 931 4083 sub
947 4008 1052 4081 Tullo
1069 4014 1255 4101 armatus3
1270 4010 1339 4082 sub
1356 4008 1457 4083 Anco
1474 4016 1595 4102 tutus3

419 4136 490 4209 sub
506 4135 630 4208 Prisco
655 4139 826 4224 ornatus3
848 4131 918 4205 sub
934 4130 1061 4205 Servio
1083 4129 1314 4224 praemiatus3
1333 4131 1402 4203 sub
1425 4128 1593 4224 Superbo

420 4255 617 4347 liberatus3
651 4259 687 4328 et
723 4257 974 4349 regnaverunt
1012 4270 1120 4347 reges
1152 4250 1318 4325 ducentis
1353 4250 1594 4347 quadraginta

421 4374 537 4448 tribus
565 4374 679 4447 annis.
711 4374 754 4446 et
784 4374 893 4446 dicit:
924 4374 1091 4445 oiueeudo
1115 4374 1259 4444 intorno
1288 4374 1319 4445 le
1347 4376 1440 4463 penti
1470 4376 1591 4467 mune,

420 4493 514 4567 sicut
538 4495 691 4588 populos
717 4493 847 4565 latinos
873 4492 936 4585 qui
962 4491 1113 4565 luerunt
1137 4491 1254 4565 multi.
1273 4490 1376 4565 Unde
1392 4492 1510 4566 Roma
1528 4492 1595 4565 luit

421 4612 457 4686 in
474 4613 593 4705 bati03
615 4619 652 4686 et
680 4613 727 4685 ita
748 4612 976 4703 Veientanus,
994 4630 1156 4703 quorum
1180 4612 1307 4685 civitas
1329 4612 1396 4684 luit
1416 4612 1595 4687 iloreutis·

419 4733 512 4809 sima
537 4734 574 4805 in
599 4732 756 4807 coniiuio
777 4730 927 4823 Tusciae,
949 4731 1060 4825 longe
1079 4732 1126 4804 ab
1147 4732 1239 4805 urbe
1264 4752 1330 4828 per
1355 4732 1483 4806 decem
1510 4738 1594 4806 octo

420 4853 600 4947 milliaria,
626 4874 737 4946 quarn
766 4858 891 4947 postea
917 4850 1092 4924 Camillus
1123 4851 1219 4943 cepit
1245 4858 1325 4945 post
1354 4850 1590 4925 decennalem

421 4993 511 5102 'tlt
529 5042 558 5090 E.
574 5046 599 5090 ol
616 4990 926 5103 nobilis-iridiqnalio—
1045 5038 1072 5099 ζ’)
1089 5038 1119 5087 Ε.
1136 5045 1236 5089 sacrata
1253 5038 1301 5089 Dei
1318 5038 1485 5102 providentia.

483 5117 511 5180 l'l
527 5122 550 5179 b
565 5118 604 5167 rei
618 5115 735 5180 publica.
1048 5114 1075 5175 cl
1091 5118 1114 5175 l,
1130 5116 1250 5166 obtinuit
