4575 6842
754 953 892 1047 murus
916 993 1108 1048 vlensultls
1133 993 1316 1048 seramus,
1551 983 1620 1050 14⁸1

443 1139 565 1211 cendio
588 1159 698 1211 seiza
722 1144 847 1227 nudo,
863 1135 966 1230 idest,
984 1129 1220 1228 mensurati
1240 1137 1282 1211 Et
1301 1137 1396 1212 bene
1417 1138 1520 1235 lingit
1537 1139 1619 1236 hoc,

444 1257 532 1352 quia
556 1263 632 1331 tam
651 1258 754 1333 fortis
769 1257 863 1354 ignis
880 1257 1040 1353 exigitur
1056 1258 1104 1332 ad
1121 1258 1380 1354 purgationem
1409 1265 1520 1334 untae
1538 1266 1620 1336 tur·

445 1377 625 1473 pitudinis.
652 1377 722 1452 Sed
748 1383 875 1452 contra
901 1382 1045 1452 tantum
1072 1377 1284 1453 incendium
1305 1378 1481 1455 continuo
1498 1380 1621 1455 subdit

446 1497 653 1573 remedium
681 1496 829 1593 Virgilii,
855 1495 1002 1572 diceus:
1029 1499 1064 1570 to
1095 1500 1195 1571 dolce
1218 1499 1335 1590 padre
1360 1501 1443 1591 mio,
1469 1520 1621 1596 compa·

447 1617 540 1694 tiens
568 1617 681 1692 calori
713 1637 798 1692 meo
829 1618 1003 1712 humano,
1033 1639 1104 1711 pur
1136 1621 1175 1692 di
1206 1622 1365 1692 Beoeicc
1393 1624 1621 1713 rapionando

447 1741 592 1812 caduca
613 1760 681 1831 per
705 1741 949 1832 confortarent,
966 1737 1068 1832 idesg
1088 1744 1129 1812 ut
1147 1759 1267 1814 essem
1292 1738 1394 1814 sortis
1419 1748 1456 1815 et
1480 1742 1621 1836 patiens

449 1857 611 1933 maxime
636 1879 722 1932 cum
748 1879 907 1955 magnus
931 1858 1036 1933 dolor
1060 1879 1135 1933 non
1164 1859 1276 1955 possit
1301 1880 1381 1935 esse
1408 1861 1514 1936 nimis
1541 1863 1622 1937 lon-

446 1999 529 2076 gns,
553 1982 722 2053 macodo:
746 1969 809 2071 pid
831 1981 937 2052 aeder
956 1982 1080 2072 parmi
1102 1983 1154 2072 pli
1177 1982 1274 2054 eccli
1297 1983 1387 2072 suoi,
1415 1981 1452 2054 iu
1485 1983 1632 2076 quibus

446 2098 692 2195 principaliter
710 2099 871 2174 consistit
887 2098 1094 2193 pulcritudo
1116 2099 1219 2172 istius
1239 2099 1408 2174 dominae.
1423 2141 1473 2154 -
1489 2105 1621 2177 Gnidu-

447 2221 534 2292 vari.
561 2218 626 2294 llic
651 2225 758 2316 poeta
784 2219 830 2293 ad
859 2218 960 2292 aliud
990 2219 1225 2316 refrigerium
1256 2220 1346 2294 tanti
1376 2220 1530 2296 incendii
1556 2222 1621 2298 de-

446 2337 570 2414 scribit
589 2361 724 2416 uncem
750 2338 902 2414 alterius
926 2338 1047 2435 angeli
1065 2339 1230 2413 vocantis
1256 2346 1293 2414 el
1319 2339 1525 2436 recipientis
1543 2363 1619 2436 eos,

449 2460 532 2534 laete
564 2459 705 2535 dicens:
735 2461 928 2533 Gnidum
955 2479 1029 2532 uua
1057 2479 1152 2551 uoce,
1181 2458 1327 2555 scilicet,
1353 2460 1529 2556 angelica,
1561 2464 1622 2536 cle

449 2587 601 2655 coeman
625 2583 664 2653 di
687 2569 737 2671 td,
755 2579 850 2653 ultra
868 2578 1004 2674 ignem,
1022 2577 1116 2652 sicut
1133 2579 1353 2673 promiserat
1373 2581 1527 2676 angelus
1545 2581 1621 2678 pri-

451 2723 535 2775 mus
560 2722 692 2796 supra3
719 2721 738 2772 e
761 2703 835 2790 noi,
860 2703 979 2774 euecti
1005 2721 1077 2793 pur
1106 2721 1131 2772 a
1159 2703 1216 2792 lei,
1245 2699 1392 2795 scilicet,
1419 2702 1623 2797 uncique

449 2821 642 2896 ridebatur
667 2840 741 2894 non
766 2819 889 2894 minus
908 2819 1030 2894 divina
1047 2839 1161 2914 quam
1179 2819 1309 2916 prima,
1328 2824 1499 2895 vcrdmmo
1520 2827 1621 2918 soor,

448 2946 554 3016 entra
585 2941 787 3034 dammum,
812 2931 850 3013 id
879 2961 943 3012 oue
973 2943 1006 3014 si
1037 2948 1217 3031 montana,
1247 2939 1392 3036 scilicet,
1428 2941 1474 3016 ad
1507 2963 1621 3018 unum

450 3061 546 3136 riam
573 3067 753 3156 cavatam,
780 3079 854 3155 qua
879 3059 1009 3135 salitur
1039 3081 1157 3134 mons.
1184 3060 1228 3134 Et
1257 3061 1316 3134 hic
1344 3061 1497 3136 adverte
1522 3063 1623 3158 quod

331 3237 334 3240 .
448 3190 556 3278 poeta
577 3203 644 3278 per
661 3187 779 3256 totum
797 3180 1054 3276 purgatorium
1072 3181 1267 3275 hucusque
1288 3181 1388 3256 venit
1408 3181 1620 3257 incircuitu

450 3302 593 3395 montis,
619 3308 657 3376 et
688 3320 787 3375 nunc
816 3300 936 3396 primo
966 3299 1078 3374 intrat
1107 3320 1244 3396 corpus
1274 3300 1386 3396 ipsius
1418 3301 1550 3376 montis
1584 3301 1621 3377 in

450 3421 645 3496 cacumine
668 3421 760 3496 eius.
787 3421 831 3495 nt
857 3420 972 3517 tangit
1005 3421 1119 3516 ipsam
1155 3441 1298 3515 vocem,
1323 3421 1463 3495 dicens:
1497 3426 1622 3516 Vende,

449 3542 614 3615 lementi
634 3545 750 3634 patras
775 3543 862 3632 mei;
888 3539 986 3634 quod
1005 3541 1164 3615 verbum
1188 3540 1285 3615 dicet
1301 3540 1478 3616 Dominus
1499 3542 1622 3618 electis

447 3661 524 3735 suis
548 3661 585 3736 in
604 3661 663 3737 die
675 3661 815 3757 judicii,
835 3661 914 3736 sive
939 3659 1148 3754 novissima,
1165 3653 1254 3734 suad
1271 3663 1396 3735 denec
1413 3683 1437 3734 n
1453 3683 1501 3735 un
1518 3665 1623 3756 mmo,

448 3781 594 3877 scilicet,
619 3782 839 3879 angelicum.
857 3780 1021 3878 Angelus
1042 3780 1139 3855 enim
1167 3781 1372 3855 luminosus
1393 3789 1474 3857 erat
1491 3781 1539 3856 ibi
1557 3783 1623 3858 de-

449 3908 598 3998 putatus
623 3903 670 3977 ad
695 3901 942 3997 receptionem
968 3899 1179 3975 animarum
1201 3909 1478 3998 purgatarum3
1509 3906 1570 3976 cle
1599 3897 1624 3978 ti

449 4043 527 4115 era,
553 4022 692 4116 inipso
722 4020 894 4114 introitu3
926 4023 978 4093 tul
1008 4023 1069 4094 olle
1100 4022 1149 4092 nii
1178 4023 1286 4111 mose,
1318 4020 1404 4116 quia
1435 4022 1624 4100 nimietate

451 4141 662 4238 splendoris,
687 4163 707 4214 e
730 4143 896 4232 punrdar
923 4143 986 4213 nol
1011 4141 1114 4233 potet.
1140 4139 1243 4214 Sicut
1274 4140 1372 4216 enim
1406 4162 1473 4237 per
1503 4149 1623 4218 toturn

449 4263 634 4340 internum
662 4261 900 4357 reperiuntur
930 4261 1051 4358 angeli
1083 4261 1170 4336 mali
1202 4261 1357 4337 ministri
1382 4263 1535 4359 justitiae
1569 4265 1624 4339 di-

451 4383 555 4478 vinae,
582 4383 632 4458 ite
657 4403 723 4477 per
748 4388 867 4456 toturn
901 4381 1157 4478 purgatorium
1184 4387 1271 4455 sunt
1296 4382 1415 4479 angeli
1442 4383 1527 4458 boni
1554 4385 1625 4458 mi-

452 4503 553 4578 nistri
577 4503 710 4577 divine
740 4501 955 4578 clementie.
990 4502 1036 4575 Et
1067 4502 1186 4598 tangit
1214 4501 1324 4576 aliam
1356 4523 1486 4578 vocem
1521 4504 1625 4581 istius

449 4619 797 4720 angeli'clarissimi,
823 4621 965 4697 dicens:
992 4627 1031 4695 et
1055 4621 1115 4695 ille
1139 4621 1306 4717 angelus,
1331 4626 1530 4716 soppiunse,
1558 4625 1624 4700 ad·

452 4763 605 4818 monens
636 4764 705 4818 nos
736 4741 955 4817 salubriter:
991 4744 1026 4814 lo
1057 4743 1114 4814 sol
1141 4761 1205 4814 sen
1235 4762 1295 4833 on,
1325 4741 1471 4839 scilicet,
1506 4747 1624 4822 tertiae

451 4863 534 4958 diei,
559 4885 579 4936 e
603 4866 681 4936 vien
706 4867 743 4936 la
766 4883 864 4953 sea,
889 4861 992 4955 idest,
1014 4860 1111 4936 ellit
1135 4881 1222 4956 nox,
1249 4862 1353 4956 quasi
1379 4863 1474 4940 dieat
1499 4887 1625 4942 mora·

513 5125 542 5190 (¹)
560 5131 614 5185 lll,
631 5126 686 5176 stne
701 5138 831 5177 memma.
