4575 6842
733 952 871 1010 murus
895 955 1086 1010 vmrsnrus
1111 955 1273 1009 neamus.
1526 941 1574 1008 to

400 1101 533 1190 pruzia
559 1093 638 1172 m'e*
658 1107 803 1192 queste?
827 1101 932 1194 quasi
960 1099 1057 1174 dicet
1086 1099 1272 1193 mirabilis,
1301 1101 1401 1194 quod
1427 1101 1572 1178 videam

403 1225 440 1295 te
466 1219 525 1293 bic
550 1219 689 1314 vivum,
707 1225 745 1294 et
761 1221 921 1296 inaudita
938 1221 1057 1318 gretia
1075 1225 1130 1294 est
1146 1220 1232 1296 data
1251 1221 1326 1294 tibi.
1339 1262 1390 1276 -
1401 1225 1488 1296 nat.
1508 1223 1575 1298 Dic

403 1346 511 1436 poeta
536 1339 693 1415 ostendit
721 1341 879 1436 qualiter
914 1340 1170 1438 recognoverit
1199 1361 1300 1434 eum,
1324 1341 1467 1416 dicens:
1497 1344 1575 1416 Mai

403 1481 475 1554 aon
500 1463 636 1534 roure
661 1463 892 1535 mcnoorciuto
916 1464 956 1536 at
979 1464 1066 1550 eico,
1096 1461 1147 1536 ita
1172 1465 1253 1534 erat
1278 1460 1572 1534 transformatus.

404 1581 448 1654 et
472 1580 531 1654 bic
556 1588 654 1676 nota,
680 1582 779 1676 quod
808 1588 915 1676 poeta
945 1582 1078 1657 merito
1105 1579 1208 1676 fingit
1235 1580 1336 1673 quod
1365 1600 1572 1674 numquam

406 1702 678 1798 recognovisset
703 1702 813 1776 istum
838 1703 885 1776 ad
910 1702 1049 1777 visum:
1066 1723 1133 1796 per
1149 1702 1220 1775 boc
1237 1702 1363 1776 votens
1378 1700 1502 1776 dicere
1518 1708 1575 1774 ta-

403 1821 475 1896 cite
500 1821 599 1916 quod
625 1821 805 1917 ingluviae
829 1823 967 1898 ventris
994 1821 1152 1895 muitum
1183 1827 1221 1895 et
1248 1821 1322 1894 cito
1354 1825 1576 1896 transmutet

404 1941 563 2016 formam
592 1941 759 2016 bominis
798 1941 901 2016 Unde
930 1941 1169 2033 Domitianus,
1203 1940 1267 2034 qui
1296 1940 1418 2014 iuerat
1447 1941 1575 2036 pulcer

398 2062 559 2158 juvenis,
573 2062 690 2136 iactus
706 2061 881 2136 deformis
896 2061 1041 2137 calvitio
1058 2061 1185 2155 capitis
1197 2066 1236 2134 et
1248 2060 1469 2156 pinguedine
1482 2080 1575 2167 ven-

402 2183 481 2276 tris,
495 2181 620 2256 scribit
644 2182 690 2257 ad
714 2182 876 2256 amicum
903 2181 1002 2276 quod
1020 2181 1106 2254 nibit
1131 2184 1187 2254 est
1211 2180 1365 2275 gratius,
1383 2179 1470 2253 nibil
1488 2181 1576 2254 bre·

403 2303 484 2378 vius
501 2301 757 2400 pulcritudine.
776 2302 819 2376 ur
835 2294 1080 2376 noctemve
1094 2303 1332 2392 europem
1349 2321 1415 2372 auo
1431 2303 1576 2374 mum
1689 2281 1696 2290 '

402 2425 582 2515 connum,
607 2422 711 2516 idest,
739 2423 924 2498 clauserat
952 2427 989 2496 et
1026 2421 1212 2496 celaverat
1239 2420 1436 2516 cognitioni
1467 2442 1574 2516 mere,

405 2545 455 2616 mi
475 2545 668 2636 sepulcre,
694 2541 840 2634 scilieet,
858 2541 940 2636 quis
964 2548 1057 2634 erut,
1074 2543 1168 2614 mita
1193 2561 1287 2628 uoce,
1308 2559 1394 2633 que
1420 2560 1493 2615 non
1518 2549 1575 2618 est

404 2662 453 2736 ita
478 2661 525 2736 de
544 2661 638 2737 taciti
660 2661 944 2736 transmutabilis
961 2660 1055 2736 sicut
1071 2661 1197 2753 iacies3
1215 2661 1313 2734 unde
1329 2660 1435 2736 dicite
1454 2669 1574 2753 queem

400 2784 554 2875 [avelim
568 2779 735 2856 mirabile
751 2787 807 2856 est
822 2780 920 2876 quod
933 2779 1078 2874 loquela
1085 2781 1227 2876 judicat
1238 2780 1286 2856 de
1299 2781 1447 2856 bomine
1458 2782 1571 2856 etiarn

402 2921 490 2976 eum
523 2921 596 2976 non
629 2901 773 2974 videtur
788 2892 839 2993 (¹),
865 2903 913 2974 mi
935 2921 1087 2990 roccese,
1121 2900 1225 2991 idest,
1252 2901 1453 2996 renovavit,
1487 2909 1574 2976 mtto

404 3025 477 3095 mia
500 3041 729 3112 conosceaza,
750 3041 834 3115 quae
859 3027 940 3096 erat
964 3020 1136 3114 extincta,
1157 3024 1232 3094 otto
1251 3022 1425 3094 cambium
1442 3023 1573 3115 Iabbiu,

403 3141 496 3216 idest
509 3133 560 3235 (²),
586 3141 622 3214 in
653 3141 745 3216 iacie
770 3145 923 3235 mutata,
948 3162 967 3213 e
991 3143 1149 3214 raonem
1173 3143 1209 3213 ta
1231 3143 1348 3235 saccio
1371 3143 1410 3214 di
1434 3146 1572 3216 Forese.

404 3301 455 3316 -
467 3264 564 3334 Det!
581 3261 645 3334 ilic
662 3266 769 3356 poeta
786 3258 886 3354 ponit
903 3259 1106 3335 orationem
1125 3259 1262 3334 Foresii
1278 3259 1326 3334 ad
1343 3279 1384 3334 se
1404 3260 1466 3354 qui
1484 3263 1574 3358 petit

405 3387 447 3454 ut
483 3380 579 3455 dicet
616 3379 680 3474 qui
716 3387 803 3454 sunt
839 3379 914 3454 duo
951 3378 1064 3454 duces
1094 3379 1175 3454 eius
1208 3399 1280 3453 non
1317 3386 1456 3454 attenta
1494 3382 1575 3458 eius

404 3500 523 3596 figura
548 3499 596 3572 ita
624 3497 881 3573 transformata
898 3489 946 3590 (³).
973 3498 1064 3572 Dicit
1095 3519 1207 3594 ergo:
1237 3507 1275 3574 et
1301 3499 1361 3573 iiie
1390 3499 1572 3595 Foresius,

399 3640 562 3714 prepara
587 3641 653 3709 me,
679 3618 847 3711 Dantem,
872 3618 995 3693 dicens
1020 3617 1272 3713 deprecative:
1299 3621 1397 3692 Det!
1421 3641 1495 3692 noo
1518 3628 1575 3696 at·

403 3743 555 3829 tendere,
581 3739 683 3834 idest,
710 3759 778 3835 pro
811 3740 887 3813 Deo
916 3758 989 3812 non
1018 3737 1201 3831 advertas,
1226 3740 1286 3810 arr
1299 3742 1446 3813 uscr'utte
1474 3742 1575 3814 scub-

403 3863 475 3952 btn,
501 3861 603 3955 idest,
628 3859 675 3934 ad
700 3859 833 3934 siccam
860 3858 1014 3934 maciem
1031 3845 1090 3950 (⁴);
1110 3861 1170 3932 cte
1189 3861 1239 3932 mi
1257 3863 1400 3932 scebro
1421 3864 1458 3934 to
1471 3864 1573 3954 pelte,

404 3983 506 4076 idest,
533 3981 617 4056 iacit
632 3972 668 4070 (⁵)
697 3999 757 4054 me
781 3979 954 4074 pallidum
981 3978 1017 4051 in
1044 3977 1148 4070 facie,
1164 3975 1211 4052 oe*
1231 4001 1256 4051 α
1275 3983 1393 4073 dr'fetto
1410 3983 1448 4054 di
1463 4002 1573 4054 conve

285 4159 288 4166 .
404 4106 505 4176 ct’io
534 4101 652 4190 obbia,
687 4119 752 4194 per
786 4105 903 4175 totum
937 4117 1092 4193 corpus3
1122 4099 1228 4191 quasi
1256 4098 1377 4174 dicat:
1412 4119 1503 4195 rogo
1536 4107 1574 4174 te

405 4243 478 4296 non
503 4218 709 4316 dedigneris
726 4218 825 4312 ioqui
845 4237 1004 4316 mecum,
1030 4217 1114 4292 licet
1139 4217 1262 4294 videas
1291 4239 1353 4293 me
1377 4219 1426 4294 ita
1453 4219 1573 4292 borri-

403 4341 523 4416 biiiter
553 4338 865 4412 transformatum.
893 4337 969 4410 Hoc
998 4336 1080 4411 ideo
1109 4336 1254 4410 dicebat
1286 4337 1457 4412 Ferocius
1486 4337 1573 4432 quia

403 4461 537 4534 Dentes
562 4456 778 4552 respiciebat
803 4476 890 4530 eum
919 4455 1002 4548 fixe,
1025 4476 1098 4530 non
1124 4477 1169 4530 ex
1197 4461 1408 4552 contemptu
1434 4457 1571 4532 sodex

403 4577 643 4671 coudoientia‚
670 4583 712 4649 ut
741 4575 862 4650 stetim
889 4575 1034 4671 patebit.
1066 4573 1157 4650 Dicit
1181 4596 1292 4671 ergo:
1323 4598 1383 4649 mo
1411 4579 1534 4650 dimmt’
1549 4579 1576 4650 '1

404 4722 467 4774 oer
492 4703 530 4774 di
554 4707 597 4789 te,
610 4697 756 4790 scilicet,
770 4695 956 4789 quomodo
974 4700 1013 4768 tu
1033 4694 1081 4768 ita
1100 4694 1227 4768 venisti
1248 4696 1332 4790 bue,
1349 4697 1447 4792 qued
1464 4718 1576 4770 num·

404 4841 518 4915 quem
543 4817 709 4892 auditum
735 4817 803 4890 init
827 4816 873 4891 de
897 4814 969 4890 aiio
995 4815 1159 4908 vivente3
1180 4823 1218 4890 et
1234 4817 1357 4910 etiem,
1375 4819 1421 4891 di’
1438 4819 1492 4891 ott
1509 4838 1576 4890 son

469 5007 497 5068 (¹)
514 5012 568 5065 itt.
586 5006 710 5056 rideatur.
804 5005 831 5064 (¹)
848 5004 878 5054 li.
894 5004 967 5064 idest,
985 5002 1050 5053 faeie
1065 5007 1173 5054 mutata.
1266 5003 1294 5064 (¹)
1309 5005 1342 5054 B.
1358 5009 1537 5055 transmutata.

471 5085 498 5147 (⁸)
516 5088 570 5143 itt,
586 5081 707 5132 scabiem.
805 5079 832 5142 ς’)
849 5079 879 5130 Ε.
895 5093 953 5144 quaa
968 5078 1031 5129 iacit
1045 5078 1191 5143 tantidem
1206 5081 1233 5130 in
1249 5078 1322 5131 tacte.
