4575 6842
807 920 946 979 murus
969 924 1154 978 snrrrnus.
1332 908 1336 915 '
1503 911 1574 979 175

400 1067 502 1163 pium
529 1066 677 1161 mundi;
695 1072 731 1143 et
752 1068 881 1163 pulcre
898 1069 1054 1164 appellat
1071 1068 1297 1144 creationem
1319 1068 1446 1144 mundi
1464 1068 1575 1162 diem,

400 1189 492 1265 idest
524 1188 741 1282 claritatem,
767 1188 1054 1264 destructionem
1082 1210 1172 1265 uero
1204 1195 1363 1284 noctem,
1391 1188 1483 1263 idest
1507 1188 1576 1262 ob·

400 1310 625 1385 scuritatem.
651 1311 696 1383 Et
720 1309 881 1405 assignat
906 1307 1086 1383 rationem
1118 1310 1176 1383 sui
1207 1309 1302 1405 dicti,
1333 1311 1474 1385 dicens:
1500 1304 1575 1400 citi,

400 1430 502 1526 idest,
529 1428 628 1524 quia,
648 1424 713 1521 piri
737 1431 843 1521 turpe
870 1432 911 1521 su
941 1430 1011 1501 Dio
1043 1451 1067 1501 o
1096 1431 1167 1501 dar
1197 1426 1236 1503 sd
1263 1436 1384 1520 stesso,
1415 1429 1575 1504 uniendo

400 1549 626 1625 divinitatem
651 1548 883 1643 humanitati,
907 1552 945 1623 io
979 1553 1044 1644 sor
1081 1552 1197 1624 tuom
1227 1554 1413 1646 sufficiente
1438 1573 1463 1624 a
1487 1554 1572 1625 rile-

402 1668 593 1763 versioni
611 1690 677 1765 per
702 1690 743 1745 se
768 1672 887 1744 solum
908 1692 982 1745 non
1003 1677 1148 1766 poterat
1168 1691 1377 1768 resurgere,
1395 1674 1455 1745 cte
1470 1674 1577 1761 s'cpli

401 1809 521 1863 omsse
543 1793 600 1863 sot
623 1793 672 1863 do
697 1786 737 1864 se*
759 1792 923 1883 dimosso,
940 1791 1042 1885 idest,
1061 1812 1174 1886 quam
1202 1792 1232 1865 si
1258 1794 1358 1867 solus
1375 1793 1474 1867 oeus
1502 1811 1575 1865 non

402 1906 518 1983 iaetus
543 1910 655 1985 bomo
681 1910 879 1985 remisisset
901 1917 1093 2007 peccatum
1111 1911 1158 1987 de
1175 1912 1398 2008 plenitudine
1415 1919 1577 2008 potesta-

402 2030 456 2104 tis.
482 2030 567 2104 ldeo
592 2029 693 2105 dicit:
719 2052 739 2103 e
763 2032 837 2105 tutti
859 2033 911 2123 po·
935 2034 1019 2106 altri
1051 2034 1146 2105 modi
1174 2054 1286 2106 erasm
1315 2036 1441 2123 semsi,
1472 2032 1576 2125 idest,

399 2150 566 2227 defectivi
593 2151 639 2225 ad
666 2150 955 2247 redemptionem
973 2145 1010 2245 (⁴)
1032 2152 1201 2246 bominis,
1219 2157 1293 2226 utta
1308 2155 1486 2245 piusttzio,
1503 2150 1575 2226 sci-

399 2271 495 2365 lieet,
521 2271 664 2365 divinae,
690 2294 728 2346 se
742 2275 768 2345 't
791 2275 943 2365 Fipliuol
965 2275 1004 2346 di
1027 2276 1096 2346 Dio
1121 2294 1194 2348 non
1216 2277 1311 2368 fosse
1343 2276 1499 2346 amitisto
1525 2275 1576 2347 ad

399 2394 613 2467 incarnarsi.
642 2392 685 2465 Et
710 2393 806 2467 bene
830 2392 932 2487 dicit,
959 2414 1045 2467 nam
1070 2393 1107 2466 in
1134 2392 1384 2468 incarnatione
1405 2391 1575 2487 apparuit

401 2513 561 2609 potentia
574 2513 703 2608 Patris,
716 2513 892 2609 sapientia
905 2512 994 2608 Filii,
1009 2512 1261 2590 benevolentia
1276 2513 1430 2609 Spiritus
1447 2513 1573 2587 sancti.

401 2633 493 2709 Narn
520 2640 670 2730 peccato
695 2633 814 2708 solurn
832 2633 990 2709 debetur
1015 2654 1124 2728 poena
1150 2633 1352 2709 secundum
1374 2633 1573 2729 justitiam3

402 2759 438 2827 et
464 2752 648 2828 dimittere
673 2758 864 2847 peccatum
891 2752 1088 2829 liberaliter
1104 2754 1184 2828 sine
1204 2775 1313 2850 poena
1340 2761 1420 2829 erat
1445 2760 1573 2829 contra

396 2872 576 2968 justitiam
608 2873 685 2967 Dei,
716 2873 780 2968 qui
811 2880 865 2948 est
894 2895 1042 2950 summe
1066 2876 1203 2971 justuS,
1228 2882 1265 2950 et
1291 2895 1364 2948 non
1390 2876 1575 2951 dimittere

401 3000 482 3069 erat
499 2998 627 3067 contra
645 2994 933 3068 misericordiam
951 2995 1031 3069 eius
1048 2996 1111 3090 qui
1126 3003 1181 3069 est
1194 3015 1340 3069 summe
1353 2994 1572 3069 misericors.

480 3119 545 3207 Or,
559 3135 626 3208 per
645 3117 810 3206 empore.
837 3116 907 3189 Ista
933 3120 988 3190 est
1013 3116 1120 3190 tertia
1141 3137 1226 3212 pars
1246 3116 1428 3213 generalis
1444 3116 1482 3189 in
1500 3136 1575 3210 qua

399 3236 547 3311 Beatrix
572 3236 734 3311 declarat
765 3235 914 3311 tertium
945 3236 1111 3331 dubium,
1138 3236 1238 3332 quod
1270 3236 1388 3311 oritur
1421 3257 1467 3311 ex
1499 3256 1575 3309 uno

399 3357 494 3432 dicto
523 3358 693 3453 superius
726 3356 842 3452 posito
872 3357 910 3431 in
941 3358 1122 3432 solutione
1152 3357 1320 3432 secundi:
1354 3357 1441 3451 quia
1476 3354 1574 3431 enim

398 3477 537 3553 dictum
564 3483 620 3552 est
644 3499 756 3573 supra
782 3478 881 3571 quod
908 3478 1032 3552 omnia
1057 3485 1221 3553 creatae
1240 3478 1575 3554 Deosuntoeterna

401 3604 438 3675 et
469 3598 767 3694 incorruptibilia,
793 3598 955 3673 declarat
986 3598 1173 3693 quomodo
1206 3598 1301 3672 istud
1331 3598 1469 3672 dictum
1509 3598 1577 3671 ba·

399 3718 485 3794 beat
512 3719 716 3794 veritatem.
734 3719 779 3791 lit
805 3718 888 3793 volo
914 3726 951 3793 te
976 3718 1071 3793 scire
1087 3718 1185 3811 quod
1205 3738 1278 3792 non
1296 3725 1377 3792 erat
1397 3738 1489 3813 opus
1507 3717 1574 3791 ista

400 3838 647 3914 declaratione
661 3839 728 3932 hic,
742 3839 828 3933 quia
846 3838 952 3913 litera
970 3838 1028 3913 illa
1046 3843 1102 3913 est
1117 3837 1204 3912 satis
1219 3837 1317 3913 clara
1333 3859 1398 3933 per
1416 3838 1450 3912 id
1474 3838 1573 3931 quod

400 3959 533 4035 dicitur
557 3959 636 4033 sine
662 3959 802 4052 medio,
828 3965 952 4033 tamen
978 3965 1088 4033 antor
1112 3957 1197 4032 iacit
1223 3959 1328 4035 istam
1357 3958 1575 4033 declaratio·

401 4100 499 4174 nem,
531 4080 618 4174 quia
653 4080 795 4153 utimur
828 4079 1008 4153 vocabulo
1041 4078 1236 4153 creationis
1268 4078 1426 4151 multum
1458 4079 1573 4175 large,

401 4200 616 4295 appellando
641 4206 765 4275 creata
791 4221 813 4274 a
839 4200 915 4275 lieo
941 4219 1188 4294 quaecumque
1209 4199 1301 4272 fiunt
1326 4220 1392 4294 per
1417 4217 1574 4294 genera-

400 4320 537 4395 tionem
565 4323 622 4395 vel
649 4322 934 4417 corruptionem.
960 4320 1014 4393 Ad
1041 4319 1141 4414 quod
1168 4325 1223 4394 est
1246 4319 1447 4393 notandum
1475 4318 1574 4413 quod

399 4441 498 4516 Deus
523 4441 645 4535 aliqua
672 4450 848 4536 operatur
874 4447 1007 4515 natura
1033 4440 1227 4534 mediante,
1248 4440 1350 4534 idest,
1369 4439 1573 4515 secundnm

398 4582 635 4639 communem
663 4584 815 4637 cursum
834 4568 997 4655 naturae3
1016 4567 1053 4636 et
1072 4561 1152 4635 talis
1169 4560 1333 4655 operatio
1356 4581 1428 4634 non
1446 4560 1574 4634 distin·

396 4682 525 4780 guitur
556 4683 604 4757 ab
635 4683 847 4779 operatione
873 4688 1028 4775 uaturae,
1054 4680 1141 4775 quia
1167 4680 1203 4754 in
1224 4681 1293 4754 hoe
1319 4679 1417 4753 Deus
1443 4686 1480 4754 et
1506 4699 1574 4754 na·

400 4808 485 4877 tura
510 4802 620 4875 simul
645 4808 856 4897 operantur.
883 4801 963 4877 lilio
989 4801 1098 4875 modo
1124 4802 1223 4875 Deus
1244 4806 1419 4895 operatur
1446 4800 1571 4894 aliqua

463 5064 491 5128 (¹)
507 5064 538 5115 li.
555 5065 752 5129 reparationem.
