4575 6842
716 948 788 1015 428
1106 956 1311 1013 uonmurun
1335 959 1504 1013 rxuxorsr

713 1105 1085 1181 obsidionem-Sui
1109 1106 1196 1198 quel.
1219 1104 1283 1179 ilio
1300 1104 1524 1179 Justinianus
1551 1106 1678 1179 transit
1704 1107 1888 1182 narrando

711 1227 758 1301 ad
778 1233 881 1322 gesta
901 1224 1226 1323 magnificentioria
1244 1244 1328 1319 quae
1353 1225 1447 1301 lauta
1469 1232 1554 1299 sunt
1571 1231 1651 1319 post
1669 1227 1884 1321 acquisitam

710 1347 929 1441 libertatem,
948 1367 1014 1442 per
1031 1352 1198 1441 tempora
1215 1346 1422 1438 consulum,
1436 1366 1521 1440 quae
1538 1346 1768 1421 duraverunt
1791 1348 1888 1422 nitra

709 1467 995 1563 quadringentos
1007 1487 1134 1559 anuos,
1150 1472 1187 1539 et
1198 1465 1319 1562 primo
1333 1464 1448 1562 tangit
1465 1465 1539 1539 duo
1554 1465 1647 1547 betia
1663 1467 1839 1542 terribilia
1847 1460 1885 1561 (⁸)

709 1588 871 1662 duorum
900 1607 1032 1683 regum
1060 1586 1405 1680 valentissimorum,
1425 1606 1588 1680 quornm
1614 1608 1711 1661 nnus
1738 1587 1888 1663 veniens

711 1709 759 1782 ab
784 1708 973 1782 occidente
997 1707 1152 1780 Romam
1174 1705 1366 1799 destruxit,
1385 1706 1478 1779 aiter
1498 1707 1546 1780 ab
1563 1706 1706 1781 oriente
1731 1707 1887 1781 Romam

710 1827 849 1903 afflixit.
876 1825 930 1899 lld
947 1826 1219 1922 intelligentiam
1242 1825 1349 1921 primi
1368 1832 1424 1901 est
1440 1826 1631 1901 sciendum
1657 1827 1767 1921 quod,
1792 1828 1888 1901 sicut

711 1949 835 2023 scribit
863 1947 986 2020 Livius
1017 1947 1111 2020 libro
1141 1947 1181 2041 V,
1212 1946 1297 2042 galli
1331 1966 1497 2041 senones,
1523 1967 1613 2043 gens
1646 1946 1761 2041 ferox,
1792 1948 1888 2023 duca

712 2071 857 2143 Brenno
877 2067 1015 2141 ltaliam
1036 2067 1189 2163 ingressi
1207 2074 1483 2162 occupaverunt
1509 2066 1588 2141 ioca
1613 2067 1708 2141 inter
1733 2067 1832 2161 alpes
1850 2075 1889 2143 et

711 2190 872 2279 Padum,
890 2195 927 2262 et
944 2208 1018 2261 non
1035 2188 1196 2262 oontenti
1217 2187 1272 2261 bis
1289 2188 1441 2263 transito
1460 2188 1647 2283 Apennino
1665 2188 1702 2261 in
1719 2187 1888 2263 Tusciam

710 2310 928 2385 infestabant
943 2309 1108 2383 Clusium
1126 2310 1329 2402 civitatem3
1348 2308 1411 2384 sed
1428 2309 1556 2383 olieusi
1575 2330 1599 2383 a
1616 2308 1744 2405 legatis
1764 2330 1887 2383 roma·

709 2452 845 2505 norum
861 2435 1125 2506 converterunt
1142 2430 1308 2505 furorem
1327 2436 1456 2504 contra
1482 2429 1649 2504 Romam.
1669 2429 1713 2502 Et
1730 2450 1815 2503 cum
1833 2428 1887 2503 di-

710 2550 923 2647 spersissent
946 2570 1141 2624 romanum
1165 2550 1370 2624 exercitum
1395 2549 1513 2644 primo
1536 2549 1674 2645 impetu
1701 2548 1887 2623 inordina-

710 2678 791 2745 tum
816 2670 914 2764 apud
939 2669 1079 2744 Albiam
1106 2670 1257 2764 tlumen,
1284 2676 1462 2765 oeperunt
1488 2671 1619 2745 urbem
1643 2669 1884 2765 improvidam

712 2792 943 2885 imparatam,
969 2790 1069 2865 terro
1094 2796 1132 2864 et
1157 2791 1242 2885 igne
1260 2796 1443 2865 vastantes
1460 2790 1602 2884 omnia;
1623 2810 1699 2884 quo
1719 2798 1886 2884 tempore

713 2912 875 2985 maxime
887 2912 1016 2986 enituit
1029 2911 1089 2985 ilia
1103 2930 1257 2986 romana
1272 2911 1397 2985 virtus.
1409 2911 1501 2985 Nam
1515 2910 1677 2985 seniores
1690 2907 1884 3005 assumptis

711 3032 912 3128 insignibus
935 3032 1119 3107 bonorum
1154 3032 1189 3105 in
1221 3032 1377 3127 propriis
1410 3031 1555 3107 sedibus
1587 3030 1755 3106 trucidati
1786 3036 1882 3104 sunt.

711 3154 871 3228 iuvenes
896 3172 986 3225 vero
1012 3143 1158 3244 iortel²l
1188 3152 1286 3225 mille
1312 3172 1470 3226 numero
1495 3170 1620 3225 arcem
1638 3149 1801 3245 Capitolii
1819 3170 1885 3245 per

710 3292 774 3346 sex
802 3292 947 3346 menses
971 3270 1224 3345 detonderunt.
1251 3271 1410 3345 Tandem
1433 3290 1522 3345 uum
1543 3270 1681 3345 obsidio
1708 3270 1885 3345 barbaros

709 3393 878 3488 fatigaret
910 3399 949 3465 et
980 3392 1106 3484 sames,
1140 3391 1282 3465 romani
1317 3390 1415 3465 mille
1448 3390 1559 3464 libras
1591 3389 1672 3465 auri
1707 3390 1885 3484 promise-

710 3518 799 3585 runt
824 3531 891 3605 pro
917 3530 1084 3603 recessu3
1110 3509 1174 3585 sed
1200 3530 1287 3584 oum
1319 3509 1405 3606 galli
1438 3508 1608 3603 superbia
1642 3515 1680 3583 et
1711 3508 1883 3583 iniustitia

711 3638 905 3706 uterentur
930 3630 968 3703 in
996 3629 1281 3722 mensuratione,
1300 3649 1388 3704 ecce
1406 3628 1694 3703 virtuosissimos
1711 3628 1885 3703 Camillus

709 3752 797 3826 exul
815 3750 877 3845 qui
895 3758 1043 3825 creatus
1063 3750 1217 3825 dloutor
1233 3750 1376 3843 absens,
1394 3749 1554 3825 collectis
1572 3747 1733 3823 romanis
1746 3748 1886 3843 disper-

710 3873 759 3946 sis
784 3879 821 3946 et
845 3870 990 3945 auxiliis
1014 3870 1233 3964 amioorum,
1259 3871 1374 3966 gallos
1399 3890 1597 3967 aggressus
1622 3889 1752 3944 omnes
1771 3868 1885 3943 truci-

710 3991 821 4085 davit,
847 3998 884 4065 et
909 3991 1051 4065 cineres
1075 3991 1259 4086 gallorum
1286 3989 1466 4086 sangnine
1490 4008 1621 4063 eorum
1648 3987 1812 4063 extinxit
1831 3987 1884 4062 bd

709 4112 930 4187 evidentiam
945 4110 1094 4187 secundi
1108 4118 1164 4185 est
1181 4109 1371 4184 sciendum
1391 4109 1491 4203 quod
1504 4110 1667 4205 Pyrrbus
1684 4108 1730 4183 de
1746 4128 1884 4205 genere

711 4232 855 4307 Achillis
875 4232 1116 4307 oonsobrinus
1127 4229 1324 4305 Alexandri
1342 4229 1466 4327 magni
1485 4250 1549 4304 rex
1569 4229 1679 4323 Epiri,
1697 4249 1780 4322 quae
1797 4249 1885 4325 pro-

713 4353 830 4428 vincia
857 4353 1007 4427 Graeciae
1032 4350 1205 4425 dividitur
1229 4372 1253 4425 a
1278 4348 1444 4425 Calabria
1468 4342 1629 4446 ‘angusto
1650 4348 1756 4442 mari,
1774 4368 1885 4423 voca·

711 4480 773 4548 tus
797 4495 820 4547 a
846 4472 1036 4547 tarentinis
1060 4477 1189 4545 oontra
1215 4490 1400 4563 romanos,
1427 4489 1563 4565 magua
1593 4469 1687 4543 belia
1712 4467 1824 4564 gessit
1848 4468 1884 4542 in

711 4592 822 4687 ltalia,
848 4600 886 4668 et
911 4612 1007 4688 saepe
1026 4591 1143 4665 victor
1164 4589 1301 4665 auxilio
1320 4590 1612 4685 elephantorum,
1630 4609 1724 4682 quos
1742 4589 1883 4684 primus

710 4714 816 4790 duxit
841 4714 877 4788 in
907 4714 1059 4807 ltaliam,
1084 4711 1208 4785 omnia
1241 4717 1387 4785 vastans
1421 4710 1522 4785 venit
1554 4730 1620 4804 per
1645 4708 1882 4804 Campaniam

711 4854 832 4929 usque
856 4834 1062 4927 Praeneste3
1088 4831 1236 4907 tandem
1256 4831 1373 4905 victus
1391 4829 1527 4905 virtute
1552 4828 1706 4904 Fabricii
1728 4834 1766 4904 et
1783 4829 1881 4905 Curii

773 5098 801 5157 (¹)
816 5099 840 5155 t,
857 5094 991 5144 mirabilia.
1242 5090 1269 5153 ξ’]
1286 5098 1309 5153 l,
1326 5091 1415 5145 fortes.
