4575 6842
701 920 772 987 232
1062 927 1266 982 couurrruu
1290 927 1508 981 nunoaroxu

700 1076 757 1151 vel
783 1074 923 1168 evadat,
950 1094 1010 1145 mo
1033 1080 1104 1147 rete
1128 1076 1160 1145 si
1183 1075 1303 1164 spiepa
1327 1074 1496 1163 adorno,
1521 1071 1567 1145 ad
1592 1071 1822 1166 capiendum,
1848 1093 1871 1143 o

698 1201 876 1286 sisoetta,
901 1193 948 1270 ad
972 1192 1276 1287 interficiendum,
1302 1196 1450 1266 dinanzi
1474 1195 1572 1284 dupli
1596 1195 1692 1265 occisi
1716 1195 1768 1265 dc'
1783 1212 1870 1284 pcn-

699 1320 785 1409 nuli,
811 1315 913 1410 idest,
940 1332 1160 1411 magnarum
1186 1313 1388 1387 aviumllt
1404 1312 1461 1386 liic
1487 1312 1697 1405 nota'quod
1723 1311 1868 1386 Beatrix

701 1438 770 1512 sub
787 1434 1020 1510 similitudine
1036 1433 1113 1507 avis
1131 1432 1326 1527 respondet
1344 1432 1534 1527 quaestioni
1554 1432 1684 1524 tacitae,
1699 1452 1747 1505 ue
1763 1438 1870 1526 poeta

701 1563 821 1652 posset
845 1557 967 1632 dicere
992 1554 1038 1628 ad
1064 1554 1338 1629 excusationem
1364 1574 1489 1628 suam:
1516 1572 1587 1649 ego
1618 1574 1724 1628 eram
1753 1573 1871 1647 purus

701 1684 739 1753 et
763 1676 917 1771 simplex
935 1675 971 1749 in
992 1674 1133 1748 talibus
1155 1673 1232 1747 lloc
1249 1673 1410 1748 excludit
1427 1673 1515 1768 ipsa,
1533 1672 1620 1766 quia
1635 1674 1714 1767 jam
1735 1671 1871 1748 Dentes

702 1804 783 1872 erat
815 1794 987 1891 legitimae
1017 1793 1133 1867 aetatis
1174 1792 1322 1887 quando
1360 1799 1508 1867 mortua
1540 1798 1596 1867 est
1633 1792 1802 1885 Beatrix3
1834 1798 1871 1866 et

703 1917 796 1991 bene
821 1913 994 1989 assimilat
1019 1934 1107 1989 eum
1134 1914 1193 1987 avi
1208 1905 1260 2006 (⁴),
1281 1914 1367 2008 quia
1384 1926 1466 1991 erat
1484 1921 1592 2008 aptus
1611 1922 1720 1987 natus
1739 1913 1785 1987 ad
1806 1932 1873 1987 vo-
2004 1954 2013 1965 =

703 2034 852 2109 landum
869 2034 1016 2127 adalta,
1035 2034 1128 2107 sicut
1149 2038 1273 2127 postea
1291 2033 1470 2128 apparuit.
1485 2072 1534 2087 -
1551 2036 1663 2122 Oculi.
1681 2034 1746 2108 llic
1763 2043 1870 2128 poeta

703 2155 802 2249 ponit
827 2154 999 2229 ellectum
1025 2154 1128 2228 istius
1153 2152 1492 2251 argumentationis,
1511 2153 1598 2247 quia
1614 2154 1748 2229 scilicet
1767 2174 1872 2228 rece-

704 2276 754 2371 pit
779 2276 1039 2350 verecundiam
1067 2296 1239 2372 magnam
1266 2274 1470 2349 secundum
1493 2274 1592 2368 quod
1609 2274 1677 2348 sibi
1694 2275 1874 2369 promise·

705 2402 763 2469 rat
779 2395 938 2489 Beatrix,
951 2416 1018 2490 per
1033 2416 1145 2469 unam
1160 2395 1473 2490 comparationem
1486 2394 1653 2489 pulcram
1666 2404 1704 2470 et
1720 2395 1870 2487 claram,

703 2516 845 2591 diceus:
877 2519 943 2589 Tol
965 2519 1014 2589 mi
1035 2520 1123 2591 stuo’
1135 2520 1184 2609 io,
1204 2515 1352 2609 scilicet,
1371 2522 1499 2588 mutus
1514 2535 1603 2589 cum
1620 2515 1874 2591 erubescentia

706 2638 900 2733 respiciens
926 2645 1076 2733 terram,
1103 2641 1200 2729 quali
1231 2638 1425 2731 isaacinlli
1452 2640 1611 2709 storrnosi
1639 2641 1725 2711 muli
1747 2657 1875 2728 cerpo-

703 2760 861 2851 9nuado,
887 2758 933 2833 de
958 2760 1042 2833 lallo
1073 2780 1153 2852 suo,
1180 2779 1245 2831 con
1272 2759 1324 2849 pli
1351 2760 1448 2831 occisi
1475 2779 1500 2829 a
1529 2764 1627 2830 tarro
1657 2761 1873 2851 mentando,

706 2879 967 2975 increpantem,
993 2901 1011 2952 e
1035 2880 1311 2969 ricopnoscendo
1334 2874 1384 2971 sd,
1416 2878 1520 2973 idest,
1550 2898 1717 2952 errorem
1750 2899 1873 2972 suum,

705 3002 921 3092 eripenlott',
949 2998 1051 3093 idest,
1078 2998 1329 3092 poenitentiam
1359 3005 1511 3093 agentes
1540 2998 1587 3072 de
1618 3018 1748 3073 errore
1772 3018 1876 3073 com-

707 3119 817 3193 misso
842 3138 928 3193 cum
954 3119 1095 3213 pudore
1120 3125 1158 3193 et
1182 3118 1318 3192 dolore.
1338 3119 1382 3190 Et
1399 3118 1521 3192 subdit
1540 3125 1647 3213 poeta
1665 3119 1764 3213 quod
1783 3120 1877 3194 Bea-

708 3237 777 3311 trix
805 3258 851 3311 ex
878 3239 946 3313 hoc
972 3238 1185 3333 provocarit
1210 3258 1298 3311 eum
1330 3237 1376 3312 ad
1406 3238 1524 3312 multo
1559 3238 1738 3313 maiorem
1769 3258 1878 3314 rere·

707 3356 891 3451 cundiam,
909 3358 996 3452 quia
1014 3358 1139 3433 videns
1164 3358 1285 3452 ipsum
1310 3365 1409 3433 stare
1434 3378 1520 3432 cum
1546 3359 1665 3432 oculis
1689 3358 1816 3432 defixis
1841 3360 1878 3432 in
1920 3427 1922 3438 .

709 3487 847 3554 terram
874 3479 1061 3555 mandavit
1091 3486 1134 3551 ut
1168 3478 1309 3553 levaret
1339 3478 1469 3553 faciem
1502 3483 1540 3553 et
1570 3480 1766 3575 respiceret
1794 3500 1879 3554 eam

709 3608 752 3675 ut
773 3598 889 3695 magis
914 3599 1212 3674 confunderetur.
1235 3598 1325 3673 llicit
1345 3620 1455 3696 ergo:
1472 3607 1506 3674 et
1523 3604 1602 3693 ella,
1623 3600 1768 3695 scilicet,
1786 3600 1880 3676 Bea-

709 3720 794 3815 trix,
820 3719 945 3793 volens
971 3719 1107 3793 addere
1139 3718 1372 3793 afflictionem
1403 3718 1549 3815 afflicto,
1581 3725 1691 3795 dese:
1723 3723 1876 3814 quando,

710 3861 778 3936 pro
807 3840 893 3933 quia
926 3839 983 3913 vel
1014 3846 1219 3934 postquam,
1245 3841 1439 3912 se'dolente
1460 3861 1527 3931 per
1557 3844 1670 3933 odire,
1703 3842 1806 3935 idest,
1832 3862 1879 3916 ex

676 4014 678 4019 .
710 3960 787 4034 solo
812 3959 940 4033 auditu
967 3959 1168 4034 verborum
1192 3979 1375 4051 meorum,
1396 3962 1535 4032 cizola
1555 3960 1681 4052 ῠανῠα,
1699 3962 1804 4056 quasi
1824 3961 1879 4035 di·

710 4086 788 4154 cat:
816 4079 897 4154 leva
923 4080 1067 4152 vultum
1094 4084 1132 4153 et
1157 4079 1240 4153 vide
1266 4078 1550 4174 pulcritudinem
1576 4101 1711 4175 meam,
1729 4104 1749 4155 e
1770 4102 1878 4174 pren-

711 4204 813 4276 derat
830 4195 894 4292 piri
911 4202 1043 4292 deplio,
1064 4199 1166 4293 idest,
1188 4199 1366 4273 maiorem
1388 4199 1553 4275 dolorem
1574 4201 1670 4275 ultra
1686 4202 1878 4297 pudorem,
2024 4261 2028 4269 .

710 4324 971 4412 ricuardando,
990 4320 1076 4414 quia
1101 4324 1191 4395 tunc
1213 4338 1412 4415 cognosces
1430 4320 1692 4415 turpitudinem
1710 4322 1879 4398 aliarum.

711 4445 849 4513 -Coa
874 4460 962 4513 mern.
988 4439 1054 4514 llic
1079 4445 1187 4533 poeta
1211 4439 1366 4514 ostendit
1391 4440 1490 4533 quod
1507 4431 1544 4533 ι’)
1573 4440 1769 4516 difficulter
1798 4460 1882 4516 ere·

715 4562 808 4637 xerit
832 4562 958 4637 oculos
985 4561 1176 4635 infaciem
1203 4560 1377 4635 Beatricis
1402 4580 1467 4655 per
1500 4581 1610 4635 unam
1638 4562 1883 4657 comparatio-

714 4702 799 4757 nem
825 4682 1011 4777 pulcram,
1038 4691 1076 4757 et
1093 4681 1173 4757 vult
1189 4681 1322 4775 dicere,
1341 4680 1439 4775 quod
1458 4701 1592 4777 magna
1612 4682 1725 4756 arbor
1745 4681 1884 4756 facilius

712 4802 889 4897 spoliatur
914 4801 1006 4877 loliis
1031 4800 1116 4895 suis,
1145 4821 1259 4895 quam
1284 4800 1361 4895 ipse
1389 4800 1551 4876 erexerit
1579 4802 1706 4875 oculos
1730 4801 1768 4875 in
1794 4801 1886 4876 Bea-

777 5062 805 5123 (¹)
821 5061 851 5111 E.
869 5062 917 5121 ari,
934 5062 1031 5114 rellioet
1047 5062 1166 5122 Dantem,
1182 5063 1250 5126 qula.
1375 5060 1402 5123 (¹)
1420 5064 1473 5121 117,
1489 5074 1568 5126 quam
1584 5060 1722 5113 dilllculter
1736 5060 1828 5111 erexit.
