<?xml version="1.0" encoding="UTF-8"?>
<!DOCTYPE html PUBLIC "-//W3C//DTD XHTML 1.0 Transitional//EN"
    "http://www.w3.org/TR/xhtml1/DTD/xhtml1-transitional.dtd">
<html xmlns="http://www.w3.org/1999/xhtml" xml:lang="en" lang="en">
 <head>
  <title>
</title>
<meta http-equiv="Content-Type" content="text/html;charset=utf-8" />
  <meta name='ocr-system' content='tesseract 3.04.00' />
  <meta name='ocr-capabilities' content='ocr_page ocr_carea ocr_par ocr_line ocrx_word'/>
</head>
<body>
  <div class='ocr_page' id='page_1' title='image "./comentumsuperda00unkngoog_0092.png"; bbox 0 0 4575 6842; ppageno 0'>
   <div class='ocr_carea' id='block_1_1' title="bbox 718 953 1525 1024">
    <p class='ocr_par' dir='ltr' id='par_1_1' title="bbox 718 953 1525 1024">
     <span class='ocr_line' id='line_1_1' title="bbox 718 953 1525 1024; baseline 0.004 -5"><span class='ocrx_word' id='word_1_1' title='bbox 718 953 766 1021; x_wconf 81' lang='grc'><strong>76</strong></span> <span class='ocrx_word' id='word_1_2' title='bbox 1075 966 1281 1024; x_wconf 74' lang='lat' dir='ltr'><strong>nummum</strong></span> <span class='ocrx_word' id='word_1_3' title='bbox 1304 969 1525 1024; x_wconf 75' lang='lat' dir='ltr'><strong>nunusmnu</strong></span> 
     </span>
    </p>
   </div>
   <div class='ocr_carea' id='block_1_2' title="bbox 605 1111 1887 4212">
    <p class='ocr_par' dir='ltr' id='par_1_2' title="bbox 715 1111 1887 3853">
     <span class='ocr_line' id='line_1_2' title="bbox 716 1111 1884 1208; baseline 0.003 -24"><span class='ocrx_word' id='word_1_4' title='bbox 716 1114 774 1185; x_wconf 79' lang='lat' dir='ltr'><strong>e&#39;t</strong></span> <span class='ocrx_word' id='word_1_5' title='bbox 795 1131 888 1183; x_wconf 86' lang='lat' dir='ltr'><strong>nuuc</strong></span> <span class='ocrx_word' id='word_1_6' title='bbox 913 1113 1049 1202; x_wconf 73' lang='lat' dir='ltr'><strong>vitudu,</strong></span> <span class='ocrx_word' id='word_1_7' title='bbox 1071 1111 1175 1207; x_wconf 79' lang='lat' dir='ltr'><strong>idest,</strong></span> <span class='ocrx_word' id='word_1_8' title='bbox 1191 1112 1450 1208; x_wconf 78' lang='lat' dir='ltr'>retinaculum,</span> <span class='ocrx_word' id='word_1_9' title='bbox 1465 1116 1527 1187; x_wconf 77' lang='lat' dir='ltr'><strong>cle</strong></span> <span class='ocrx_word' id='word_1_10' title='bbox 1541 1116 1676 1188; x_wconf 73' lang='lat' dir='ltr'><strong>ritem</strong></span> <span class='ocrx_word' id='word_1_11' title='bbox 1686 1118 1714 1189; x_wconf 87' lang='lat' dir='ltr'><strong>’t</strong></span> <span class='ocrx_word' id='word_1_12' title='bbox 1735 1119 1884 1190; x_wconf 78' lang='lat' dir='ltr'><strong>Nutuiu:</strong></span> 
     </span>
     <span class='ocr_line' id='line_1_3' title="bbox 716 1231 1883 1330; baseline 0.003 -25"><span class='ocrx_word' id='word_1_13' title='bbox 716 1231 784 1305; x_wconf 91' lang='lat' dir='ltr'><strong>iste</strong></span> <span class='ocrx_word' id='word_1_14' title='bbox 800 1236 952 1306; x_wconf 86' lang='lat' dir='ltr'><strong>vocatus</strong></span> <span class='ocrx_word' id='word_1_15' title='bbox 971 1237 1027 1306; x_wconf 86' lang='lat' dir='ltr'><strong>est</strong></span> <span class='ocrx_word' id='word_1_16' title='bbox 1043 1231 1201 1307; x_wconf 82' lang='lat' dir='ltr'><strong>lacubus</strong></span> <span class='ocrx_word' id='word_1_17' title='bbox 1220 1233 1267 1309; x_wconf 91' lang='lat' dir='ltr'><strong>de</strong></span> <span class='ocrx_word' id='word_1_18' title='bbox 1282 1233 1461 1328; x_wconf 76' lang='lat' dir='ltr'><strong>licutino,</strong></span> <span class='ocrx_word' id='word_1_19' title='bbox 1477 1240 1517 1308; x_wconf 90' lang='lat' dir='ltr'><strong>et</strong></span> <span class='ocrx_word' id='word_1_20' title='bbox 1540 1253 1608 1330; x_wconf 89' lang='lat' dir='ltr'><strong>per</strong></span> <span class='ocrx_word' id='word_1_21' title='bbox 1630 1235 1883 1311; x_wconf 77' lang='lat' dir='ltr'><strong>exoelleutiam</strong></span> 
     </span>
     <span class='ocr_line' id='line_1_4' title="bbox 718 1351 1885 1450; baseline 0.003 -24"><span class='ocrx_word' id='word_1_22' title='bbox 718 1359 866 1448; x_wconf 88' lang='lat' dir='ltr'><strong>propter</strong></span> <span class='ocrx_word' id='word_1_23' title='bbox 879 1351 1139 1448; x_wconf 79' lang='lat' dir='ltr'><strong>perfectionem</strong></span> <span class='ocrx_word' id='word_1_24' title='bbox 1156 1354 1247 1428; x_wconf 89' lang='lat' dir='ltr'><strong>artis</strong></span> <span class='ocrx_word' id='word_1_25' title='bbox 1262 1353 1380 1429; x_wconf 87' lang='lat' dir='ltr'><strong>dictus</strong></span> <span class='ocrx_word' id='word_1_26' title='bbox 1396 1361 1453 1430; x_wconf 79' lang='lat' dir='ltr'><strong>est</strong></span> <span class='ocrx_word' id='word_1_27' title='bbox 1465 1355 1655 1430; x_wconf 85' lang='lat' dir='ltr'><strong>Notarius:</strong></span> <span class='ocrx_word' id='word_1_28' title='bbox 1670 1378 1691 1429; x_wconf 83' lang='lat' dir='ltr'><strong>c</strong></span> <span class='ocrx_word' id='word_1_29' title='bbox 1705 1359 1885 1450; x_wconf 75' lang='lat' dir='ltr'><strong>Gcittnnc5</strong></span> 
     </span>
     <span class='ocr_line' id='line_1_5' title="bbox 716 1472 1887 1570; baseline 0.005 -24"><span class='ocrx_word' id='word_1_30' title='bbox 716 1472 785 1548; x_wconf 87' lang='lat' dir='ltr'><strong>iste</strong></span> <span class='ocrx_word' id='word_1_31' title='bbox 811 1476 965 1546; x_wconf 86' lang='lat' dir='ltr'><strong>vocatus</strong></span> <span class='ocrx_word' id='word_1_32' title='bbox 989 1479 1045 1546; x_wconf 90' lang='lat' dir='ltr'><strong>est</strong></span> <span class='ocrx_word' id='word_1_33' title='bbox 1066 1473 1182 1548; x_wconf 85' lang='lat' dir='ltr'><strong>frater</strong></span> <span class='ocrx_word' id='word_1_34' title='bbox 1203 1473 1398 1548; x_wconf 87' lang='lat' dir='ltr'><strong>Guittnnus</strong></span> <span class='ocrx_word' id='word_1_35' title='bbox 1421 1474 1468 1551; x_wconf 92' lang='lat' dir='ltr'><strong>de</strong></span> <span class='ocrx_word' id='word_1_36' title='bbox 1493 1474 1618 1550; x_wconf 81' lang='lat' dir='ltr'><strong>Aretiu</strong></span> <span class='ocrx_word' id='word_1_37' title='bbox 1641 1475 1887 1570; x_wconf 84' lang='lat' dir='ltr'><strong>pulcerrimus</strong></span> 
     </span>
     <span class='ocr_line' id='line_1_6' title="bbox 718 1591 1884 1690; baseline 0.002 -24"><span class='ocrx_word' id='word_1_38' title='bbox 718 1592 890 1666; x_wconf 83' lang='lat' dir='ltr'><strong>inventor</strong></span> <span class='ocrx_word' id='word_1_39' title='bbox 913 1591 951 1665; x_wconf 93' lang='lat' dir='ltr'><strong>in</strong></span> <span class='ocrx_word' id='word_1_40' title='bbox 975 1592 1100 1689; x_wconf 84' lang='lat' dir='ltr'><strong>lingua</strong></span> <span class='ocrx_word' id='word_1_41' title='bbox 1118 1599 1298 1687; x_wconf 85' lang='lat' dir='ltr'><strong>materna,</strong></span> <span class='ocrx_word' id='word_1_42' title='bbox 1315 1613 1389 1668; x_wconf 93' lang='lat' dir='ltr'><strong>nun</strong></span> <span class='ocrx_word' id='word_1_43' title='bbox 1413 1601 1489 1670; x_wconf 91' lang='lat' dir='ltr'><strong>tam</strong></span> <span class='ocrx_word' id='word_1_44' title='bbox 1510 1593 1653 1669; x_wconf 86' lang='lat' dir='ltr'><strong>ratione</strong></span> <span class='ocrx_word' id='word_1_45' title='bbox 1673 1595 1755 1689; x_wconf 88' lang='lat' dir='ltr'><strong>stili,</strong></span> <span class='ocrx_word' id='word_1_46' title='bbox 1772 1615 1884 1690; x_wconf 86' lang='lat' dir='ltr'><strong>quam</strong></span> 
     </span>
     <span class='ocr_line' id='line_1_7' title="bbox 718 1713 1885 1810; baseline 0.003 -24"><span class='ocrx_word' id='word_1_47' title='bbox 718 1713 888 1810; x_wconf 79' lang='lat' dir='ltr'><strong>gravium</strong></span> <span class='ocrx_word' id='word_1_48' title='bbox 912 1713 1192 1808; x_wconf 87' lang='lat' dir='ltr'><strong>sententiarum,</strong></span> <span class='ocrx_word' id='word_1_49' title='bbox 1208 1713 1345 1808; x_wconf 81' lang='lat' dir='ltr'><strong>quibus</strong></span> <span class='ocrx_word' id='word_1_50' title='bbox 1359 1735 1451 1788; x_wconf 88' lang='lat' dir='ltr'><strong>usus</strong></span> <span class='ocrx_word' id='word_1_51' title='bbox 1470 1713 1539 1789; x_wconf 89' lang='lat' dir='ltr'><strong>init</strong></span> <span class='ocrx_word' id='word_1_52' title='bbox 1562 1713 1601 1788; x_wconf 92' lang='lat' dir='ltr'><strong>in</strong></span> <span class='ocrx_word' id='word_1_53' title='bbox 1625 1715 1733 1790; x_wconf 89' lang='lat' dir='ltr'><strong>nudis</strong></span> <span class='ocrx_word' id='word_1_54' title='bbox 1752 1714 1885 1810; x_wconf 80' lang='lat' dir='ltr'><strong>verbis,</strong></span> 
     </span>
     <span class='ocr_line' id='line_1_8' title="bbox 717 1833 1886 1933; baseline 0.001 -24"><span class='ocrx_word' id='word_1_55' title='bbox 717 1835 824 1910; x_wconf 92' lang='lat' dir='ltr'><strong>cuius</strong></span> <span class='ocrx_word' id='word_1_56' title='bbox 841 1834 976 1908; x_wconf 84' lang='lat' dir='ltr'><strong>librum</strong></span> <span class='ocrx_word' id='word_1_57' title='bbox 994 1854 1065 1930; x_wconf 78' lang='lat' dir='ltr'><strong>ege</strong></span> <span class='ocrx_word' id='word_1_58' title='bbox 1076 1833 1161 1929; x_wconf 83' lang='lat' dir='ltr'><strong>vidi,</strong></span> <span class='ocrx_word' id='word_1_59' title='bbox 1179 1857 1198 1907; x_wconf 89' lang='lat' dir='ltr'><strong>c</strong></span> <span class='ocrx_word' id='word_1_60' title='bbox 1213 1856 1281 1926; x_wconf 75' lang='lat' dir='ltr'><strong>nuc,</strong></span> <span class='ocrx_word' id='word_1_61' title='bbox 1296 1835 1444 1929; x_wconf 86' lang='lat' dir='ltr'><strong>scilicet,</strong></span> <span class='ocrx_word' id='word_1_62' title='bbox 1465 1835 1744 1933; x_wconf 81' lang='lat' dir='ltr'><strong>Bomgiuntam,</strong></span> <span class='ocrx_word' id='word_1_63' title='bbox 1761 1839 1801 1910; x_wconf 83' lang='lat' dir='ltr'><strong>di</strong></span> <span class='ocrx_word' id='word_1_64' title='bbox 1814 1855 1886 1928; x_wconf 83' lang='lat' dir='ltr'><strong>puu</strong></span> 
     </span>
     <span class='ocr_line' id='line_1_9' title="bbox 719 1955 1883 2049; baseline 0.001 -21"><span class='ocrx_word' id='word_1_65' title='bbox 719 1957 784 2028; x_wconf 86' lang='lat' dir='ltr'><strong>dul</strong></span> <span class='ocrx_word' id='word_1_66' title='bbox 797 1957 894 2027; x_wconf 86' lang='lat' dir='ltr'><strong>dulce</strong></span> <span class='ocrx_word' id='word_1_67' title='bbox 909 1957 969 2027; x_wconf 83' lang='lat' dir='ltr'><strong>stit</strong></span> <span class='ocrx_word' id='word_1_68' title='bbox 986 1975 1102 2026; x_wconf 70' lang='lat' dir='ltr'><strong>manvu</strong></span> <span class='ocrx_word' id='word_1_69' title='bbox 1118 1957 1171 2028; x_wconf 76' lang='lat' dir='ltr'><strong>cit</strong></span> <span class='ocrx_word' id='word_1_70' title='bbox 1181 1959 1217 2028; x_wconf 84' lang='lat' dir='ltr'><strong>tu</strong></span> <span class='ocrx_word' id='word_1_71' title='bbox 1235 1959 1319 2046; x_wconf 88' lang='lat' dir='ltr'><strong>udo,</strong></span> <span class='ocrx_word' id='word_1_72' title='bbox 1336 1955 1439 2049; x_wconf 80' lang='lat' dir='ltr'><strong>idest,</strong></span> <span class='ocrx_word' id='word_1_73' title='bbox 1456 1956 1555 2030; x_wconf 81' lang='lat' dir='ltr'><strong>circu</strong></span> <span class='ocrx_word' id='word_1_74' title='bbox 1573 1955 1698 2030; x_wconf 86' lang='lat' dir='ltr'><strong>stilum</strong></span> <span class='ocrx_word' id='word_1_75' title='bbox 1718 1967 1883 2034; x_wconf 79' lang='lat' dir='ltr'><strong>vestrum</strong></span> 
     </span>
     <span class='ocr_line' id='line_1_10' title="bbox 719 2074 1886 2173; baseline 0 -23"><span class='ocrx_word' id='word_1_76' title='bbox 719 2075 877 2169; x_wconf 83' lang='lat' dir='ltr'><strong>dulcem,</strong></span> <span class='ocrx_word' id='word_1_77' title='bbox 896 2074 1000 2169; x_wconf 81' lang='lat' dir='ltr'><strong>quasi</strong></span> <span class='ocrx_word' id='word_1_78' title='bbox 1017 2074 1132 2150; x_wconf 88' lang='lat' dir='ltr'><strong>dicat:</strong></span> <span class='ocrx_word' id='word_1_79' title='bbox 1158 2075 1283 2150; x_wconf 89' lang='lat' dir='ltr'><strong>nullus</strong></span> <span class='ocrx_word' id='word_1_80' title='bbox 1306 2083 1475 2150; x_wconf 85' lang='lat' dir='ltr'><strong>nostrum</strong></span> <span class='ocrx_word' id='word_1_81' title='bbox 1492 2076 1610 2171; x_wconf 89' lang='lat' dir='ltr'><strong>putuit</strong></span> <span class='ocrx_word' id='word_1_82' title='bbox 1631 2075 1811 2173; x_wconf 79' lang='lat' dir='ltr'><strong>attingere</strong></span> <span class='ocrx_word' id='word_1_83' title='bbox 1831 2077 1886 2151; x_wconf 87' lang='lat' dir='ltr'><strong>al-</strong></span> 
     </span>
     <span class='ocr_line' id='line_1_11' title="bbox 718 2195 1884 2294; baseline 0.003 -26"><span class='ocrx_word' id='word_1_84' title='bbox 718 2203 797 2268; x_wconf 89' lang='lat' dir='ltr'><strong>tum</strong></span> <span class='ocrx_word' id='word_1_85' title='bbox 813 2201 850 2269; x_wconf 82' lang='lat' dir='ltr'><strong>et</strong></span> <span class='ocrx_word' id='word_1_86' title='bbox 861 2195 1111 2271; x_wconf 75' lang='lat' dir='ltr'><strong>delectabilem</strong></span> <span class='ocrx_word' id='word_1_87' title='bbox 1126 2196 1278 2270; x_wconf 89' lang='lat' dir='ltr'><strong>modum</strong></span> <span class='ocrx_word' id='word_1_88' title='bbox 1295 2196 1432 2270; x_wconf 78' lang='lat' dir='ltr'><strong>[tantis.</strong></span> <span class='ocrx_word' id='word_1_89' title='bbox 1448 2196 1493 2269; x_wconf 84' lang='lat' dir='ltr'><strong>Et</strong></span> <span class='ocrx_word' id='word_1_90' title='bbox 1508 2197 1631 2271; x_wconf 80' lang='lat' dir='ltr'><strong>subdit</strong></span> <span class='ocrx_word' id='word_1_91' title='bbox 1644 2197 1884 2294; x_wconf 81' lang='lat' dir='ltr'><strong>Bonagiunta,</strong></span> 
     </span>
     <span class='ocr_line' id='line_1_12' title="bbox 717 2315 1885 2410; baseline 0.001 -19"><span class='ocrx_word' id='word_1_92' title='bbox 717 2336 758 2391; x_wconf 92' lang='lat' dir='ltr'><strong>se</strong></span> <span class='ocrx_word' id='word_1_93' title='bbox 782 2315 991 2390; x_wconf 87' lang='lat' dir='ltr'><strong>declarans:</strong></span> <span class='ocrx_word' id='word_1_94' title='bbox 1009 2319 1045 2389; x_wconf 88' lang='lat' dir='ltr'><strong>io</strong></span> <span class='ocrx_word' id='word_1_95' title='bbox 1061 2319 1186 2408; x_wconf 79' lang='lat' dir='ltr'><strong>ceppiu</strong></span> <span class='ocrx_word' id='word_1_96' title='bbox 1201 2317 1267 2390; x_wconf 73' lang='lat' dir='ltr'><strong>dm</strong></span> <span class='ocrx_word' id='word_1_97' title='bbox 1285 2339 1382 2390; x_wconf 83' lang='lat' dir='ltr'><strong>cume</strong></span> <span class='ocrx_word' id='word_1_98' title='bbox 1404 2321 1437 2391; x_wconf 85' lang='lat' dir='ltr'><strong>le</strong></span> <span class='ocrx_word' id='word_1_99' title='bbox 1460 2325 1577 2392; x_wconf 65' lang='lat' dir='ltr'><strong>vosne</strong></span> <span class='ocrx_word' id='word_1_100' title='bbox 1594 2339 1724 2410; x_wconf 80' lang='lat' dir='ltr'><strong>penne,</strong></span> <span class='ocrx_word' id='word_1_101' title='bbox 1740 2317 1778 2390; x_wconf 95' lang='lat' dir='ltr'><strong>in</strong></span> <span class='ocrx_word' id='word_1_102' title='bbox 1795 2317 1885 2392; x_wconf 86' lang='lat' dir='ltr'><strong>scri-</strong></span> 
     </span>
     <span class='ocr_line' id='line_1_13' title="bbox 718 2425 1884 2534; baseline 0.001 -24"><span class='ocrx_word' id='word_1_103' title='bbox 718 2434 849 2529; x_wconf 83' lang='lat' dir='ltr'><strong>bendo,</strong></span> <span class='ocrx_word' id='word_1_104' title='bbox 874 2456 935 2508; x_wconf 80' lang='lat' dir='ltr'><strong>scu</strong></span> <span class='ocrx_word' id='word_1_105' title='bbox 961 2456 1080 2508; x_wconf 83' lang='lat' dir='ltr'><strong>vunnu</strong></span> <span class='ocrx_word' id='word_1_106' title='bbox 1103 2443 1231 2529; x_wconf 79' lang='lat' dir='ltr'><strong>strette,</strong></span> <span class='ocrx_word' id='word_1_107' title='bbox 1261 2425 1335 2512; x_wconf 90' lang='lat' dir='ltr'><strong>nun</strong></span> <span class='ocrx_word' id='word_1_108' title='bbox 1360 2443 1549 2534; x_wconf 77' lang='lat' dir='ltr'><strong>vagantes,</strong></span> <span class='ocrx_word' id='word_1_109' title='bbox 1572 2440 1612 2510; x_wconf 84' lang='lat' dir='ltr'><strong>di</strong></span> <span class='ocrx_word' id='word_1_110' title='bbox 1632 2445 1730 2511; x_wconf 81' lang='lat' dir='ltr'><strong>retro</strong></span> <span class='ocrx_word' id='word_1_111' title='bbox 1753 2440 1794 2510; x_wconf 88' lang='lat' dir='ltr'><strong>ul</strong></span> <span class='ocrx_word' id='word_1_112' title='bbox 1815 2439 1884 2511; x_wconf 86' lang='lat' dir='ltr'><strong>dit·</strong></span> 
     </span>
     <span class='ocr_line' id='line_1_14' title="bbox 716 2551 1885 2654; baseline 0.003 -24"><span class='ocrx_word' id='word_1_113' title='bbox 716 2561 823 2649; x_wconf 80' lang='lat' dir='ltr'><strong>tator,</strong></span> <span class='ocrx_word' id='word_1_114' title='bbox 851 2555 953 2650; x_wconf 83' lang='lat' dir='ltr'><strong>idest,</strong></span> <span class='ocrx_word' id='word_1_115' title='bbox 979 2577 1161 2649; x_wconf 87' lang='lat' dir='ltr'><strong>amorem,</strong></span> <span class='ocrx_word' id='word_1_116' title='bbox 1186 2557 1280 2632; x_wconf 88' lang='lat' dir='ltr'><strong>sicut</strong></span> <span class='ocrx_word' id='word_1_117' title='bbox 1297 2558 1376 2654; x_wconf 82' lang='lat' dir='ltr'><strong>jam</strong></span> <span class='ocrx_word' id='word_1_118' title='bbox 1395 2557 1526 2651; x_wconf 79' lang='lat' dir='ltr'>dixisti,</span> <span class='ocrx_word' id='word_1_119' title='bbox 1542 2557 1641 2652; x_wconf 84' lang='lat' dir='ltr'><strong>quud</strong></span> <span class='ocrx_word' id='word_1_120' title='bbox 1655 2551 1693 2650; x_wconf 77' lang='lat'><strong>(¹)</strong></span> <span class='ocrx_word' id='word_1_121' title='bbox 1710 2557 1806 2634; x_wconf 78' lang='lat' dir='ltr'><strong>soles</strong></span> <span class='ocrx_word' id='word_1_122' title='bbox 1830 2558 1885 2633; x_wconf 85' lang='lat' dir='ltr'><strong>la-</strong></span> 
     </span>
     <span class='ocr_line' id='line_1_15' title="bbox 720 2675 1885 2773; baseline 0.003 -23"><span class='ocrx_word' id='word_1_123' title='bbox 720 2695 806 2750; x_wconf 86' lang='lat' dir='ltr'><strong>uere</strong></span> <span class='ocrx_word' id='word_1_124' title='bbox 830 2675 1032 2750; x_wconf 91' lang='lat' dir='ltr'><strong>secundum</strong></span> <span class='ocrx_word' id='word_1_125' title='bbox 1059 2677 1158 2772; x_wconf 83' lang='lat' dir='ltr'><strong>quud</strong></span> <span class='ocrx_word' id='word_1_126' title='bbox 1182 2697 1290 2752; x_wconf 86' lang='lat' dir='ltr'><strong>amur</strong></span> <span class='ocrx_word' id='word_1_127' title='bbox 1304 2677 1417 2752; x_wconf 86' lang='lat' dir='ltr'><strong>dictat</strong></span> <span class='ocrx_word' id='word_1_128' title='bbox 1433 2678 1517 2772; x_wconf 81' lang='lat' dir='ltr'><strong>tibi3</strong></span> <span class='ocrx_word' id='word_1_129' title='bbox 1537 2678 1642 2773; x_wconf 81' lang='lat' dir='ltr'>quasi</span> <span class='ocrx_word' id='word_1_130' title='bbox 1660 2678 1774 2752; x_wconf 88' lang='lat' dir='ltr'><strong>dicat:</strong></span> <span class='ocrx_word' id='word_1_131' title='bbox 1791 2679 1885 2753; x_wconf 89' lang='lat' dir='ltr'><strong>bene</strong></span> 
     </span>
     <span class='ocr_line' id='line_1_16' title="bbox 719 2795 1885 2892; baseline 0.001 -22"><span class='ocrx_word' id='word_1_132' title='bbox 719 2795 877 2872; x_wconf 89' lang='lat' dir='ltr'><strong>ostendis</strong></span> <span class='ocrx_word' id='word_1_133' title='bbox 902 2796 1000 2890; x_wconf 90' lang='lat' dir='ltr'><strong>quod</strong></span> <span class='ocrx_word' id='word_1_134' title='bbox 1025 2796 1074 2869; x_wconf 90' lang='lat' dir='ltr'><strong>sis</strong></span> <span class='ocrx_word' id='word_1_135' title='bbox 1097 2797 1238 2872; x_wconf 87' lang='lat' dir='ltr'><strong>calidus</strong></span> <span class='ocrx_word' id='word_1_136' title='bbox 1260 2817 1391 2872; x_wconf 90' lang='lat' dir='ltr'><strong>amure</strong></span> <span class='ocrx_word' id='word_1_137' title='bbox 1409 2798 1557 2892; x_wconf 86' lang='lat' dir='ltr'><strong>quando</strong></span> <span class='ocrx_word' id='word_1_138' title='bbox 1573 2797 1702 2872; x_wconf 87' lang='lat' dir='ltr'><strong>scribis</strong></span> <span class='ocrx_word' id='word_1_139' title='bbox 1718 2817 1805 2872; x_wconf 89' lang='lat' dir='ltr'><strong>cum</strong></span> <span class='ocrx_word' id='word_1_140' title='bbox 1822 2817 1885 2872; x_wconf 90' lang='lat' dir='ltr'><strong>ar·</strong></span> 
     </span>
     <span class='ocr_line' id='line_1_17' title="bbox 717 2915 1885 3014; baseline 0 -24"><span class='ocrx_word' id='word_1_141' title='bbox 717 2917 815 2991; x_wconf 88' lang='lat' dir='ltr'><strong>denti</strong></span> <span class='ocrx_word' id='word_1_142' title='bbox 841 2915 999 3012; x_wconf 80' lang='lat' dir='ltr'><strong>ingenio,</strong></span> <span class='ocrx_word' id='word_1_143' title='bbox 1015 2915 1111 2990; x_wconf 88' lang='lat' dir='ltr'><strong>sicut</strong></span> <span class='ocrx_word' id='word_1_144' title='bbox 1134 2918 1227 2994; x_wconf 90' lang='lat' dir='ltr'><strong>sulet</strong></span> <span class='ocrx_word' id='word_1_145' title='bbox 1240 2915 1310 2992; x_wconf 90' lang='lat' dir='ltr'><strong>dici</strong></span> <span class='ocrx_word' id='word_1_146' title='bbox 1327 2917 1541 3014; x_wconf 79' lang='lat' dir='ltr'><strong>vulgariter,</strong></span> <span class='ocrx_word' id='word_1_147' title='bbox 1560 2917 1660 3012; x_wconf 87' lang='lat' dir='ltr'><strong>quud</strong></span> <span class='ocrx_word' id='word_1_148' title='bbox 1680 2918 1779 2991; x_wconf 87' lang='lat' dir='ltr'><strong>male</strong></span> <span class='ocrx_word' id='word_1_149' title='bbox 1795 2937 1885 2991; x_wconf 79' lang='lat' dir='ltr'><strong>mn-</strong></span> 
     </span>
     <span class='ocr_line' id='line_1_18' title="bbox 716 3035 1885 3131; baseline -0.002 -19"><span class='ocrx_word' id='word_1_150' title='bbox 716 3044 769 3113; x_wconf 90' lang='lat' dir='ltr'><strong>tat</strong></span> <span class='ocrx_word' id='word_1_151' title='bbox 793 3037 840 3111; x_wconf 92' lang='lat' dir='ltr'><strong>de</strong></span> <span class='ocrx_word' id='word_1_152' title='bbox 863 3057 992 3111; x_wconf 90' lang='lat' dir='ltr'><strong>amore</strong></span> <span class='ocrx_word' id='word_1_153' title='bbox 1017 3037 1081 3131; x_wconf 89' lang='lat' dir='ltr'><strong>qui</strong></span> <span class='ocrx_word' id='word_1_154' title='bbox 1106 3058 1181 3111; x_wconf 92' lang='lat' dir='ltr'><strong>non</strong></span> <span class='ocrx_word' id='word_1_155' title='bbox 1205 3037 1324 3112; x_wconf 84' lang='lat' dir='ltr'><strong>sentit</strong></span> <span class='ocrx_word' id='word_1_156' title='bbox 1355 3037 1441 3112; x_wconf 91' lang='lat' dir='ltr'><strong>ldeo</strong></span> <span class='ocrx_word' id='word_1_157' title='bbox 1464 3037 1561 3112; x_wconf 88' lang='lat' dir='ltr'><strong>hene</strong></span> <span class='ocrx_word' id='word_1_158' title='bbox 1584 3044 1779 3112; x_wconf 76' lang='lat' dir='ltr'><strong>cantarunt</strong></span> <span class='ocrx_word' id='word_1_159' title='bbox 1802 3035 1885 3110; x_wconf 86' lang='lat' dir='ltr'><strong>Vir·</strong></span> 
     </span>
     <span class='ocr_line' id='line_1_19' title="bbox 716 3157 1883 3254; baseline 0.003 -24"><span class='ocrx_word' id='word_1_160' title='bbox 716 3158 835 3254; x_wconf 79' lang='lat' dir='ltr'><strong>gilius,</strong></span> <span class='ocrx_word' id='word_1_161' title='bbox 853 3157 1002 3232; x_wconf 84' lang='lat' dir='ltr'><strong>Ovidius</strong></span> <span class='ocrx_word' id='word_1_162' title='bbox 1026 3165 1065 3232; x_wconf 88' lang='lat' dir='ltr'><strong>et</strong></span> <span class='ocrx_word' id='word_1_163' title='bbox 1088 3157 1150 3232; x_wconf 92' lang='lat' dir='ltr'><strong>alii</strong></span> <span class='ocrx_word' id='word_1_164' title='bbox 1173 3164 1292 3252; x_wconf 80' lang='lat' dir='ltr'><strong>poetae</strong></span> <span class='ocrx_word' id='word_1_165' title='bbox 1315 3157 1468 3252; x_wconf 76' lang='lat' dir='ltr'><strong>antiqui,</strong></span> <span class='ocrx_word' id='word_1_166' title='bbox 1485 3164 1524 3233; x_wconf 89' lang='lat' dir='ltr'><strong>et</strong></span> <span class='ocrx_word' id='word_1_167' title='bbox 1547 3158 1691 3252; x_wconf 82' lang='lat' dir='ltr'><strong>Sapphn</strong></span> <span class='ocrx_word' id='word_1_168' title='bbox 1707 3157 1883 3253; x_wconf 79' lang='lat' dir='ltr'><strong>poetissa3</strong></span> 
     </span>
     <span class='ocr_line' id='line_1_20' title="bbox 716 3277 1884 3373; baseline 0 -21"><span class='ocrx_word' id='word_1_169' title='bbox 716 3283 754 3352; x_wconf 89' lang='lat' dir='ltr'><strong>et</strong></span> <span class='ocrx_word' id='word_1_170' title='bbox 779 3283 821 3350; x_wconf 89' lang='lat' dir='ltr'><strong>ut</strong></span> <span class='ocrx_word' id='word_1_171' title='bbox 845 3277 978 3352; x_wconf 90' lang='lat' dir='ltr'><strong>melius</strong></span> <span class='ocrx_word' id='word_1_172' title='bbox 1002 3277 1047 3351; x_wconf 89' lang='lat' dir='ltr'><strong>sit</strong></span> <span class='ocrx_word' id='word_1_173' title='bbox 1072 3277 1298 3372; x_wconf 81' lang='lat' dir='ltr'><strong>exemplum,</strong></span> <span class='ocrx_word' id='word_1_174' title='bbox 1314 3277 1536 3352; x_wconf 85' lang='lat' dir='ltr'><strong>novissimus</strong></span> <span class='ocrx_word' id='word_1_175' title='bbox 1553 3283 1662 3373; x_wconf 87' lang='lat' dir='ltr'><strong>poeta</strong></span> <span class='ocrx_word' id='word_1_176' title='bbox 1686 3277 1884 3354; x_wconf 82' lang='lat' dir='ltr'><strong>Petrarclna</strong></span> 
     </span>
     <span class='ocr_line' id='line_1_21' title="bbox 715 3396 1885 3493; baseline 0.003 -23"><span class='ocrx_word' id='word_1_177' title='bbox 715 3417 790 3470; x_wconf 90' lang='lat' dir='ltr'><strong>non</strong></span> <span class='ocrx_word' id='word_1_178' title='bbox 815 3403 891 3470; x_wconf 89' lang='lat' dir='ltr'><strong>tam</strong></span> <span class='ocrx_word' id='word_1_179' title='bbox 917 3397 1067 3493; x_wconf 74' lang='lat' dir='ltr'><strong>egregie</strong></span> <span class='ocrx_word' id='word_1_180' title='bbox 1091 3396 1290 3492; x_wconf 80' lang='lat' dir='ltr'><strong>scripsisset</strong></span> <span class='ocrx_word' id='word_1_181' title='bbox 1307 3396 1346 3469; x_wconf 96' lang='lat' dir='ltr'><strong>in</strong></span> <span class='ocrx_word' id='word_1_182' title='bbox 1361 3397 1431 3471; x_wconf 88' lang='lat' dir='ltr'><strong>istu</strong></span> <span class='ocrx_word' id='word_1_183' title='bbox 1450 3397 1533 3471; x_wconf 88' lang='lat' dir='ltr'><strong>stilu</strong></span> <span class='ocrx_word' id='word_1_184' title='bbox 1549 3397 1615 3471; x_wconf 91' lang='lat' dir='ltr'><strong>nisi</strong></span> <span class='ocrx_word' id='word_1_185' title='bbox 1635 3419 1743 3474; x_wconf 87' lang='lat' dir='ltr'><strong>amur</strong></span> <span class='ocrx_word' id='word_1_186' title='bbox 1760 3399 1885 3474; x_wconf 89' lang='lat' dir='ltr'><strong>incen-</strong></span> 
     </span>
     <span class='ocr_line' id='line_1_22' title="bbox 716 3516 1883 3611; baseline 0.001 -20"><span class='ocrx_word' id='word_1_187' title='bbox 716 3516 827 3591; x_wconf 85' lang='lat' dir='ltr'><strong>disset</strong></span> <span class='ocrx_word' id='word_1_188' title='bbox 851 3537 958 3610; x_wconf 86' lang='lat' dir='ltr'><strong>eum3</strong></span> <span class='ocrx_word' id='word_1_189' title='bbox 984 3523 1022 3591; x_wconf 91' lang='lat' dir='ltr'><strong>et</strong></span> <span class='ocrx_word' id='word_1_190' title='bbox 1046 3516 1150 3591; x_wconf 88' lang='lat' dir='ltr'><strong>dicit:</strong></span> <span class='ocrx_word' id='word_1_191' title='bbox 1174 3519 1236 3590; x_wconf 82' lang='lat' dir='ltr'><strong>cle</strong></span> <span class='ocrx_word' id='word_1_192' title='bbox 1257 3519 1347 3591; x_wconf 83' lang='lat' dir='ltr'><strong>delle</strong></span> <span class='ocrx_word' id='word_1_193' title='bbox 1369 3524 1488 3590; x_wconf 80' lang='lat' dir='ltr'><strong>nostre</strong></span> <span class='ocrx_word' id='word_1_194' title='bbox 1505 3525 1601 3590; x_wconf 82' lang='lat' dir='ltr'><strong>certo</strong></span> <span class='ocrx_word' id='word_1_195' title='bbox 1618 3539 1692 3589; x_wconf 83' lang='lat' dir='ltr'><strong>uun</strong></span> <span class='ocrx_word' id='word_1_196' title='bbox 1715 3524 1883 3611; x_wconf 68' lang='lat' dir='ltr'><strong>acuere,</strong></span> 
     </span>
     <span class='ocr_line' id='line_1_23' title="bbox 716 3636 1884 3733; baseline 0.003 -23"><span class='ocrx_word' id='word_1_197' title='bbox 716 3643 759 3710; x_wconf 91' lang='lat' dir='ltr'><strong>nt</strong></span> <span class='ocrx_word' id='word_1_198' title='bbox 784 3636 920 3711; x_wconf 87' lang='lat' dir='ltr'><strong>scilicet</strong></span> <span class='ocrx_word' id='word_1_199' title='bbox 945 3643 1079 3711; x_wconf 83' lang='lat' dir='ltr'><strong>nnstrae</strong></span> <span class='ocrx_word' id='word_1_200' title='bbox 1104 3656 1235 3733; x_wconf 78' lang='lat' dir='ltr'><strong>penne</strong></span> <span class='ocrx_word' id='word_1_201' title='bbox 1265 3643 1496 3712; x_wconf 87' lang='lat' dir='ltr'><strong>sectarentur</strong></span> <span class='ocrx_word' id='word_1_202' title='bbox 1526 3637 1755 3732; x_wconf 84' lang='lat' dir='ltr'><strong>dictatorem,</strong></span> <span class='ocrx_word' id='word_1_203' title='bbox 1779 3639 1884 3733; x_wconf 82' lang='lat' dir='ltr'><strong>quasi</strong></span> 
     </span>
     <span class='ocr_line' id='line_1_24' title="bbox 716 3755 1882 3853; baseline 0.003 -23"><span class='ocrx_word' id='word_1_204' title='bbox 716 3755 831 3830; x_wconf 88' lang='lat' dir='ltr'><strong>dicat:</strong></span> <span class='ocrx_word' id='word_1_205' title='bbox 857 3755 960 3829; x_wconf 91' lang='lat' dir='ltr'><strong>stilus</strong></span> <span class='ocrx_word' id='word_1_206' title='bbox 985 3763 1110 3832; x_wconf 88' lang='lat' dir='ltr'><strong>noster</strong></span> <span class='ocrx_word' id='word_1_207' title='bbox 1134 3756 1280 3832; x_wconf 81' lang='lat' dir='ltr'><strong>videtur</strong></span> <span class='ocrx_word' id='word_1_208' title='bbox 1304 3757 1466 3853; x_wconf 76' lang='lat' dir='ltr'><strong>frigidus</strong></span> <span class='ocrx_word' id='word_1_209' title='bbox 1492 3757 1537 3830; x_wconf 86' lang='lat' dir='ltr'><strong>Et</strong></span> <span class='ocrx_word' id='word_1_210' title='bbox 1561 3757 1620 3832; x_wconf 83' lang='lat' dir='ltr'><strong>lric</strong></span> <span class='ocrx_word' id='word_1_211' title='bbox 1639 3765 1739 3852; x_wconf 90' lang='lat' dir='ltr'><strong>nuta,</strong></span> <span class='ocrx_word' id='word_1_212' title='bbox 1756 3759 1882 3852; x_wconf 80' lang='lat' dir='ltr'><strong>lectur,</strong></span> 
     </span>
    </p>

    <p class='ocr_par' dir='ltr' id='par_1_3' title="bbox 605 3875 1883 4212">
     <span class='ocr_line' id='line_1_25' title="bbox 638 3875 1882 3991; baseline 0.004 -43"><span class='ocrx_word' id='word_1_213' title='bbox 638 3941 669 3991; x_wconf 52' lang='lat' dir='ltr'><strong>s.</strong></span> <span class='ocrx_word' id='word_1_214' title='bbox 716 3875 815 3970; x_wconf 82' lang='lat' dir='ltr'><strong>quud</strong></span> <span class='ocrx_word' id='word_1_215' title='bbox 841 3876 945 3970; x_wconf 89' lang='lat' dir='ltr'><strong>qnasi</strong></span> <span class='ocrx_word' id='word_1_216' title='bbox 970 3897 1099 3950; x_wconf 87' lang='lat' dir='ltr'><strong>omnes</strong></span> <span class='ocrx_word' id='word_1_217' title='bbox 1124 3877 1183 3950; x_wconf 85' lang='lat' dir='ltr'><strong>hic</strong></span> <span class='ocrx_word' id='word_1_218' title='bbox 1207 3877 1384 3951; x_wconf 79' lang='lat' dir='ltr'><strong>falluntur</strong></span> <span class='ocrx_word' id='word_1_219' title='bbox 1408 3897 1475 3972; x_wconf 91' lang='lat' dir='ltr'><strong>per</strong></span> <span class='ocrx_word' id='word_1_220' title='bbox 1504 3897 1685 3970; x_wconf 88' lang='lat' dir='ltr'><strong>errorem,</strong></span> <span class='ocrx_word' id='word_1_221' title='bbox 1710 3877 1882 3972; x_wconf 81' lang='lat' dir='ltr'><strong>diceutes,</strong></span> 
     </span>
     <span class='ocr_line' id='line_1_26' title="bbox 605 3994 1883 4092; baseline 0.003 -24"><span class='ocrx_word' id='word_1_222' title='bbox 605 3995 637 4022; x_wconf 52' lang='lat' dir='ltr'><strong>&#39;s</strong></span> <span class='ocrx_word' id='word_1_223' title='bbox 715 3995 815 4090; x_wconf 80' lang='lat' dir='ltr'><strong>quod</strong></span> <span class='ocrx_word' id='word_1_224' title='bbox 839 4016 907 4091; x_wconf 93' lang='lat' dir='ltr'><strong>per</strong></span> <span class='ocrx_word' id='word_1_225' title='bbox 930 3994 1145 4071; x_wconf 82' lang='lat' dir='ltr'><strong>dictatorem</strong></span> <span class='ocrx_word' id='word_1_226' title='bbox 1172 3996 1282 4072; x_wconf 88' lang='lat' dir='ltr'><strong>debet</strong></span> <span class='ocrx_word' id='word_1_227' title='bbox 1306 3996 1457 4092; x_wconf 78' lang='lat' dir='ltr'><strong>intelligi</strong></span> <span class='ocrx_word' id='word_1_228' title='bbox 1472 3996 1612 4072; x_wconf 86' lang='lat' dir='ltr'><strong>Tullius</strong></span> <span class='ocrx_word' id='word_1_229' title='bbox 1634 4017 1806 4071; x_wconf 85' lang='lat' dir='ltr'><strong>summus</strong></span> <span class='ocrx_word' id='word_1_230' title='bbox 1828 3995 1883 4072; x_wconf 95' lang='lat' dir='ltr'><strong>di-</strong></span> 
     </span>
     <span class='ocr_line' id='line_1_27' title="bbox 714 4115 1883 4212; baseline 0.003 -22"><span class='ocrx_word' id='word_1_231' title='bbox 714 4123 834 4190; x_wconf 87' lang='lat' dir='ltr'><strong>ctator</strong></span> <span class='ocrx_word' id='word_1_232' title='bbox 857 4123 896 4190; x_wconf 89' lang='lat' dir='ltr'><strong>et</strong></span> <span class='ocrx_word' id='word_1_233' title='bbox 919 4123 1068 4211; x_wconf 81' lang='lat' dir='ltr'><strong>oratur3</strong></span> <span class='ocrx_word' id='word_1_234' title='bbox 1093 4116 1158 4192; x_wconf 91' lang='lat' dir='ltr'><strong>sed</strong></span> <span class='ocrx_word' id='word_1_235' title='bbox 1181 4116 1270 4190; x_wconf 80' lang='lat' dir='ltr'><strong>ninii</strong></span> <span class='ocrx_word' id='word_1_236' title='bbox 1292 4115 1341 4192; x_wconf 90' lang='lat' dir='ltr'><strong>ad</strong></span> <span class='ocrx_word' id='word_1_237' title='bbox 1365 4117 1605 4212; x_wconf 86' lang='lat' dir='ltr'><strong>propositum,</strong></span> <span class='ocrx_word' id='word_1_238' title='bbox 1629 4117 1716 4211; x_wconf 88' lang='lat' dir='ltr'><strong>qnia</strong></span> <span class='ocrx_word' id='word_1_239' title='bbox 1746 4117 1794 4192; x_wconf 89' lang='lat' dir='ltr'><strong>de</strong></span> <span class='ocrx_word' id='word_1_240' title='bbox 1821 4117 1883 4193; x_wconf 95' lang='lat' dir='ltr'><strong>tali</strong></span> 
     </span>
    </p>
   </div>
   <div class='ocr_carea' id='block_1_3' title="bbox 624 4227 1884 4932">
    <p class='ocr_par' dir='ltr' id='par_1_4' title="bbox 624 4227 1884 4932">
     <span class='ocr_line' id='line_1_28' title="bbox 624 4227 1884 4331; baseline 0 -21"><span class='ocrx_word' id='word_1_241' title='bbox 624 4301 630 4310; x_wconf 88' lang='lat'><strong><em>.</em></strong></span> <span class='ocrx_word' id='word_1_242' title='bbox 713 4234 910 4310; x_wconf 81' lang='lat' dir='ltr'><strong>dictamine</strong></span> <span class='ocrx_word' id='word_1_243' title='bbox 934 4257 1009 4310; x_wconf 93' lang='lat' dir='ltr'><strong>nun</strong></span> <span class='ocrx_word' id='word_1_244' title='bbox 1032 4236 1197 4330; x_wconf 89' lang='lat' dir='ltr'><strong>loquitur</strong></span> <span class='ocrx_word' id='word_1_245' title='bbox 1220 4234 1280 4311; x_wconf 77' lang='lat' dir='ltr'><strong>liic</strong></span> <span class='ocrx_word' id='word_1_246' title='bbox 1303 4235 1384 4331; x_wconf 88' lang='lat' dir='ltr'><strong>iste,</strong></span> <span class='ocrx_word' id='word_1_247' title='bbox 1400 4255 1471 4311; x_wconf 89' lang='lat' dir='ltr'><strong>nec</strong></span> <span class='ocrx_word' id='word_1_248' title='bbox 1494 4227 1614 4329; x_wconf 58' lang='lat' dir='ltr'><strong>inito</strong></span> <span class='ocrx_word' id='word_1_249' title='bbox 1639 4237 1884 4310; x_wconf 86' lang='lat' dir='ltr'><strong>nominandus</strong></span> 
     </span>
     <span class='ocr_line' id='line_1_29' title="bbox 714 4355 1884 4450; baseline 0.001 -21"><span class='ocrx_word' id='word_1_250' title='bbox 714 4355 773 4430; x_wconf 78' lang='lat' dir='ltr'><strong>liic</strong></span> <span class='ocrx_word' id='word_1_251' title='bbox 799 4355 893 4430; x_wconf 85' lang='lat' dir='ltr'><strong>inter</strong></span> <span class='ocrx_word' id='word_1_252' title='bbox 918 4355 1006 4430; x_wconf 87' lang='lat' dir='ltr'><strong>istus</strong></span> <span class='ocrx_word' id='word_1_253' title='bbox 1030 4362 1228 4450; x_wconf 78' lang='lat' dir='ltr'><strong>putatores,</strong></span> <span class='ocrx_word' id='word_1_254' title='bbox 1245 4355 1310 4430; x_wconf 88' lang='lat' dir='ltr'><strong>sed</strong></span> <span class='ocrx_word' id='word_1_255' title='bbox 1326 4355 1460 4430; x_wconf 89' lang='lat' dir='ltr'><strong>melius</strong></span> <span class='ocrx_word' id='word_1_256' title='bbox 1475 4355 1570 4429; x_wconf 86' lang='lat' dir='ltr'><strong>lilius</strong></span> <span class='ocrx_word' id='word_1_257' title='bbox 1584 4356 1666 4430; x_wconf 84' lang='lat' dir='ltr'><strong>eius</strong></span> <span class='ocrx_word' id='word_1_258' title='bbox 1680 4355 1820 4450; x_wconf 83' lang='lat' dir='ltr'><strong>Cicero,</strong></span> <span class='ocrx_word' id='word_1_259' title='bbox 1836 4355 1884 4430; x_wconf 90' lang='lat' dir='ltr'><strong>de</strong></span> 
     </span>
     <span class='ocr_line' id='line_1_30' title="bbox 712 4475 1882 4574; baseline 0.002 -24"><span class='ocrx_word' id='word_1_260' title='bbox 712 4497 790 4570; x_wconf 80' lang='lat' dir='ltr'><strong>quo</strong></span> <span class='ocrx_word' id='word_1_261' title='bbox 814 4475 899 4551; x_wconf 89' lang='lat' dir='ltr'><strong>dicit</strong></span> <span class='ocrx_word' id='word_1_262' title='bbox 929 4475 1068 4550; x_wconf 88' lang='lat' dir='ltr'><strong>Plinius</strong></span> <span class='ocrx_word' id='word_1_263' title='bbox 1100 4476 1200 4570; x_wconf 86' lang='lat' dir='ltr'><strong>quud</strong></span> <span class='ocrx_word' id='word_1_264' title='bbox 1224 4475 1341 4550; x_wconf 82' lang='lat' dir='ltr'><strong>voluit</strong></span> <span class='ocrx_word' id='word_1_265' title='bbox 1368 4476 1519 4552; x_wconf 75' lang='lat' dir='ltr'><strong>anferre</strong></span> <span class='ocrx_word' id='word_1_266' title='bbox 1549 4477 1704 4574; x_wconf 78' lang='lat' dir='ltr'><strong>gloriam</strong></span> <span class='ocrx_word' id='word_1_267' title='bbox 1738 4475 1882 4552; x_wconf 84' lang='lat' dir='ltr'><strong>bibendi</strong></span> 
     </span>
     <span class='ocr_line' id='line_1_31' title="bbox 714 4595 1884 4692; baseline 0.003 -23"><span class='ocrx_word' id='word_1_268' title='bbox 714 4598 837 4670; x_wconf 75' lang='lat' dir='ltr'><strong>Marcu</strong></span> <span class='ocrx_word' id='word_1_269' title='bbox 862 4595 1018 4670; x_wconf 80' lang='lat' dir='ltr'><strong>Antonin</strong></span> <span class='ocrx_word' id='word_1_270' title='bbox 1043 4595 1269 4671; x_wconf 79' lang='lat' dir='ltr'><strong>interfecturi</strong></span> <span class='ocrx_word' id='word_1_271' title='bbox 1285 4595 1398 4691; x_wconf 87' lang='lat' dir='ltr'><strong>patris</strong></span> <span class='ocrx_word' id='word_1_272' title='bbox 1414 4597 1484 4691; x_wconf 91' lang='lat' dir='ltr'><strong>sui,</strong></span> <span class='ocrx_word' id='word_1_273' title='bbox 1500 4597 1667 4692; x_wconf 82' lang='lat' dir='ltr'><strong>quiante</strong></span> <span class='ocrx_word' id='word_1_274' title='bbox 1691 4616 1780 4671; x_wconf 93' lang='lat' dir='ltr'><strong>eum</strong></span> <span class='ocrx_word' id='word_1_275' title='bbox 1804 4598 1884 4672; x_wconf 84' lang='lat' dir='ltr'><strong>avi·</strong></span> 
     </span>
     <span class='ocr_line' id='line_1_32' title="bbox 714 4715 1884 4812; baseline 0.005 -24"><span class='ocrx_word' id='word_1_276' title='bbox 714 4715 861 4791; x_wconf 80' lang='lat' dir='ltr'><strong>dissime</strong></span> <span class='ocrx_word' id='word_1_277' title='bbox 884 4717 1122 4812; x_wconf 83' lang='lat' dir='ltr'><strong>apprehendit</strong></span> <span class='ocrx_word' id='word_1_278' title='bbox 1146 4717 1308 4812; x_wconf 89' lang='lat' dir='ltr'><strong>palmam</strong></span> <span class='ocrx_word' id='word_1_279' title='bbox 1333 4716 1490 4811; x_wconf 86' lang='lat' dir='ltr'><strong>bibendi,</strong></span> <span class='ocrx_word' id='word_1_280' title='bbox 1511 4717 1608 4792; x_wconf 81' lang='lat' dir='ltr'><strong>iactu</strong></span> <span class='ocrx_word' id='word_1_281' title='bbox 1629 4717 1819 4792; x_wconf 80' lang='lat' dir='ltr'><strong>uolumine</strong></span> <span class='ocrx_word' id='word_1_282' title='bbox 1836 4718 1884 4794; x_wconf 91' lang='lat' dir='ltr'><strong>de</strong></span> 
     </span>
     <span class='ocr_line' id='line_1_33' title="bbox 714 4835 1884 4932; baseline 0.003 -24"><span class='ocrx_word' id='word_1_283' title='bbox 714 4857 781 4909; x_wconf 79' lang='lat' dir='ltr'><strong>sua</strong></span> <span class='ocrx_word' id='word_1_284' title='bbox 807 4835 994 4910; x_wconf 89' lang='lat' dir='ltr'><strong>ebrietate.</strong></span> <span class='ocrx_word' id='word_1_285' title='bbox 1021 4837 1066 4910; x_wconf 87' lang='lat' dir='ltr'><strong>Et</strong></span> <span class='ocrx_word' id='word_1_286' title='bbox 1089 4836 1222 4910; x_wconf 87' lang='lat' dir='ltr'><strong>ultimo</strong></span> <span class='ocrx_word' id='word_1_287' title='bbox 1245 4837 1475 4932; x_wconf 80' lang='lat' dir='ltr'><strong>Bonagiunta</strong></span> <span class='ocrx_word' id='word_1_288' title='bbox 1494 4836 1618 4932; x_wconf 80' lang='lat' dir='ltr'><strong>arguit</strong></span> <span class='ocrx_word' id='word_1_289' title='bbox 1636 4837 1741 4930; x_wconf 85' lang='lat' dir='ltr'><strong>quasi</strong></span> <span class='ocrx_word' id='word_1_290' title='bbox 1758 4857 1806 4911; x_wconf 83' lang='lat' dir='ltr'><strong>ex</strong></span> <span class='ocrx_word' id='word_1_291' title='bbox 1825 4838 1884 4911; x_wconf 88' lang='lat' dir='ltr'><strong>in-</strong></span> 
     </span>
    </p>
   </div>
   <div class='ocr_carea' id='block_1_4' title="bbox 776 5022 1526 5162">
    <p class='ocr_par' dir='ltr' id='par_1_5' title="bbox 776 5022 1526 5162">
     <span class='ocr_line' id='line_1_34' title="bbox 776 5022 1526 5088; baseline 0.001 -15"><span class='ocrx_word' id='word_1_292' title='bbox 776 5024 804 5084; x_wconf 79' lang='lat'><strong>(¹)</strong></span> <span class='ocrx_word' id='word_1_293' title='bbox 820 5023 851 5072; x_wconf 79' lang='lat' dir='ltr'><strong>li.</strong></span> <span class='ocrx_word' id='word_1_294' title='bbox 866 5022 965 5074; x_wconf 76' lang='lat' dir='ltr'><strong>scilicet</strong></span> <span class='ocrx_word' id='word_1_295' title='bbox 979 5025 1049 5088; x_wconf 79' lang='lat' dir='ltr'><strong>quud</strong></span> <span class='ocrx_word' id='word_1_296' title='bbox 1065 5025 1133 5075; x_wconf 77' lang='lat' dir='ltr'><strong>soles</strong></span> <span class='ocrx_word' id='word_1_297' title='bbox 1148 5024 1235 5074; x_wconf 78' lang='lat' dir='ltr'><strong>lacere</strong></span> <span class='ocrx_word' id='word_1_298' title='bbox 1249 5024 1318 5074; x_wconf 77' lang='lat' dir='ltr'><strong>uicrrt</strong></span> <span class='ocrx_word' id='word_1_299' title='bbox 1331 5030 1359 5075; x_wconf 82' lang='lat' dir='ltr'><strong>ct</strong></span> <span class='ocrx_word' id='word_1_300' title='bbox 1374 5025 1526 5075; x_wconf 67' lang='lat' dir='ltr'><strong>mudum.</strong></span> 
     </span>
     <span class='ocr_line' id='line_1_35' title="bbox 777 5097 1213 5162; baseline 0.002 -11"><span class='ocrx_word' id='word_1_301' title='bbox 777 5097 1213 5162; x_wconf 75' lang='lat' dir='ltr'><strong>(¹)Rnecluitlricinterislus.</strong></span> 
     </span>
    </p>
   </div>
   <div class='ocr_carea' id='block_1_5' title="bbox 0 0 2292 6838">
    <p class='ocr_par' dir='ltr' id='par_1_6' title="bbox 0 0 2292 6838">
     <span class='ocr_line' id='line_1_36' title="bbox 0 0 2292 6838; baseline 0 0"><span class='ocrx_word' id='word_1_302' title='bbox 0 0 2292 6838; x_wconf 95' lang='lat' dir='ltr'><strong> </strong></span> 
     </span>
    </p>
   </div>
  </div>
 </body>
</html>
