4575 6842
713 931 784 998 lbi
1076 943 1280 998 counuruu
1304 944 1522 999 runcaronn

708 1087 876 1181 tualiter3
902 1109 921 1160 e
944 1088 1046 1179 belm,
1073 1088 1192 1163 forma
1217 1088 1380 1184 corporis
1404 1096 1442 1163 et
1459 1089 1596 1165 virtute
1619 1089 1745 1186 animi,
1764 1095 1885 1166 cador

702 1229 772 1301 per
797 1228 870 1281 uno
895 1210 1019 1300 undo,
1043 1207 1147 1302 idest,
1174 1209 1359 1304 planitiem
1391 1229 1604 1304 amoenarn3
1635 1211 1716 1284 tatis
1743 1217 1799 1286 est
1826 1212 1885 1288 via

710 1329 855 1403 virtutis
879 1329 917 1402 in
944 1328 1028 1424 tine,
1052 1331 1233 1420 coptiercdo
1262 1331 1358 1422 fiori,
1385 1329 1487 1424 idest,
1519 1350 1632 1426 opera
1664 1332 1803 1406 florida.
1840 1333 1885 1406 Et
1925 1391 1929 1398 .

708 1450 880 1526 describit
906 1450 1034 1524 boram
1062 1470 1135 1545 qua
1164 1450 1290 1525 babuit
1316 1446 1422 1525 ista'm
1449 1471 1576 1526 veram
1603 1452 1795 1548 visionem,
1813 1453 1883 1528 sci-

710 1570 804 1664 licet,
831 1590 1007 1644 auroram
1033 1569 1123 1664 diei;
1150 1575 1187 1644 et
1212 1569 1291 1643 vult
1324 1569 1445 1645 dicere
1479 1571 1753 1665 sententialiter,
1784 1572 1883 1666 quod

710 1712 810 1766 nunc
835 1699 915 1767 erat
939 1690 999 1765 iiia
1025 1692 1116 1764 bora
1143 1711 1258 1784 quam
1283 1690 1404 1787 primo
1433 1691 1621 1787 descripsit
1646 1692 1683 1766 in
1708 1691 1882 1787 principio

710 1811 925 1910 purgatorii,
951 1811 1038 1906 quia
1063 1811 1199 1886 scilicet
1224 1812 1348 1885 Venus
1368 1831 1452 1906 quae
1478 1817 1567 1887 tunc
1592 1818 1672 1888 erat
1697 1812 1883 1886 orientalis

710 1932 910 2028 apparebat
939 1930 1225 2027 splendidissima
1254 1936 1340 2006 ante
1371 1936 1496 2004 ortum
1530 1932 1625 2006 solis.
1661 1933 1763 2007 Unde
1794 1931 1882 2007 dixit

710 2053 778 2128 ibi:
805 2058 856 2126 Lo
881 2053 936 2126 bel
952 2055 1096 2146 piaccio
1120 2053 1181 2124 cbe
1204 2053 1255 2124 od
1278 2071 1384 2124 amor
1408 2056 1572 2146 conforto
1593 2058 1697 2148 [oceo
1722 2059 1805 2126 tutto
1830 2056 1882 2126 ri-

709 2176 775 2247 der
798 2175 975 2246 [oriente.
994 2171 1087 2246 Dicit
1111 2191 1220 2268 ergo:
1239 2174 1345 2244 nodo
1362 2174 1517 2244 ncltoro
1534 2174 1593 2244 circ
1613 2175 1758 2263 Citcreo,
1776 2173 1879 2266 idest,

709 2293 845 2385 Venus,
872 2291 924 2365 sic
949 2291 1042 2366 dicta
1068 2290 1115 2364 ab
1141 2289 1261 2364 insula
1287 2290 1350 2365 ubi
1367 2291 1550 2386 praecipue
1572 2293 1773 2384 colebatur,
1790 2312 1880 2384 rop-

708 2404 768 2504 po
799 2415 923 2505 priam
959 2414 1037 2486 dcii
1050 2414 1182 2484 oriente
1218 2413 1276 2484 uel
1312 2418 1437 2501 ownia,
1476 2411 1623 2504 scilicet,
1657 2411 1880 2508 purgatorii,

713 2535 860 2624 Cauca,
883 2531 976 2626 dico,
1002 2534 1061 2604 cte
1085 2534 1250 2625 discaco
1278 2532 1312 2603 ἀ·
1326 2550 1429 2604 umor
1455 2552 1528 2622 por
1556 2550 1694 2623 sempre
1723 2534 1881 2623 ardente,

711 2653 798 2748 quia
816 2653 938 2727 Venus
957 2651 1090 2725 dicitur
1115 2655 1236 2725 mater
1260 2650 1408 2744 amoris,
1427 2656 1463 2724 et
1480 2657 1628 2745 praestat
1645 2671 1793 2725 omnem
1817 2651 1882 2726 de-

711 2772 955 2848 lectationem.
970 2812 1019 2826 -
1032 2777 1065 2844 Ε
1086 2773 1275 2844 coeundo.
1302 2771 1366 2844 Hic
1392 2776 1499 2865 poeta
1529 2769 1700 2844 describit
1730 2776 1880 2844 cantum

711 2887 874 2986 buius(⁴)
902 2894 1050 2969 sarnosae
1077 2893 1252 2986 mulieris,
1280 2913 1364 2987 quae
1389 2911 1429 2966 se
1456 2891 1649 2988 magnifice
1675 2892 1881 2968 manifestat

710 3035 733 3088 a
758 3015 908 3090 nomine
924 3021 961 3089 et
979 3015 1151 3109 operibus
1176 3013 1270 3106 suis;
1291 3014 1387 3088 unde
1408 3012 1511 3087 dicit:
1530 3017 1754 3087 Econtoodo
1771 3016 1881 3104 daeo,

709 3135 805 3211 dicta
838 3134 998 3227 domina,
1027 3137 1154 3228 suppio
1189 3137 1439 3226 concoquat!
1467 3137 1537 3206 mio
1568 3153 1671 3208 nome
1698 3137 1882 3224 dimondo,

710 3259 808 3330 cb’io
833 3259 881 3328 mi
904 3277 970 3329 son
995 3258 1072 3346 Lio,
1098 3254 1200 3348 idest,
1227 3254 1301 3330 vita
1326 3255 1456 3328 activa.
1478 3253 1580 3328 Unde
1605 3252 1757 3330 adverte
1783 3254 1880 3348 quod

712 3375 816 3450 multi
843 3375 1019 3449 falluntur
1044 3375 1102 3448 hio
1127 3374 1317 3450 credentes
1342 3374 1440 3468 quod
1467 3381 1573 3470 poeta
1598 3374 1772 3469 loquatur
1791 3376 1882 3449 sirn-

710 3495 849 3592 pliciter
874 3495 921 3570 de
946 3496 1042 3591 Lya3
1072 3495 1135 3570 sed
1169 3501 1224 3570 est
1255 3495 1385 3570 modus
1416 3494 1598 3589 loquendi,
1628 3495 1731 3589 quasi
1766 3495 1880 3570 dicat:

709 3637 793 3690 suro
812 3616 913 3690 velut
932 3617 1048 3690 altera
1062 3616 1148 3712 Lya,
1164 3616 1268 3710 sicut,
1282 3615 1399 3711 gratia
1418 3615 1588 3709 exempli,
1605 3615 1634 3688 si
1654 3636 1728 3690 nna
1747 3615 1882 3689 mulier

710 3736 847 3811 solicita
872 3735 968 3810 dicat
991 3734 1038 3810 de
1062 3757 1103 3809 se
1128 3735 1225 3830 ipsa:
1252 3755 1322 3832 ego
1347 3754 1430 3808 sum
1452 3735 1612 3828 Martha,
1631 3739 1667 3808 ot
1692 3734 1721 3808 si
1736 3735 1883 3808 -mulior

710 3855 896 3952 peccatrix
921 3862 959 3930 et
987 3855 1167 3951 poenitens
1197 3855 1312 3930 dicat:
1345 3875 1429 3928 sum
1459 3853 1696 3949 Magdaiona3
1732 3855 1883 3929 inerunt

710 3976 809 4052 enirn
833 3975 918 4050 duoe
943 3995 1080 4050 uxores
1104 3975 1228 4068 Jacob,
1254 3995 1414 4069 quarum
1448 3974 1566 4069 prima
1592 3975 1660 4048 iuit
1684 3975 1770 4071 Lya,
1797 3995 1881 4069 quae

711 4096 846 4193 figurat
871 4095 984 4172 vitam
1010 4095 1192 4170 activam:
1219 4116 1305 4169 nam
1330 4097 1404 4191 Lyn
1430 4093 1498 4168 init
1522 4095 1618 4191 lippa
1643 4095 1769 4188 oculis,
1796 4095 1881 4189 quia
1988 4087 1990 4092 ’

710 4217 784 4291 vita
809 4215 929 4290 activa
953 4235 1050 4311 saepe
1076 4214 1174 4290 videt
1191 4214 1314 4288 minus
1341 4220 1441 4290 recte
1465 4215 1552 4308 quia
1577 4214 1773 4310 impeditur
1790 4235 1879 4289 cura

710 4335 994 4431 temporalium
1028 4334 1164 4410 Rachel
1197 4355 1287 4410 vero
1325 4339 1400 4410 tota
1431 4335 1557 4430 pulcra
1583 4334 1669 4429 quia
1697 4341 1795 4408 recte
1821 4353 1881 4408 re-

709 4455 813 4553 spicit
836 4455 980 4530 divina:
1007 4454 1089 4530 ideo
1121 4459 1228 4550 poeta
1258 4452 1379 4548 primo
1404 4453 1541 4529 inducit
1565 4454 1677 4550 Lyam
1711 4454 1781 4528 sub
1815 4473 1881 4528 no-

711 4577 809 4652 mine
833 4575 1011 4650 Matbiidis
1035 4575 1072 4649 in
1098 4575 1172 4650 bne
1197 4573 1410 4671 purgatorii,
1431 4575 1518 4668 quia
1539 4575 1656 4649 virtus
1675 4575 1823 4650 moralis
1846 4575 1882 4649 in

710 4696 922 4791 operatione
946 4695 1125 4789 consistit3
1151 4695 1286 4770 Rachel
1319 4715 1409 4770 vero
1441 4695 1579 4770 inducit
1607 4697 1644 4770 in
1676 4696 1748 4772 iine
1772 4717 1881 4791 para-

710 4817 789 4910 disi,
811 4816 873 4890 ubi
897 4819 1166 4913 contemplatur
1192 4817 1321 4892 Deum.
1350 4817 1393 4889 Et
1419 4817 1533 4914 tangit
1550 4817 1617 4892 ista
1635 4817 1781 4894 domina
1799 4819 1882 4894 offi-

774 5073 801 5138 (¹)
816 5073 848 5123 B.
863 5073 940 5124 buius
955 5073 1076 5125 formoso
1093 5079 1120 5126 ot
1135 5075 1250 5126 inmoro.
