4575 6842
709 978 776 1046 131
1061 988 1267 1042 consnruu
1292 987 1514 1044 ruuouroau
1609 949 1611 952 ’

703 1134 766 1207 dat
782 1131 930 1230 intelligi
949 1152 1079 1207 omnes
1096 1131 1295 1208 bestialiter
1311 1138 1487 1207 coeuntes
1504 1133 1563 1207 vel
1580 1132 1699 1210 active
1716 1135 1775 1210 vel
1793 1156 1876 1230 pas-

703 1253 792 1347 sive,
817 1253 914 1327 sicut
939 1252 1002 1347 qui
1027 1253 1233 1326 abutuntur
1260 1273 1388 1346 uxore,
1414 1252 1533 1346 *quia
1566 1253 1669 1348 peius
1695 1260 1750 1328 est
1774 1254 1876 1328 abuti

704 1366 916 1467 uxore*(⁴),
943 1393 1055 1468 quam
1083 1372 1290 1466 meretrice,
1311 1379 1352 1446 ut
1374 1372 1460 1447 dicit
1476 1372 1720 1469 Augustinus3
1739 1374 1797 1449 vel
1814 1395 1877 1448 co-

703 1493 846 1590 gnoscit
861 1491 1186 1588 consanguineam,
1204 1491 1302 1586 quod
1321 1496 1453 1566 natura
1469 1493 1655 1568 abhorret.
1669 1493 1772 1568 Unde
1789 1515 1877 1569 uar-

706 1619 763 1687 rat
792 1611 888 1686 idem
919 1611 1056 1686 Plinius
1085 1612 1185 1705 quod
1213 1633 1333 1706 equus
1367 1632 1453 1686 cum
1486 1611 1615 1708 iguare
1646 1613 1876 1709 cognovisset

705 1738 863 1806 matrem
888 1731 1125 1828 praecipitavit
1150 1751 1190 1806 se
1214 1732 1262 1806 ab
1286 1733 1378 1827 alto,
1400 1739 1438 1806 et
1461 1731 1585 1806 audivi
1609 1731 1656 1808 de
1680 1733 1752 1806 alio
1778 1753 1875 1828 equo

704 1851 831 1948 quiin
856 1850 963 1926 simili
988 1871 1076 1925 casu
1101 1850 1270 1926 dentibus
1302 1871 1342 1926 se
1372 1852 1618 1926 castravit-
1635 1856 1688 1926 Or
1717 1856 1783 1927 soi.
1810 1853 1875 1926 llic

704 1973 822 2047 Guido
846 1972 1041 2068 praedictus
1065 1971 1248 2046 concludit
1272 1992 1453 2047 excusans
1484 1993 1525 2046 se
1556 1973 1586 2047 si
1613 1992 1685 2046 nou
1711 1973 1876 2047 nominat

704 2093 794 2169 alios
818 2101 857 2168 et
880 2093 1046 2166 nominat
1071 2111 1131 2185 se;
1158 2093 1257 2166 uude
1281 2093 1383 2168 dicit:
1414 2097 1466 2168 Or
1482 2097 1538 2167 sut
1556 2097 1669 2167 nosos·
1685 2097 1759 2186 otti,
1780 2093 1876 2167 scili-

704 2218 774 2308 cet,
808 2232 925 2307 quare
962 2212 1014 2285 sic
1050 2211 1283 2287 occurrimus
1298 2203 1347 2306 (²),
1380 2218 1417 2288 et
1455 2233 1542 2288 cum
1576 2213 1703 2288 osculo
1737 2214 1877 2287 clama·

705 2353 806 2427 mus3
824 2355 844 2405 e
864 2335 903 2406 dt
918 2334 978 2404 cle
991 2335 1126 2425 summo
1142 2335 1209 2424 rei,
1227 2332 1371 2426 scilicet,
1398 2333 1504 2407 cuius
1530 2333 1693 2427 sceleris,
1720 2355 1757 2406 se
1778 2323 1877 2427 surse

706 2457 788 2526 ouoi
811 2473 937 2546 supere
961 2473 985 2524 u
1009 2473 1123 2544 noum,
1150 2452 1252 2547 idest,
1270 2473 1336 2549 per
1362 2454 1511 2528 uomina
1537 2455 1694 2549 propria,
1712 2457 1876 2528 eliseum

705 2582 817 2668 ampo
840 2595 914 2649 uon
938 2571 960 2648 e*
981 2576 1031 2647 dc
1054 2575 1144 2664 dire,
1171 2575 1258 2668 quia
1283 2583 1364 2653 erat
1388 2576 1480 2649 bora
1505 2575 1609 2649 tarda
1639 2575 1720 2670 diei,
1743 2582 1780 2650 et
1805 2576 1876 2650 alia

706 2699 811 2769 eraut
845 2693 1052 2788 dicendae
1086 2714 1160 2766 oon
1188 2696 1329 2787 sapra3
1358 2699 1396 2769 et
1409 2685 1447 2787 (³)
1479 2695 1509 2768 si
1544 2701 1689 2790 tempus
1721 2695 1875 2790 adesset,

705 2815 792 2910 quia
818 2837 951 2912 magna
978 2820 1033 2888 ert
1066 2815 1124 2888 hic
1155 2815 1351 2888 multitudo
1377 2815 1517 2910 talium,
1544 2837 1705 2910 quorum
1737 2837 1874 2912 paucos

705 2935 802 3030 novi,
829 2941 871 3009 ut
895 2933 1033 3029 patebit
1057 2933 1094 3006 iu
1114 2933 1241 3008 ultima
1262 2943 1365 3029 parte
1385 2937 1562 3028 sequenti.
1590 2939 1634 3010 Et
1657 2937 1796 3012 subdit:
1815 2940 1876 3032 sa»

705 3058 789 3128 rottr'
804 3055 869 3127 ben
884 3057 923 3128 di
938 3075 993 3127 me
1008 3056 1125 3127 volem
1143 3075 1270 3145 soemo,
1288 3053 1389 3150 idest,
1408 3055 1642 3151 diminutum,
1660 3057 1746 3152 quia
1764 3059 1876 3133 velles

705 3174 800 3249 torte
825 3174 955 3248 audire
980 3173 1026 3249 de
1051 3173 1228 3269 pluribus,
1247 3179 1285 3248 et
1309 3194 1379 3271 ego
1404 3175 1450 3250 de
1476 3196 1538 3251 me
1561 3177 1694 3271 dicam,
1715 3182 1752 3252 et
1771 3197 1874 3252 ecce:

705 3315 772 3367 sou
799 3296 912 3367 Guido
933 3295 1123 3384 Guiuicelti,
1148 3293 1279 3368 nobilis
1295 3314 1445 3389 genere,
1463 3295 1612 3370 scientia
1639 3303 1677 3370 et
1701 3296 1877 3391 eloquen-

705 3415 766 3510 tia,
792 3437 811 3488 e
836 3405 899 3506 yid
923 3417 971 3487 mi
991 3435 1126 3508 purgo,
1153 3414 1188 3487 in
1224 3414 1292 3489 isto
1317 3415 1403 3512 igue
1427 3437 1449 3492 a
1476 3415 1646 3513 rubigine
1671 3416 1786 3513 nigra,
1807 3437 1877 3509 per

705 3537 770 3608 derv
793 3537 942 3608 dooruu
963 3537 1084 3626 primo
1107 3536 1238 3608 clv'allo
1254 3542 1400 3626 stream,
1418 3535 1523 3629 quasi
1540 3535 1655 3610 dicat:
1674 3535 1760 3630 quia
1775 3536 1878 3631 iuste

705 3654 858 3750 poeuitui
884 3661 970 3729 ante
995 3660 1177 3749 mortem;
1201 3654 1284 3729 ideo
1309 3675 1384 3729 non
1407 3675 1491 3730 sum
1512 3657 1697 3752 relegatus
1722 3657 1759 3728 iu
1784 3656 1877 3752 pede

705 3775 840 3870 montis
864 3773 960 3849 inter
985 3775 1118 3848 tardos.
1132 3813 1182 3828 -·
1200 3777 1311 3863 Quali.
1329 3775 1395 3849 llic
1411 3781 1519 3870 poeta
1539 3775 1695 3850 ostendit
1720 3775 1877 3870 qualiter

706 3894 852 3990 cognito
876 3892 1043 3970 Guidone
1060 3893 1285 3969 exhilaratus
1306 3902 1362 3970 est
1377 3894 1497 3990 nimis,
1515 3901 1552 3971 et
1572 3895 1688 3971 voluit
1705 3914 1818 3970 ruere
1838 3895 1875 3970 in

706 4035 794 4089 eum
821 4034 886 4110 per
911 4035 1025 4088 unam
1049 4014 1362 4108 comparationem
1388 4015 1660 4090 nobilissimam.
1691 4015 1746 4090 Ad
1771 4015 1876 4090 cuius

705 4136 980 4232 intelligentiam
1015 4135 1153 4209 claram
1185 4156 1259 4210 uon
1293 4136 1415 4232 pigeat
1446 4157 1658 4212 memorare
1691 4137 1875 4211 curiosam

705 4255 907 4348 historiam,
933 4276 1045 4349 quam
1071 4255 1209 4330 seriose
1233 4255 1359 4329 scribit
1383 4255 1517 4330 Statius
1534 4255 1564 4329 V
1581 4255 1736 4350 Maioris,
1762 4277 1875 4350 quam

706 4376 844 4450 cursim
869 4377 1059 4473 attingam.
1086 4376 1281 4472 Hypsypile
1306 4375 1418 4472 igitur
1435 4377 1534 4452 clara
1560 4377 1694 4472 pietate
1716 4377 1876 4472 parentis

705 4502 742 4570 et
768 4501 940 4570 natorum
966 4497 1114 4592 gemina
1139 4496 1253 4591 prole,
1272 4496 1336 4571 sed
1353 4496 1437 4571 lelir
1455 4495 1714 4595 ingratitudine
1736 4497 1876 4572 tasonis

706 4622 743 4690 et
767 4615 914 4712 indigno
940 4617 1049 4692 exilio
1065 4638 1151 4692 cum
1171 4617 1360 4692 liberasset
1380 4624 1522 4711 patrem
1540 4639 1651 4691 suum
1673 4617 1875 4692 Thoantem

706 4755 833 4832 regem
860 4736 1081 4811 lemniorum
1107 4736 1155 4811 ab
1179 4736 1291 4831 impio
1311 4736 1463 4832 excidio,
1481 4737 1581 4832 quod
1600 4737 1770 4812 crudeles
1790 4757 1877 4811 mu-

705 4853 814 4930 lieres
838 4854 1000 4930 lecerunt
1026 4855 1249 4931 unanimiter
1274 4855 1311 4930 iu
1336 4855 1446 4950 viros,
1464 4855 1557 4932 duos
1584 4856 1674 4931 lilios
1698 4856 1876 4954 gemellos

767 5043 794 5103 (¹)
809 5042 847 5092 ba
862 5043 952 5106 parole
968 5043 1009 5094 lra
1026 5044 1034 5093 i
1050 5045 1101 5094 due
1117 5043 1251 5094 uterlrcbl
1267 5058 1313 5094 sou
1329 5043 1442 5107 supputa
1458 5043 1499 5094 dai
1515 5042 1602 5094 Codicl
1618 5043 1725 5095 Balenae
1741 5057 1756 5094 e
1774 5047 1828 5094 117.

768 5115 796 5181 t')
812 5118 843 5169 lt.
859 5120 1001 5171 canimus.
1188 5119 1215 5183 (¹)
1232 5124 1278 5180 1¹⁷
1293 5132 1309 5169 e
1324 5120 1355 5171 Ε.
1371 5119 1450 5170 etism
1466 5121 1487 5170 si
1504 5125 1614 5185 tempus.
