4575 6842
710 969 780 1034 114
1067 976 1272 1032 OOMENTUM
1296 977 1515 1034 Puuuauonn

705 1122 822 1216 Danti,
841 1121 927 1216 quia
954 1128 1114 1217 uterque
1138 1121 1336 1217 aliquando
1360 1122 1482 1197 iuerat
1507 1128 1682 1218 expertus
1705 1122 1877 1199 ardorem

706 1241 815 1316 buius
832 1241 937 1340 ignis,
955 1263 1067 1338 quem
1095 1264 1169 1318 nou
1194 1243 1327 1339 poterit
1351 1243 1411 1318 hic
1429 1241 1585 1318 finaliter
1602 1243 1773 1339 evadere,
1792 1245 1878 1338 quia

705 1363 887 1458 oportebit
921 1363 1059 1438 intrare
1093 1364 1203 1437 istum
1237 1363 1361 1459 ignem
1393 1369 1430 1438 et
1464 1363 1631 1458 transire,
1666 1372 1705 1438 ut
1739 1364 1876 1460 patebit

705 1481 742 1556 in
768 1483 935 1578 sequenti
961 1483 1132 1580 capitulo.
1147 1487 1371 1558 -Summm
1389 1484 1455 1558 Hie
1480 1490 1587 1579 poeta
1613 1485 1714 1579 ponit
1739 1485 1877 1560 oratio-

705 1625 790 1679 nem
824 1625 937 1699 quam
966 1611 1113 1679 cantant
1125 1599 1163 1697 (¹)
1191 1603 1370 1679 luxuriosi
1400 1603 1438 1678 in
1463 1603 1720 1700 purgationem
1753 1626 1878 1698 suam3

706 1730 744 1800 et
767 1724 981 1820 dicitquod
1005 1731 1154 1799 cautant
1166 1715 1203 1818 (¹)
1223 1745 1342 1799 unum
1360 1726 1539 1822 bymnum
1559 1724 1622 1819 qui
1639 1724 1778 1801 directe
1795 1725 1880 1801 iacit

706 1852 833 1921 contra
867 1844 1065 1920 luxuriam.
1092 1844 1195 1931 Unde
1230 1845 1333 1920 dicit:
1368 1848 1439 1919 udi'
1464 1848 1583 1920 nitore
1612 1848 1788 1920 canwndo
1822 1850 1881 1920 nei

705 1988 803 2060 soto,
819 1966 922 2062 idest,
947 1967 984 2040 in
1010 1965 1211 2061 capacitate
1236 1967 1330 2041 illius
1356 1966 1462 2063 ignis,
1486 1968 1545 2040 dei
1565 1968 1705 2057 monade
1728 1969 1874 2061 ardore,

707 2087 808 2183 idest,
829 2087 876 2161 ad
901 2087 1135 2184 refrigerium
1162 2086 1286 2183 magni
1311 2085 1452 2162 ardoris
1472 2087 1631 2161 luxuriae
1646 2078 1702 2179 (ἧς
1725 2092 1875 2162 Summo

706 2213 801 2282 Deris
824 2211 1024 2300 elemento,
1042 2209 1139 2282 bunc
1164 2207 1313 2301 quidem
1340 2207 1539 2303 hymnum3
1565 2213 1603 2282 et
1627 2205 1730 2281 dicit:
1749 2209 1809 2282 cte
1831 2211 1881 2282 mi

703 2331 757 2422 see
782 2330 878 2401 ceter
902 2349 975 2400 non
1000 2349 1101 2402 meno
1118 2330 1180 2401 cde
1204 2329 1242 2401 di
1267 2329 1427 2421 volpere3
1446 2326 1623 2422 quamde
1649 2327 1875 2422 respiciendo

706 2447 753 2522 ad
780 2448 877 2522 viam
903 2447 1030 2545 ipsam.
1056 2447 1167 2535 Quasi
1193 2447 1305 2522 dieat:
1333 2467 1403 2544 ego
1427 2448 1616 2522 volueram
1643 2447 1764 2542 primo
1790 2467 1876 2523 cum

708 2575 784 2643 tota
809 2589 901 2643 cura
926 2567 1053 2642 oculos
1077 2566 1124 2641 ad
1150 2567 1260 2662 pedes
1285 2565 1331 2641 ad
1356 2566 1495 2642 dictum
1522 2566 1676 2663 Virgilii3
1695 2566 1758 2642 sed
1780 2589 1880 2642 nuno

708 2689 847 2764 revolvi
873 2709 937 2764 eos
962 2687 1008 2762 ad
1033 2687 1158 2784 ignem
1183 2687 1229 2761 ad
1254 2693 1404 2760 cantum
1426 2685 1574 2760 iliorum
1593 2687 1788 2782 spirituum
1806 2707 1880 2762 nou

708 2807 842 2883 minori
867 2828 968 2883 cura.
995 2809 1039 2880 Et
1064 2815 1152 2881 tunc
1177 2806 1366 2902 perpendit
1382 2807 1429 2881 de
1451 2805 1634 2901 spiritibus
1660 2827 1753 2900 quos
1779 2806 1880 2904 prius

709 2948 784 3002 nou
809 2927 974 3023 viderat,
1001 2928 1100 3003 unde
1124 2928 1228 3002 dicit:
1255 2949 1274 3000 e
1299 2930 1372 3001 udi
1394 2931 1509 3020 spirit,
1537 2927 1684 3020 scilicet,
1715 2927 1881 3002 luxurio-

708 3071 849 3143 sorum,
875 3038 1045 3123 undando
1063 3070 1133 3142 per
1158 3051 1194 3122 la
1217 3051 1377 3141 flamma,
1394 3048 1497 3141 idest,
1515 3053 1646 3124 euntes
1671 3049 1879 3145 perignem

708 3175 745 3244 et
761 3175 951 3245 cantantes
975 3171 1158 3266 hymnum
1181 3168 1417 3264 praediotum:
1436 3175 1473 3244 et
1491 3168 1606 3264 tangit
1623 3167 1780 3244 formam
1802 3189 1879 3243 sure

708 3287 950 3383 inspectionis,
976 3288 1119 3363 diceus:
1134 3291 1253 3382 percd'
1266 3292 1301 3362 io
1320 3291 1511 3380 guardam
1534 3291 1627 3383 loro,
1650 3309 1736 3364 cum
1762 3289 1881 3364 admi-

708 3408 862 3503 ratione,
879 3408 967 3505 quia
991 3409 1093 3483 ibant
1118 3408 1298 3485 cantando
1324 3429 1390 3504 per
1415 3409 1551 3506 ignem,
1570 3418 1602 3483 et
1625 3412 1663 3483 ui
1687 3411 1754 3483 mei
1766 3413 1879 3502 passi,

708 3527 795 3623 quia
827 3549 875 3603 ex
906 3530 975 3603 boc
1010 3550 1084 3603 non
1118 3549 1222 3603 eram
1261 3528 1395 3603 oblitus
1427 3534 1696 3624 preceptorum
1729 3529 1879 3626 Virgilii,

707 3650 957 3741 componendo
982 3652 1020 3722 lu
1044 3651 1133 3723 vesta
1158 3670 1183 3721 o
1206 3651 1348 3742 quando
1367 3669 1392 3722 u
1413 3651 1568 3742 quando,
1586 3648 1689 3744 idest,
1708 3648 1877 3743 vicissim,

708 3790 807 3844 nunc
832 3769 1080 3845 convertendo
1105 3770 1225 3843 risum
1252 3768 1297 3844 ad
1324 3769 1447 3866 ignem
1473 3789 1521 3844 ne
1547 3791 1689 3864 urerer,
1713 3790 1812 3845 nunc
1834 3769 1881 3844 ad

707 3895 847 3964 terram
873 3911 920 3966 ne
947 3911 1097 3966 ruerem
1121 3891 1309 3965 deorsum.
1330 3890 1374 3964 Et
1393 3889 1515 3964 subdit
1535 3897 1643 3985 poeta
1665 3891 1776 3966 aliam
1795 3881 1882 3966 ora-¹

709 4009 844 4086 tionem
872 4032 985 4106 quam
1010 4011 1205 4087 cantabant
1229 4009 1314 4086 dicti
1332 4011 1479 4105 spiritus
1495 4010 1661 4086 similiter
1679 4017 1808 4087 contra
1825 4011 1882 4087 vi·

708 4131 801 4205 tium
820 4131 990 4226 luxuriae,
1003 4130 1126 4207 dicens
1138 4129 1404 4206 continuative:
1424 4137 1460 4206 et
1478 4130 1526 4206 illi
1540 4129 1699 4227 spirituo,
1711 4151 1881 4225 appresso

706 4253 829 4344 tipice
859 4254 919 4324 cte
950 4273 975 4324 o
1006 4254 1118 4349 pardo
1151 4253 1236 4324 inno
1263 4254 1367 4344 fossi,
1405 4251 1509 4344 quasi
1544 4250 1650 4344 dieat,
1685 4251 1786 4325 tinito
1819 4252 1881 4326 iilo

708 4372 847 4467 hymno
885 4370 1069 4466 praedicto,
1101 4371 1281 4461 gmduuan
1312 4373 1402 4444 aito:
1435 4373 1552 4444 Virum
1583 4391 1655 4444 oon
1684 4391 1880 4465 rugnosum

708 4491 865 4566 verbum
880 4480 918 4584 (⁴)
936 4492 1054 4568 beatae
1068 4490 1235 4588 Virginis,
1254 4491 1399 4587 signum
1418 4511 1576 4566 summae
1597 4491 1779 4588 pudicitiae
1796 4512 1881 4588 quae

709 4610 793 4686 iecit
817 4632 900 4688 eam
926 4611 1074 4709 dignam
1100 4612 1196 4686 Deo:
1218 4612 1246 4684 si
1274 4611 1372 4686 enim
1399 4613 1536 4708 nuptiae
1562 4614 1703 4707 repient
1728 4619 1880 4709 terram,

711 4731 896 4828 virginitas
922 4735 1039 4828 replet
1063 4732 1219 4808 cretum:
1246 4732 1328 4807 ideo
1360 4733 1494 4808 mulier
1524 4733 1706 4836 impudica
1731 4733 1882 4810 deberet

772 4967 799 5028 (¹)
815 4966 846 5016 Ε·
862 4967 1006 5018 “nhbissb
1287 4965 1317 5032 (¹)
1333 4969 1364 5018 li.
1381 4968 1526 5019 cantabant.

772 5041 799 5106 (⁸)
815 5043 845 5091 lb
862 5042 973 5093 luxuria
989 5044 1092 5094 taliter:
1110 5044 1223 5095 Sannina
1239 5045 1315 5094 Dm.

772 5119 801 5184 (⁸)
815 5119 847 5170 lt.
863 5119 973 5171 verbum
989 5121 1180 5186 gloriosissimae
1195 5120 1308 5185 Vtrginb
1323 5119 1424 5182 Marte,
1440 5121 1552 5185 signum.
