4575 6842
830 992 970 1049 caurus
994 994 1161 1050 nunnius
1514 985 1584 1053 379

408 1135 477 1210 ista
502 1155 593 1211 vero
618 1157 750 1232 parum
781 1138 902 1212 iuerat
917 1130 967 1230 (¹).
994 1137 1128 1232 Tertio,
1154 1138 1241 1233 quia
1271 1139 1481 1217 Constantia
1513 1162 1586 1217 non

404 1255 537 1333 habuit
558 1268 740 1353 ,parentes
774 1264 947 1353 cogentes
979 1278 1063 1332 eam
1098 1258 1194 1332 sicut
1219 1259 1407 1355 richarda,
1431 1261 1495 1337 sed
1525 1283 1587 1337 so·

275 1383 277 1388 ’
409 1376 487 1451 lum
514 1377 753 1452 sacerdotem.
780 1377 932 1470 Quarto,
958 1377 1044 1472 quia
1072 1378 1192 1453 maior
1221 1379 1400 1475 sanguine
1428 1381 1587 1457 debebat

410 1496 541 1572 maiori
566 1495 691 1572 animo
716 1496 851 1591 dicere,
878 1497 971 1571 sicut
1002 1498 1092 1573 dixit
1120 1497 1287 1573 Susanna
1314 1499 1436 1594 pravis
1461 1522 1586 1576 sacer·

409 1617 565 1694 dotibus.
591 1617 636 1690 Et
660 1616 831 1692 describit
857 1617 968 1713 ipsam
996 1638 1019 1693 a
1050 1617 1199 1693 nomine
1231 1619 1379 1714 proprio
1408 1625 1446 1694 et
1478 1627 1584 1714 partu

411 1735 576 1833 mirifico,
602 1737 746 1813 dicens:
772 1746 892 1829 questo
916 1732 938 1812 e*
960 1741 997 1812 ta
1021 1741 1107 1830 tuce,
1125 1737 1229 1832 idest,
1246 1738 1370 1814 anima
1390 1739 1584 1833 luminosa,

410 1861 503 1934 detta
535 1879 631 1951 pron
659 1863 848 1951 Cortonzo,
874 1858 1109 1953 imperatrice
1139 1879 1394 1952 romanorum,
1433 1863 1495 1933 cte
1531 1863 1589 1934 det
1643 1925 1647 1932 .

408 1982 559 2054 recondo
585 1985 685 2053 vento
709 1981 748 2052 di
776 1984 902 2072 Souna,
936 1979 1039 2072 idest,
1073 2000 1119 2054 ex
1151 1979 1309 2054 ilenrico
1333 1979 1376 2074 V,
1406 1975 1590 2072 penerdit

411 2106 520 2192 terzo,
549 2099 652 2192 idest,
669 2098 895 2174 Fridericum
914 2100 955 2193 n,
974 2122 993 2172 e
1009 2102 1162 2174 t’uttimo
1181 2120 1384 2194 possunza;
1402 2121 1488 2175 nam
1506 2099 1586 2174 Fri-

409 2218 555 2294 dericus
577 2219 604 2292 il
631 2220 698 2294 suit
728 2219 998 2314 potentissimus
1030 2219 1197 2294 omnium
1228 2219 1434 2315 principum
1463 2242 1486 2296 a
1516 2222 1586 2296 Ca-

409 2341 489 2415 roto
514 2341 645 2437 Magno
671 2340 774 2415 citra.
802 2341 845 2413 ut
871 2339 928 2414 hic
954 2347 1039 2415 nota
1065 2340 1165 2434 quod
1191 2347 1297 2435 poeta
1324 2341 1452 2434 pulcre
1478 2346 1587 2415 vocat

409 2461 607 2557 superbam
633 2460 833 2556 potentiam
860 2468 898 2536 et
923 2481 1054 2535 vanam
1082 2460 1238 2557 gloriam
1260 2461 1386 2535 mundi
1411 2455 1585 2553 ventum3

409 2587 447 2657 et
472 2581 658 2676 potissime
682 2581 750 2657 ista
775 2580 907 2655 domus
933 2581 1077 2655 Sueviae
1095 2580 1163 2654 init
1184 2581 1286 2656 reiut
1311 2588 1443 2656 ventus
1458 2587 1587 2656 auster

409 2702 581 2777 terribilis
605 2702 756 2776 turbans
774 2721 946 2776 serenum
965 2721 1091 2775 aerem
1110 2707 1148 2775 et
1164 2700 1300 2776 iaciens
1318 2720 1472 2797 magnas
1490 2708 1586 2776 stra·

410 2842 487 2920 geo,
513 2823 577 2897 sed
602 2822 674 2896 cito
699 2821 880 2897 deficiens.
902 2821 1048 2895 Primus
1073 2841 1165 2918 ergo
1191 2829 1323 2896 rentus
1348 2822 1493 2896 Sueriae
1518 2822 1585 2896 suit

411 2941 648 3017 Fridericusl
673 2940 791 3016 dictus
816 2941 1063 3034 Barbarnssa3
1090 2942 1274 3016 secundus
1299 2943 1492 3037 Henricus,
1516 2963 1585 3016 no-

411 3063 510 3138 mine
538 3061 708 3156 quintus3
744 3061 874 3135 tertius
912 3062 1119 3136 Fridericus
1144 3064 1190 3156 lt,
1228 3063 1292 3156 qui
1328 3063 1396 3136 init
1433 3063 1585 3138 ultimus

409 3184 610 3278 imperator
634 3181 681 3256 de
706 3181 817 3256 domo
842 3181 997 3256 Sueriae.
1023 3181 1120 3256 Gens
1145 3183 1244 3257 enim
1270 3203 1472 3256 suevorum
1499 3203 1581 3256 rna·

411 3303 508 3378 nima
538 3302 634 3376 beiio
660 3308 696 3376 et
725 3301 974 3396 potentissima
1000 3302 1167 3375 omnium
1195 3323 1462 3399 germanorum
1494 3301 1583 3375 otim

409 3422 487 3517 init,
509 3427 549 3496 nt
569 3421 685 3517 patuit
711 3441 777 3516 per
801 3421 938 3494 Juiium
967 3421 1125 3516 Celsum,
1144 3426 1181 3496 et
1203 3442 1301 3497 nunc
1320 3442 1401 3496 esse
1421 3421 1586 3496 creditur

409 3551 452 3619 ut
477 3543 563 3618 dicit
588 3544 796 3618 Petrarcha.
815 3542 868 3617 De
887 3543 1033 3616 duobus
1050 3542 1241 3617 Fridericis
1259 3543 1321 3637 qui
1340 3543 1493 3618 inerunt
1510 3543 1585 3617 duo

409 3663 561 3740 flumina
587 3664 671 3740 helii
697 3662 906 3759 pauca-hic
938 3662 1030 3758 dico,
1058 3663 1145 3758 quia
1176 3664 1290 3738 muita
1306 3655 1344 3756 (²)
1375 3664 1470 3739 dicta
1500 3670 1586 3737 sunt

409 3787 445 3860 iu
471 3785 617 3860 lnierno
641 3789 679 3860 et
703 3783 933 3881 Purgatorio.
961 3784 1004 3856 Et
1035 3783 1219 3858 concludit
1247 3791 1369 3876 autor,
1395 3784 1494 3879 quod
1526 3783 1586 3857 Pi-

408 3907 543 3982 charda
576 3905 725 3982 recessit
755 3925 842 3979 cum
878 3911 1001 3998 cantu,
1026 3903 1173 3980 dicens:
1200 3897 1271 3979 cosi
1292 3907 1498 3998 portommi,
1522 3904 1582 3979 iiia

411 4027 586 4102 Picharda
605 4026 708 4102 dese
733 4033 771 4100 et
787 4025 1007 4117 Constantia,
1028 4045 1047 4097 e
1063 4027 1127 4116 poi
1146 4016 1333 4098 comincid:
1345 4031 1432 4114 Ave,
1449 4027 1584 4114 Marto,

410 4150 601 4238 anamodo,
620 4146 700 4223 tatis
723 4145 841 4220 oratio
860 4145 954 4218 bene
970 4144 1199 4240 congruebat
1217 4143 1279 4217 tati
1298 4143 1474 4240 virginio
1497 4163 1586 4217 con·

410 4271 520 4342 tendo
550 4260 668 4357 vento,
704 4265 807 4358 idest,
837 4263 1025 4360 disparuit,
1055 4285 1077 4338 a
1103 4263 1221 4357 simili,
1255 4284 1352 4336 corne
1379 4283 1445 4354 per
1469 4282 1586 4353 acqua

410 4394 501 4484 cupa
525 4409 608 4462 cosa
624 4409 747 4480 praue.
766 4389 866 4461 Bene
883 4386 978 4479 dicit,
996 4384 1084 4479 quia
1102 4385 1169 4459 ista
1188 4385 1323 4459 mulien
1339 4383 1481 4478 pudore
1497 4403 1586 4480 gra·

411 4509 464 4582 vis
490 4509 666 4604 disparuit
683 4509 720 4581 in
737 4528 894 4602 corpore
911 4506 1008 4580 lunae
1026 4505 1167 4601 frigido,
1187 4504 1337 4578 humido
1358 4504 1458 4578 velut
1474 4524 1584 4597 aqua.

410 4635 524 4702 -La
549 4632 648 4702 vista.
674 4628 739 4702 Hic
766 4627 895 4700 ultimo
921 4633 1030 4700 autor
1053 4621 1182 4699 [iniens
1202 4625 1403 4719 capitutum
1429 4622 1587 4697 ostendit

410 4749 596 4846 quomodo
622 4746 845 4823 converterit
863 4766 903 4820 se
919 4745 965 4820 ad
988 4766 1120 4819 noram
1148 4743 1353 4838 materiam,
1370 4743 1514 4818 dicens:
1533 4747 1586 4815 Lo

412 4873 500 4946 viera
524 4874 610 4959 mia,
636 4869 738 4962 idest,
765 4865 964 4961 speculatio
997 4863 1262 4956 intellectualis,
1295 4866 1355 4936 cire
1385 4866 1423 4936 ta
1454 4854 1584 4954 reputo,

476 5134 503 5194 (¹)
519 5134 549 5184 Ε.
566 5131 691 5182 firmarat.
941 5127 969 5190 (⁸)
986 5126 1017 5176 Ε.
1033 5126 1115 5177 multa
1131 5125 1164 5176 de
1179 5125 1219 5176 tris
1235 5124 1311 5175 dictu
