4575 6842
693 928 741 994 28
834 940 839 949 ·
1051 937 1255 996 concursui
1279 939 1499 995 ruuoaronu

691 1087 714 1157 l'
723 1104 803 1174 oro,
820 1082 922 1178 idest,
939 1103 963 1157 o
980 1083 1196 1158 execrabilis
1212 1083 1389 1179 cupiditas
1412 1084 1506 1179 auri,
1530 1081 1657 1176 perctd
1669 1107 1743 1160 nott
1758 1091 1861 1178 roppi

691 1211 725 1278 u
743 1206 926 1296 tappetito
943 1205 995 1276 de'
1009 1207 1178 1277 mortali?
1189 1196 1226 1296 (¹)
1245 1204 1332 1298 quia
1348 1203 1408 1278 alii
1425 1212 1600 1299 appetunt
1618 1205 1860 1280 immoderate

689 1329 839 1418 propter
851 1322 955 1416 dare,
969 1322 1030 1396 alii
1041 1323 1196 1418 'propter
1212 1323 1382 1398 retinere.
1400 1325 1444 1400 Et
1460 1324 1581 1399 subdit
1593 1325 1859 1401 correctionem

689 1465 809 1537 suam,
827 1443 968 1518 diceus:
995 1447 1090 1518 altor
1115 1447 1160 1517 m'
1172 1448 1321 1538 occorsi,
1341 1447 1402 1518 cte
1416 1448 1449 1517 lo
1469 1449 1566 1518 moni
1578 1454 1707 1540 poteon
1732 1455 1859 1540 troppo

688 1568 793 1658 aper
818 1567 842 1639 l
854 1567 915 1656 ott,
942 1565 1048 1639 nimis
1065 1565 1299 1661 prodigaliter
1324 1563 1544 1640 effundendo
1569 1573 1608 1641 ct
1631 1569 1788 1643 volando
1812 1567 1859 1642 ad

541 1713 544 1722 ·
689 1707 905 1782 expensam:
924 1679 1104 1780 opcotdmi
1118 1679 1190 1759 cosi
1206 1689 1244 1760 di
1259 1687 1349 1778 puel,
1366 1685 1512 1780 scilicet,
1531 1688 1639 1782 malo,
1656 1687 1750 1763 idest
1772 1710 1861 1784 pro-

688 1807 881 1903 digalitate,
899 1827 994 1878 como
1019 1808 1111 1896 degli
1134 1808 1219 1878 altri
1234 1809 1530 1914 mod-Quoad.
1549 1807 1613 1881 Hic
1629 1807 1766 1882 Statius
1790 1809 1859 1884 da·

689 1933 791 2000 mnal
808 1925 1097 2023 prodigalitatem
1120 1926 1157 1999 in
1177 1926 1395 2020 hominibus,
1412 1926 1474 2020 qui
1488 1925 1658 2023 ignorant
1677 1928 1855 2004 malitiam

688 2047 790 2120 istius
815 2045 901 2139 vitii,
928 2045 1020 2122 sicut
1045 2044 1121 2141 ipse
1147 2045 1231 2119 lecit
1248 2045 1301 2146 ,ad
1328 2053 1481 2141 tempus.
1505 2046 1607 2120 Unde
1631 2046 1717 2120 dicit
1741 2048 1857 2122 inter-

688 2152 870 2263 rogative:
897 2169 1030 2258 guanti,
1055 2164 1202 2259 scilicet,
1227 2165 1379 2262 prodigi,
1404 2186 1669 2256 recorporouno
1694 2171 1749 2240 coi
1778 2171 1857 2240 ctio

685 2289 800 2376 coemi,
826 2285 927 2380 idest,
954 2307 1040 2360 cum
1067 2284 1203 2381 capillis
1228 2285 1359 2379 incisis,
1384 2285 1482 2379 quia,
1510 2292 1551 2359 ut
1572 2286 1711 2361 dictum
1737 2293 1793 2360 est
1819 2286 1856 2361 in

685 2405 839 2500 inferno,
865 2404 966 2479 avari
995 2411 1191 2503 resurgent
1215 2405 1252 2478 in
1278 2404 1337 2491 die
1362 2404 1666 2479 novissimarum
1685 2406 1856 2480 manibus

686 2525 830 2618 clarrsis,
843 2531 881 2599 et
898 2524 1037 2620 prodigi
1055 2544 1141 2598 cum
1160 2524 1321 2598 crinibus
1338 2524 1535 2617 diminutis,
1545 2547 1612 2618 per
1627 2527 1857 2616 lipnoronzo

685 2641 769 2718 ct'd
792 2647 829 2718 dt
853 2653 971 2738 questo
992 2665 1122 2739 peooo,·
1140 2643 1245 2738 quasi
1261 2643 1376 2718 dicat:
1395 2644 1500 2717 multi
1518 2643 1582 2737 qui
1603 2665 1675 2717 nou
1700 2645 1855 2720 credunt

686 2783 852 2860 peccare,
878 2764 952 2838 imo
981 2785 1076 2839 vanc
1100 2763 1305 2860 gloriantur
1339 2762 1485 2857 quaudo
1516 2763 1596 2858 plus
1625 2764 1854 2859 expeuduut3
1977 2855 1984 2868 ⁸

686 2885 767 2960 ideo
796 2887 900 2961 dicit:
937 2889 990 2959 tot
1018 2881 1087 2958 to
1107 2888 1236 2978 pentir,
1263 2885 1364 2979 idest,
1391 2882 1471 2957 talis
1495 2890 1551 2958 est
1575 2885 1796 2979 poeuilentia,
1816 2892 1855 2960 et

685 3025 793 3100 poeua
811 3005 968 3079 habetur
985 3005 1055 3098 hic,
1069 3007 1228 3094 uiuendo,
1242 3005 1278 3077 in
1293 3003 1471 3097 mundo,o
1482 3008 1575 3096 nepti
1586 3008 1736 3096 estremi,
1750 3005 1852 3098 idest,

686 3126 721 3199 in
749 3125 843 3200 vitiis
869 3147 952 3220 quae
982 3132 1068 3198 sunt
1099 3133 1265 3200 extrema
1298 3125 1487 3220 virtutum,
1513 3126 1608 3200 sicut
1637 3126 1790 3200 avaritia
1816 3133 1854 3201 et

683 3245 926 3344 prodigalitas.
953 3247 997 3319 Et
1031 3247 1159 3320 ultimo
1188 3245 1324 3320 Statius
1356 3244 1418 3319 dat
1447 3267 1563 3320 unum
1590 3248 1760 3342 nutabile,
1787 3268 1853 3342 per

684 3366 782 3463 quod
800 3366 994 3461 respondet
1011 3365 1201 3460 quaestioui
1221 3365 1350 3459 tacita,
1366 3366 1453 3459 quia
1470 3372 1614 3460 poterat
1630 3367 1754 3442 dicero
1771 3367 1853 3440 Vir-

682 3487 809 3584 gilius:
836 3507 953 3580 quare
978 3507 1068 3583 ergo
1095 3493 1134 3559 tu
1167 3485 1294 3560 stetisti
1326 3486 1486 3562 tamdiu
1515 3488 1727 3583 purgandus
1758 3489 1853 3564 inter

682 3612 840 3684 avaros?
867 3606 1060 3701 respondet
1085 3606 1232 3700 Statius,
1250 3606 1348 3699 quod
1369 3607 1444 3682 duo
1461 3607 1547 3681 vitia
1565 3617 1665 3682 recte
1689 3609 1851 3704 opposita

681 3728 884 3823 puniuntur
904 3727 1005 3822 juste
1030 3726 1066 3799 in
1093 3725 1223 3801 eodem
1239 3717 1292 3819 (¹),
1311 3733 1349 3800 et
1373 3725 1451 3821 pari
1477 3747 1596 3821 poena.
1624 3727 1714 3800 Dicit
1739 3748 1849 3825 ergo:

576 3837 579 3844 ’
680 3851 824 3941 esoppi
850 3850 910 3921 otte
928 3850 976 3921 lo
1004 3850 1107 3938 oolpo
1135 3849 1196 3920 clio
1225 3846 1410 3937 rimtecoo,
1435 3845 1538 3941 idest,
1563 3848 1782 3922 adversatur
1813 3855 1852 3924 et

681 3955 886 4058 occurritl³t
907 3986 930 4040 a
948 3965 1060 4040 becco
1076 3986 1099 4040 a
1115 3965 1240 4059 becco,
1259 3967 1362 4038 olctm
1372 3972 1518 4057 peccato
1531 3987 1598 4058 per
1614 3969 1723 4040 dritta
1739 3971 1851 4060 oppo-

679 4089 805 4179 sizioo,
831 4085 953 4182 qualia
978 4092 1062 4160 sunt
1088 4085 1155 4159 ista
1185 4085 1271 4179 duo,
1296 4088 1356 4176 qui
1382 4106 1481 4158 secoo
1509 4107 1573 4158 suo
1604 4091 1721 4177 ocrdo,
1746 4087 1850 4181 idest,

680 4209 748 4283 luit
773 4227 918 4304 poeuam
945 4207 1139 4300 aequalern,
1164 4225 1231 4278 coo
1255 4207 1331 4278 osio
1345 4207 1497 4299 inmoto,
1516 4207 1663 4301 scilicet,
1680 4229 1766 4282 curn
1790 4209 1850 4284 illo

680 4329 829 4424 pdocato
855 4328 921 4401 sibi
947 4327 1142 4401 contrario.
1169 4325 1213 4397 Et
1238 4324 1295 4400 hic
1322 4331 1418 4419 uota,
1444 4327 1571 4421 lector,
1593 4328 1690 4421 quod
1716 4329 1850 4404 merito

678 4455 786 4544 pocta
813 4453 935 4523 noster
960 4446 1021 4521 dat
1047 4444 1215 4522 eamdem
1244 4465 1389 4539 poenam
1421 4447 1602 4521 ambobus
1633 4446 1711 4521 istis
1742 4448 1847 4542 vitiis,

677 4567 761 4642 licet
787 4587 932 4663 sempor
958 4568 1039 4662 plus
1063 4565 1266 4640 detestetur
1285 4565 1491 4660 avaritiam,
1509 4565 1604 4640 sicut
1628 4574 1666 4640 et
1690 4567 1849 4662 philoso-

675 4688 769 4782 phus
801 4687 894 4781 iacit,
922 4688 1008 4782 quia
1044 4687 1080 4761 iu
1115 4684 1170 4760 rei
1206 4685 1359 4760 veritate
1388 4685 1621 4783 prodigalitas
1653 4694 1709 4760 est
1740 4688 1848 4763 nimis

675 4807 852 4882 damnosa
878 4808 986 4902 pestis
1004 4813 1041 4882 et
1059 4805 1204 4880 inimica
1230 4805 1449 4900 reipublicae.
1467 4805 1645 4902 Prodigus
1663 4806 1762 4882 euim
1781 4808 1844 4902 qui

737 4995 764 5056 Γ)
780 4994 811 5044 B.
827 4995 939 5052 mortali,
955 4995 1020 5045 idest
1035 4994 1180 5051 hominum,
1196 4993 1265 5056 quia.
1411 4990 1486 5055 (¹113.
1502 4995 1529 5043 tn
1544 4993 1645 5044 adm.

739 5070 766 5136 (⁸)
782 5071 813 5122 B.
829 5071 946 5122 occurrit
961 5085 976 5121 a
993 5071 1090 5122 boccho
1105 5071 1198 5130 aitoro,
1214 5069 1300 5119 uum.
