4575 6842
846 950 985 1006 cunnus
1010 953 1155 1007 neruus.
1515 937 1587 1006 323

416 1114 636 1170 succursum
650 1095 835 1190 Beatricis,
854 1117 938 1191 quae
955 1096 1129 1172 continuo
1147 1097 1311 1192 promisit
1324 1117 1365 1172 se
1381 1097 1589 1172 satisfactu-

419 1235 499 1289 ram
521 1214 699 1290 desiderio
721 1235 801 1309 suo,
825 1215 968 1290 dicens:
987 1219 1161 1309 ood’etlo,
1176 1216 1313 1292 scilicet
1328 1217 1488 1312 Beatrir,
1507 1237 1588 1292 ma·

417 1355 490 1431 gno
516 1335 691 1432 magistra
716 1340 946 1410 secretorum
972 1334 1067 1430 ooeli,
1084 1338 1144 1408 cle
1168 1339 1276 1411 vedeo
1292 1357 1360 1428 me,
1379 1330 1409 1410 sl
1424 1359 1521 1422 corre
1536 1341 1585 1431 io,

418 1454 521 1548 idest,
546 1454 788 1552 cognoscebat
812 1461 965 1529 acutum
992 1454 1214 1530 desiderium
1244 1476 1386 1550 meum,
1415 1460 1520 1550 opno
1552 1459 1589 1530 lo

418 1575 537 1666 domo,
563 1574 701 1670 supple,
726 1573 772 1648 od
800 1572 1024 1669 loquendum
1047 1595 1094 1650 ne
1111 1575 1305 1670 perderem
1332 1583 1489 1671 tempus,
1502 1579 1589 1670 prta

418 1695 469 1768 cd’
482 1696 530 1787 io,
553 1693 700 1787 scilicet,
717 1693 900 1789 aperirem
922 1715 975 1789 os,
992 1716 1017 1769 α
1034 1697 1240 1788 dicando,
1256 1696 1303 1770 de
1319 1717 1430 1771 causa
1450 1696 1589 1771 utrius·

419 1835 493 1908 que
518 1814 572 1889 rei
598 1831 715 1909 novae,
740 1817 791 1888 od
815 1819 1030 1908 oopuetormi
1053 1819 1206 1890 docimo
1230 1837 1434 1910 commosse,
1463 1823 1590 1912 stupe-

420 1936 556 2011 lectum
578 1935 739 2010 novitate
756 1935 908 2031 insolita,
926 1957 974 2011 ne
991 1944 1134 2014 teneret
1149 1931 1185 2029 (¹)
1200 1937 1365 2012 animum
1380 1957 1506 2011 meum
1525 1937 1589 2012 diu

419 2075 637 2152 suspensum
663 2055 851 2150 inutiliter,
868 2077 887 2130 e
902 2049 1083 2149 conducio,
1104 2056 1243 2151 supple,
1260 2056 1383 2130 dicere
1403 2056 1588 2132 ridenter:

418 2184 454 2251 tu
477 2184 585 2251 stomo
609 2179 635 2250 o·
656 2179 712 2270 soi
735 2197 876 2268 promo,
901 2183 1029 2251 contra
1055 2183 1226 2252 naturam
1253 2183 1292 2252 et
1316 2177 1451 2251 bonam
1469 2176 1590 2272 dispo-

417 2297 585 2372 sitionem
599 2301 716 2390 tuam,
736 2315 822 2371 oum
842 2295 995 2371 deberes
1011 2297 1144 2371 amodo
1162 2317 1243 2372 esse
1259 2295 1410 2389 subtilis,
1428 2299 1484 2370 col
1495 2299 1590 2389 salso

416 2420 609 2510 imapinor,
640 2417 727 2510 quia
752 2416 888 2492 scilicet
912 2416 1123 2514 imaginaris
1153 2437 1235 2492 osse
1265 2417 1386 2492 adhuc
1420 2416 1457 2490 in
1489 2423 1590 2491 terra

418 2537 454 2612 in
480 2537 649 2633 paradiso
673 2535 851 2630 terrestri,
878 2535 974 2630 quod
1000 2543 1125 2612 tamen
1152 2543 1208 2611 est
1232 2536 1376 2630 laisum,
1403 2536 1590 2633 quiajam

419 2677 458 2732 es
475 2657 513 2730 in
529 2657 636 2751 coelo,
649 2649 680 2730 si
695 2659 756 2730 cle
771 2677 845 2730 ooo
862 2658 940 2730 ordi
955 2649 1008 2730 uo
1025 2659 1085 2730 ode
1101 2659 1261 2749 cedrosti,
1278 2656 1424 2750 scilicet,
1437 2676 1590 2731 oausam

418 2778 497 2852 soni
523 2784 561 2852 et
585 2777 744 2871 luminis,
761 2797 798 2850 se
815 2780 837 2850 l'
847 2779 1108 2866 overdsoosso,
1125 2776 1228 2871 idest,
1246 2783 1433 2852 remotum
1452 2797 1475 2852 a
1491 2782 1529 2850 te
1545 2776 1590 2849 il-

418 2896 483 2972 lud
499 2896 630 2970 salsum
649 2895 860 2993 imaginnri3
880 2896 943 2971 sed
961 2896 1083 2971 statim
1100 2895 1273 2990 quictabo
1292 2895 1460 2971 animum
1481 2902 1588 2969 tuum

419 3017 635 3113 inquietum.
650 3057 700 3072 -
718 3023 767 3092 lu
792 3039 864 3090 noo
882 3020 940 3089 set.
966 3016 1031 3091 llio
1057 3015 1202 3090 Beatrir
1232 3015 1394 3112 assignat
1424 3035 1588 3109 causam,

418 3159 536 3233 quare
561 3138 694 3213 Dentes
715 3137 837 3233 incipit
856 3137 986 3213 audire
1005 3143 1148 3212 tanturn
1168 3155 1267 3210 nuno
1283 3156 1421 3210 novum
1444 3155 1590 3229 sonum,

418 3265 455 3334 et
481 3257 606 3334 videre
631 3279 770 3334 novum
796 3259 933 3334 lumen.
959 3258 1004 3332 Et
1029 3257 1108 3331 vult
1127 3256 1284 3332 finaliter
1296 3248 1333 3349 (²)
1352 3257 1476 3332 dicere
1492 3257 1591 3352 quod

416 3377 495 3473 ipse
511 3378 593 3454 ideo
609 3377 711 3454 audit
724 3369 760 3470 (³)
789 3397 922 3452 sonum
948 3376 1043 3471 ooeli,
1070 3396 1143 3452 non
1162 3376 1250 3470 quia
1275 3377 1320 3450 sit
1337 3376 1386 3452 ibi
1403 3377 1520 3451 lactus
1545 3376 1592 3452 de

418 3517 527 3592 novo,
553 3497 617 3574 sed
642 3498 729 3592 quia
752 3498 843 3573 dum
869 3504 984 3574 staret
1008 3497 1045 3571 in
1072 3504 1172 3571 terra
1197 3518 1271 3573 non
1303 3503 1446 3593 poterat
1470 3497 1591 3592 ipsum

418 3619 557 3694 audire.
584 3617 757 3694 Similiter
782 3617 881 3694 videt
906 3619 1034 3693 lumen
1059 3617 1263 3692 maximum
1296 3637 1369 3691 non
1399 3618 1486 3711 quia
1518 3639 1592 3694 non

419 3745 514 3814 esset
539 3737 640 3833 prius
665 3737 725 3833 ibi,
750 3737 815 3814 sed
841 3738 929 3832 quia
954 3757 1027 3812 non
1053 3743 1196 3833 poterat
1216 3737 1336 3830 ipsum
1358 3736 1484 3812 videre
1500 3737 1590 3813 dum

420 3865 515 3934 esset
538 3858 577 3932 in
602 3865 713 3934 terra.
741 3857 834 3933 Dicit
859 3877 973 3954 ergo:
993 3864 1028 3931 tu
1044 3877 1117 3930 oon
1133 3858 1183 3930 soi
1197 3858 1236 3928 io
1253 3863 1363 3949 trra,
1384 3856 1478 3933 sicut
1494 3857 1591 3932 luisti

420 3981 606 4074 hactenus,
632 3973 663 4052 si
687 3999 784 4052 como
807 3985 843 4052 tu
868 3979 965 4052 credi
972 4003 988 4070 ,·
1011 3983 1049 4051 et
1065 3975 1221 4050 ostendit
1246 3975 1345 4070 quod
1366 3996 1464 4050 nunc
1483 3984 1592 4072 poeta

419 4100 636 4174 naturaliter
667 4098 829 4176 ascendit
859 4097 996 4173 coelum
1029 4117 1095 4192 per
1129 4117 1243 4171 unam
1276 4095 1589 4190 comparationem

421 4221 628 4295 naturalem
659 4227 697 4294 et
728 4218 898 4294 subtilem
934 4216 1108 4312 fulminis,
1139 4216 1240 4310 quod
1269 4235 1343 4290 non
1376 4221 1451 4290 tam
1488 4217 1592 4291 velo-

420 4338 512 4414 citer
536 4339 558 4384 *
570 4339 755 4414 descendit
787 4338 835 4414 ed
868 4346 1018 4433 terrem,
1045 4357 1158 4431 quam
1189 4342 1296 4432 poeto
1327 4357 1426 4412 nunc
1454 4336 1593 4412 veloci·

419 4459 513 4534 ter*
527 4447 563 4552 (⁸)
590 4457 752 4534 ascendit
781 4458 827 4533 ad
858 4458 1007 4532 ooelum.
1042 4456 1097 4531 dd
1129 4456 1229 4551 quod
1259 4456 1460 4532 notandum
1493 4457 1592 4552 quod

418 4578 567 4654 Beatrix
593 4575 874 4671 exquisitissime
906 4577 976 4650 hoc
1006 4574 1102 4670 dicit,
1137 4575 1225 4670 quia
1255 4575 1381 4673 lulgur
1411 4597 1435 4652 a
1469 4576 1593 4654 calore

420 4697 505 4772 solis
529 4717 603 4772 non
629 4696 787 4770 trahitur
807 4695 874 4770 nisi
896 4694 1078 4790 usquead
1096 4695 1254 4770 mediam
1273 4696 1463 4793 regionem
1483 4697 1592 4794 aeris,

423 4824 460 4892 et
485 4817 534 4892 ibi
559 4815 748 4911 repellitur
773 4836 796 4889 a
822 4814 959 4911 frigore
984 4815 1030 4890 nd
1055 4820 1194 4890 terram
1220 4836 1308 4892 cum
1325 4837 1471 4892 summa
1489 4818 1593 4893 reio·

482 5004 511 5072 (¹)
526 5008 549 5065 t,
566 5016 600 5054 ue
616 5007 741 5054 tenerem.
865 5001 893 5065 (¹)
909 5003 940 5054 Ε.
956 5003 1153 5054 ιουιοιιιιεῐὶίετ.
1251 4992 1255 4998 ’
1279 5001 1307 5064 (¹)
1323 5007 1347 5063 t,
1364 5004 1469 5055 audivit,

481 5081 509 5148 (⁸)
525 5081 562 5134 Le
579 5080 667 5146 parole
684 5080 724 5132 tro
740 5080 748 5130 i
765 5079 816 5132 due
831 5079 965 5132 asterisclri
980 5093 1027 5131 ron
1042 5078 1154 5143 supplice
1170 5078 1240 5144 donli
1256 5079 1317 5130 altri
1333 5085 1373 5131 tre
1388 5078 1484 5132 codici.
