4575 6842
706 963 752 1030 38
1066 973 1269 1030 conunrurr
1294 976 1517 1030 rohenromr

704 1119 805 1212 idest,
832 1119 895 1214 qui
920 1119 1007 1193 olim
1034 1120 1197 1198 coronati
1213 1112 1250 1213 (¹)
1276 1126 1362 1194 sunt
1387 1120 1515 1194 fronde
1539 1121 1680 1215 laurea,
1697 1122 1793 1196 sicut
1812 1143 1877 1198 co·

704 1237 931 1314 ronabantur
956 1241 1079 1336 magni
1111 1241 1266 1337 tragoedi
1292 1247 1330 1315 et
1357 1239 1480 1334 (finces,
1506 1245 1549 1312 ut
1579 1238 1721 1314 dicetur
1752 1242 1874 1337 primo

703 1359 875 1433 Paradisi.
886 1401 936 1414 —
949 1365 1058 1451 Quiri.
1073 1362 1138 1436 Hic
1151 1361 1321 1458 Virgilius
1336 1360 1532 1434 nominatis
1549 1359 1767 1454 quibusdam
1787 1382 1876 1457 poe-

704 1478 749 1551 tis
774 1480 915 1576 graecis,
942 1481 1106 1556 nominat
1133 1481 1275 1576 aliquas
1308 1480 1480 1555 mulieres
1505 1499 1645 1575 graecas
1670 1480 1876 1556 notissimas

704 1600 801 1695 apud
827 1601 1002 1696 Statium3
1028 1609 1065 1676 et
1082 1602 1209 1697 ‘primo
1234 1601 1327 1675 duas
1351 1621 1498 1676 sorores
1526 1601 1680 1697 reginas.
1698 1585 1752 1674 A'd
1770 1602 1876 1676 cuius

701 1719 976 1817 intelligentiam
1002 1727 1057 1796 est
1082 1721 1282 1816 sciendum,
1301 1721 1399 1815 quod
1424 1721 1624 1817 Polynices,
1647 1720 1694 1795 de
1719 1743 1794 1816 quo
1818 1722 1875 1794 di-

703 1847 805 1914 ctum
841 1847 895 1915 est
926 1861 1037 1936 supra
1062 1841 1099 1914 in
1124 1841 1284 1917 secunda
1309 1847 1413 1936 parte
1445 1840 1603 1936 capituli,
1631 1841 1751 1915 minor
1777 1842 1873 1916 filius

703 1959 829 2055 OEdipi
855 1963 941 2035 exul
966 1983 989 2035 a
1015 1961 1145 2036 Thebis
1175 1961 1341 2055 pervenit
1366 1962 1412 2036 ad
1438 1961 1555 2057 Argos
1579 1956 1718 2037 claram
1748 1962 1876 2038 civita-

703 2086 778 2154 tem
809 2079 973 2154 Greciae:
1000 2086 1038 2155 et
1062 2080 1193 2156 eodem
1228 2087 1396 2176 tempore
1425 2082 1570 2178 Tydeus
1600 2102 1667 2176 pro
1691 2083 1875 2178 Meleagro

704 2199 816 2274 fratre
841 2220 909 2274 suo
934 2200 1113 2296 profugus
1134 2201 1182 2274 ab
1203 2201 1335 2276 AEtolia
1354 2201 1505 2304 regione
1521 2202 1687 2296 pervenit
1703 2202 1750 2275 ad
1769 2222 1874 2276 eam-

702 2319 786 2394 dem
818 2322 962 2415 urbem,
993 2325 1030 2396 et
1062 2321 1174 2396 ambo
1205 2329 1362 2417 urgente
1393 2327 1609 2416 tempestate
1643 2323 1875 2396 intraverunt

701 2440 923 2515 vestibulum
953 2442 1062 2538 regiae
1087 2441 1231 2536 domus,
1256 2448 1294 2517 et
1318 2442 1516 2516 deveniens
1530 2435 1567 2534 (¹)
1586 2443 1634 2518 ad
1660 2443 1759 2518 litem
1788 2464 1875 2540 pro·

703 2567 783 2653 pler
808 2561 1015 2656 angustiam
1042 2562 1110 2636 loci
1137 2569 1330 2657 ooeperunt
1354 2563 1448 2636 alter
1472 2562 1644 2657 alterum,
1662 2563 1718 2638 ira
1742 2564 1874 2637 stimu-

704 2681 813 2773 lante,
829 2681 926 2754 malo
946 2688 1115 2774 tractare,
1134 2681 1324 2777 Polynices
1349 2701 1505 2776 corpore
1531 2703 1698 2778 magnus,
1721 2683 1784 2758 sed
1801 2685 1873 2781 Ty·

702 2802 793 2877 deus
819 2801 937 2876 maior
954 2801 1077 2876 animo
1095 2809 1132 2876 et
1150 2803 1303 2876 virtute:
1322 2801 1484 2876 tumultu
1502 2809 1627 2877 autem
1645 2804 1873 2881 fervescente

701 2920 877 2996 Adrastus
903 2942 969 2996 rex
1001 2921 1124 3018 gravis
1153 2923 1255 2997 senio
1286 2922 1465 2998 excitatus
1493 2944 1516 2996 a
1548 2942 1678 2996 somno
1708 2924 1870 2998 accensis

701 3041 901 3116 luminibus
925 3041 1071 3116 diremit
1095 3041 1248 3114 crudam
1274 3063 1436 3139 pugnam
1470 3042 1650 3115 istorum:
1676 3050 1715 3116 et
1748 3043 1898 3118 videns·
1973 3072 1976 3075 *

701 3161 859 3236 alterum
887 3182 973 3236 cum
1002 3163 1096 3257 pelle
1119 3161 1246 3254 leonis,
1263 3163 1421 3236 alterum
1442 3183 1528 3236 cum
1556 3163 1649 3256 pelle
1668 3163 1758 3257 apri,
1776 3162 1868 3238 duas

701 3280 792 3354 filias
826 3303 913 3355 suas
945 3280 1073 3355 nobilis
1103 3282 1232 3356 formae
1261 3287 1299 3356 et
1332 3281 1465 3355 nubilis
1495 3281 1611 3355 aetatis
1642 3281 1873 3376 desponsavit

701 3403 894 3496 ambobus,
916 3402 1080 3477 videlicet
1096 3402 1245 3499 Argiam
1263 3402 1434 3498 Polynici,
1453 3407 1490 3476 et
1509 3401 1709 3498 Deiphilem
1727 3403 1870 3499 Tydeo;

702 3522 916 3596 recordatus
941 3521 1083 3616 somnii,
1110 3523 1146 3595 in
1172 3543 1248 3616 quo
1271 3521 1412 3596 viderat
1428 3523 1526 3616 quod
1548 3522 1639 3595 filias
1655 3543 1740 3596 suas
1758 3543 1871 3596 unam

702 3641 865 3737 rapiebat
890 3643 959 3736 leo,
985 3643 1139 3716 alteram
1172 3651 1282 3736 aper,
1298 3662 1383 3716 cum
1411 3641 1552 3732 videret
1586 3642 1665 3715 illos
1695 3642 1871 3716 habentes

699 3761 843 3835 animos
867 3768 904 3836 et
930 3761 1052 3836 vultus
1078 3761 1232 3857 regales,
1249 3761 1314 3854 qui
1338 3761 1421 3835 facti
1446 3761 1574 3857 generi
1601 3761 1697 3857 regis
1721 3761 1872 3836 fuerunt

700 3889 826 3976 postea
851 3881 982 3955 fratres
998 3892 1036 3957 et
1053 3881 1139 3955 socii
1165 3881 1423 3976 amantissimi3
1440 3882 1487 3986 de
1507 3902 1668 3976 quorum
1692 3883 1871 3957 mortibus

699 4001 796 4096 apud
827 3999 967 4076 Thebas
996 4000 1132 4074 dictum
1164 4007 1220 4075 est
1249 4003 1355 4097 plene
1383 4002 1420 4075 in
1452 4001 1607 4076 lnlerno.
1642 4002 1696 4076 dd
1726 4003 1869 4077 literam

699 4140 809 4217 ergo:
836 4120 921 4196 dicit
947 4120 1116 4216 Virgilius
1149 4120 1283 4195 Statio:
1315 4125 1375 4215 qui
1404 4125 1436 4195 si
1469 4125 1616 4214 veyyton
1648 4125 1873 4214 detegent

698 4253 766 4336 hie,
791 4243 837 4318 de
868 4243 1003 4336 quibus
1034 4241 1195 4319 tractasti
1225 4242 1262 4315 in
1292 4242 1486 4336 Thebaide,
1519 4245 1639 4336 Brimo
1669 4247 1714 4317 ed
1741 4247 1869 4334 Argia,

699 4385 864 4456 sorores3
890 4369 927 4438 et
952 4361 1117 4436 nominat
1141 4362 1234 4435 duas
1258 4361 1347 4436 alias
1363 4354 1511 4438 sorores
1535 4363 1762 4458 infeliciores,
1783 4385 1868 4458 quae

699 4485 849 4558 fuerunt
873 4482 956 4557 filiae
981 4482 1107 4577 0Edipi
1133 4488 1171 4556 et
1195 4483 1358 4577 locastae,
1376 4489 1415 4558 et
1434 4503 1580 4558 sorores
1605 4484 1868 4559 infelicissimo-

570 4667 572 4672 .
700 4627 785 4680 rum
811 4607 980 4698 fratrum,
1006 4603 1152 4696 scilicet,
1177 4603 1333 4678 Eteoclis
1357 4611 1395 4678 et
1419 4603 1608 4700 Polynicis,
1630 4603 1770 4680 dicens:
1792 4612 1868 4679 An-

698 4731 836 4819 dyona·
862 4746 934 4800 non
960 4723 1125 4819 loquitur
1150 4725 1196 4798 de
1220 4723 1401 4820 Antigone
1418 4723 1490 4798 blla
1506 4724 1765 4800 Laomedontis
1782 4747 1869 4799 mu-

699 4856 773 4922 tata
811 4847 847 4921 iu
886 4845 1075 4939 ciconiam,
1107 4851 1141 4918 ct
1169 4849 1303 4918 femore
1338 4838 1369 4919 cl
1407 4849 1508 4920 husto
1544 4868 1640 4920 conve
1673 4851 1746 4940 sue,
1783 4847 1870 4940 quia

758 5103 786 5166 (¹)
804 5107 858 5162 ur,
873 5103 958 5154 ornati
974 5109 1041 5154 sunl.
1342 5105 1345 5110 '
1365 5103 1395 5167 (¹)
1410 5109 1465 5166 m,
1482 5105 1654 5156 ᾱοηῃῑωιω,
