4575 6842
727 932 866 988 esurus
890 935 1080 989 vrorsruus
1105 937 1265 991 rsnmus.
1520 920 1565 990 lli

395 1077 484 1154 dum
511 1075 851 1173 et-glorilicandum
879 1097 1014 1153 nomen
1040 1084 1148 1152 tuum
1168 1100 1256 1153 oum
1276 1088 1377 1156 tanto
1393 1081 1514 1156 studio
1530 1087 1568 1154 et

396 1197 539 1274 maiori.
558 1198 601 1271 Et
626 1196 729 1271 dicit:
746 1217 811 1290 per
827 1199 932 1270 modo
950 1201 1011 1291 tul,
1032 1197 1134 1291 idest,
1155 1218 1241 1273 cum
1260 1206 1359 1274 tanta
1377 1201 1569 1276 allectione

396 1328 434 1398 et
459 1317 632 1410 efficacia,
664 1319 724 1390 cde
745 1320 908 1410 parturit
933 1320 1048 1392 dilatio
1079 1341 1098 1392 e
1123 1322 1258 1412 doplio,
1289 1321 1568 1396 delectationem

396 1462 444 1517 ex
461 1442 593 1516 devoto
611 1445 733 1530 cantu,
750 1437 915 1512 dolorem
934 1459 978 1512 ex
998 1441 1250 1534 compassione
1270 1463 1408 1515 amarae
1429 1460 1568 1535 poenae3

398 1561 484 1657 quia
510 1559 627 1634 allecti
655 1563 822 1631 extrema
849 1557 945 1632 lame
963 1566 999 1632 et
1017 1559 1085 1653 siti,
1103 1561 1164 1632 vix
1183 1566 1353 1655 poterant
1371 1561 1465 1634 labia
1487 1581 1569 1633 mo-

399 1703 497 1775 vere,
522 1685 587 1754 aut
612 1679 724 1752 verba
741 1671 776 1769 (¹)
804 1677 977 1755 formare.
996 1679 1039 1752 Et
1064 1680 1184 1754 subdit
1210 1680 1421 1775 petitionem
1448 1700 1567 1771 suam,

398 1803 519 1878 dicens
544 1821 629 1874 cum
657 1799 760 1872 brevi
787 1799 1020 1893 responsione
1039 1800 1179 1896 Virgilii
1201 1801 1306 1876 circa.
1324 1802 1439 1876 dictos
1459 1801 1568 1895 spiri·
1682 1886 1687 1900 ¹

399 1931 469 2016 tus,
493 1921 639 1995 dicens:
665 1922 845 1992 conduco
857 1922 906 2011 io,
932 1921 1071 2016 supple,
1097 1921 1242 1996 dicere:
1270 1944 1292 1995 o
1317 1925 1416 1996 dome
1437 1924 1568 2013 padre,

399 2042 543 2136 scilicet,
570 2039 706 2136 Virgili,
732 2036 816 2112 od’e'
839 2043 917 2131 quel
938 2043 989 2112 cb’
1002 2043 1024 2112 i'
1049 2043 1143 2144 odo?
1168 2047 1202 2114 et
1224 2044 1293 2131 elli,
1318 2041 1465 2134 scilicet,
1483 2041 1568 2113 Vir-

398 2163 506 2260 gilius
524 2160 720 2255 respondit:
748 2161 888 2250 Ombrc,
906 2161 1033 2255 supple
1050 2168 1147 2254 sunt,
1164 2165 1226 2234 cde
1250 2183 1368 2234 ooono
1382 2166 1481 2256 forse
1495 2165 1569 2235 sol·

399 2287 511 2358 nendo
534 2285 569 2356 il
586 2283 679 2354 oudo
705 2283 822 2354 ditor
848 2283 970 2374 doum,
999 2281 1101 2373 idest,
1128 2281 1290 2356 debitum
1326 2283 1476 2377 peccati,
1503 2303 1569 2376 pro

399 2404 506 2480 cuius
531 2402 637 2496 culpa
664 2407 750 2475 sunt
775 2401 832 2474 bic
853 2401 1029 2476 carcerati
1057 2408 1093 2476 et
1121 2402 1295 2476 macerati
1314 2403 1411 2476 lamo
1437 2410 1474 2476 et
1499 2402 1568 2475 siti.

399 2515 498 2598 -Si
521 2543 626 2596 come.
654 2521 717 2594 llic
743 2527 849 2615 poeta
876 2521 1045 2595 describit
1066 2521 1223 2595 sormam
1246 2521 1470 2595 venientium
1489 2521 1570 2595 ani·-

400 2663 547 2718 marum
563 2661 628 2736 per
646 2661 759 2714 unam
778 2640 1088 2734 comparationem
1110 2641 1260 2732 claram,
1278 2640 1417 2715 dicens:
1438 2641 1568 2731 lbrdo,

401 2763 502 2855 idest,
531 2779 603 2834 una
629 2759 836 2850 multitudo,
867 2761 1042 2848 d'onime,
1075 2759 1220 2852 scilicet,
1250 2759 1478 2856 gulosorum,
1506 2760 1567 2853 qui

401 2890 486 2958 sunt
511 2880 638 2955 infiniti
663 2885 699 2954 et
725 2879 828 2952 multi
855 2879 1053 2971 salvantur,
1072 2883 1176 2952 tanim
1201 2883 1370 2973 edincta,
1392 2881 1495 2974 idest,
1513 2889 1570 2955 ta-

401 3003 472 3078 cito
497 3007 534 3076 et
558 3000 690 3074 devote
715 2998 866 3072 tendens
890 2998 937 3072 ad
964 2999 1233 3095 purgationem,
1265 3008 1360 3074 moto
1380 2995 1443 3092 pini
1469 3007 1569 3092 msto,

401 3123 504 3215 idest,
530 3141 614 3214 quae
641 3120 858 3194 movebatur
883 3120 1039 3194 celerius
1065 3141 1176 3214 quam
1199 3141 1276 3214 nos,
1295 3121 1381 3215 quia
1399 3143 1473 3195 non
1490 3129 1570 3196 erat

401 3246 519 3322 bomo,
542 3259 772 3316 cum-carne
797 3241 833 3312 in
867 3261 999 3314 eorum
1030 3240 1215 3336 socictate,
1242 3242 1335 3315 sicut
1366 3241 1403 3315 in
1433 3247 1569 3332 nostra,

402 3367 555 3440 cenando
579 3365 712 3436 dirctro
737 3383 760 3433 α
790 3364 850 3434 noi
880 3384 899 3434 e
927 3364 1178 3453 trapassoodo,
1205 3362 1351 3454 scilicet,
1381 3362 1454 3436 cito
1483 3368 1570 3436 ante

402 3507 480 3578 uos,
505 3488 538 3557 ιη’
561 3486 761 3556 ammiratio
785 3474 868 3571 cosi,
889 3474 919 3553 si
938 3503 1033 3554 come
1058 3486 1259 3574 iperepn'o
1277 3486 1417 3575 pensosi
1439 3486 1567 3576 sonito,
1603 3526 1607 3534 ·

401 3605 545 3698 scilicet,
559 3601 800 3694 admirantur,
813 3604 1010 3692 pinguendo
1021 3622 1086 3692 per
1098 3605 1250 3673 commin
1261 3611 1360 3692 pente
1378 3624 1450 3674 non
1466 3611 1567 3695 noto,
1643 3650 1647 3659 ·

401 3727 504 3818 idest,
528 3724 636 3798 aliam
663 3729 809 3818 gentem
837 3721 1067 3817 peregrinam
1097 3741 1169 3794 uon
1197 3731 1320 3796 notam
1348 3723 1410 3797 eis.
1444 3722 1572 3796 utute

402 3851 487 3920 uota
512 3850 692 3938 quantum
719 3844 797 3916 baec
822 3841 1049 3934 comparatio
1066 3847 1121 3915 est
1137 3841 1360 3935 applicabiiis
1386 3841 1571 3937 proposito

402 3965 565 4042 autoris:
592 3962 808 4038 sicutenim
835 3961 1109 4057 peregrinantes
1134 3960 1274 4034 vadunt
1303 3981 1369 4056 per
1401 3962 1498 4036 viam
1523 3961 1570 4036 ad

402 4084 662 4182 indulgentiam
690 4088 923 4177 peccatorum
950 4102 1104 4156 suorum
1124 4101 1213 4155 cum
1231 4082 1425 4156 devotione
1450 4089 1487 4158 et
1513 4088 1569 4156 ta-

403 4209 472 4284 cita
497 4205 683 4298 oratione,
707 4205 756 4278 ita
783 4223 882 4277 ntrnc
907 4202 962 4275 isti
988 4201 1134 4297 spiritus
1161 4201 1349 4276 tendentes
1369 4201 1415 4275 ad
1432 4223 1571 4297 purga-

404 4328 558 4404 tionem:
585 4329 622 4399 et
646 4323 740 4397 siout
765 4321 993 4398 invenientes·
1013 4321 1102 4399 alios
1119 4321 1332 4417 peregrinos
1351 4322 1494 4416 ignotos
1511 4341 1572 4395 re-

404 4445 618 4540 trospiciunt
648 4443 715 4516 sibi
748 4465 771 4518 a
801 4449 917 4538 tergo,
943 4447 981 4516 et
1012 4441 1097 4515 nibil
1131 4442 1276 4535 dicunt3
1306 4442 1356 4515 ita
1386 4462 1484 4515 nunc
1515 4441 1571 4514 isti

402 4565 629 4640 invenientes
655 4562 859 4659 Virgilium,
889 4561 1057 4655 Statium,
1075 4566 1111 4635 et
1132 4563 1287 4636 Dantem
1311 4582 1381 4636 non
1408 4562 1572 4658 cognitos

404 4686 482 4780 sibi,
509 4685 701 4760 reflectunt
727 4705 777 4777 se,
804 4689 840 4758 et
866 4703 939 4757 nou
966 4681 1153 4756 retardant
1178 4703 1288 4755 suum
1315 4682 1395 4776 iter,
1419 4703 1466 4755 ne
1487 4701 1572 4776 per-

403 4807 491 4880 dant
508 4812 652 4898 tempus
666 4810 703 4878 et
720 4804 806 4876 nibil
819 4802 954 4876 dicunt.
970 4803 1012 4874 lit
1029 4800 1151 4874 subdit
1163 4801 1326 4875 habitum
1342 4793 1570 4893 dictarum(²)

465 5061 493 5124 (¹)
510 5062 563 5118 ll'l,
580 5059 688 5109 verbum
706 5057 828 5108 formare.
1024 5056 1050 5116 (Ἰ
1068 5059 1121 5115 ll'l,
1139 5055 1246 5106 istarum
1262 5056 1417 5106 animarum.

538 5167 575 5210 lt.
1426 5165 1439 5203 t
