4575 6842
722 965 794 1032 374
1114 974 1320 1031 couunrunt
1343 975 1511 1030 eruantur

721 1126 796 1195 tam
823 1124 946 1195 creata
973 1138 1086 1212 quam
1112 1123 1289 1215 generata
1307 1123 1394 1191 suut
1418 1138 1441 1192 a
1465 1116 1553 1211 Deo,
1574 1122 1613 1192 et
1631 1117 1678 1191 ad
1699 1117 1819 1212 ipsum
1841 1117 1898 1192 in-

722 1239 903 1315 elinantur
929 1237 1185 1330 diversimode,
1203 1236 1297 1312 sicut
1322 1237 1439 1332 patuit
1465 1236 1584 1332 primo
1609 1237 1769 1332 capitulo
1787 1237 1898 1311 nnius

721 1359 894 1453 paradisi,
920 1365 959 1434 et
983 1357 1064 1433 ideo
1090 1357 1177 1431 nihil
1201 1357 1599 1433 accrescit-otium.
1617 1356 1684 1432 llic
1704 1361 1815 1431 autor
1831 1377 1899 1452 po-

723 1479 775 1554 nit
800 1479 972 1555 ellectum
999 1477 1173 1553 orationis
1198 1477 1396 1570 Pichardae‚
1421 1477 1569 1570 scilicet,
1595 1476 1683 1569 quia
1712 1477 1789 1571 ipse
1814 1495 1898 1551 cer-

723 1601 876 1677 tioratus
902 1606 957 1674 est
980 1597 1027 1672 do
1043 1597 1157 1672 dubio
1175 1618 1254 1671 suo.
1273 1597 1376 1672 Unde
1395 1596 1500 1670 dicit:
1522 1598 1650 1670 Oltioro
1667 1599 1717 1669 mi
1731 1599 1773 1690 su
1789 1599 1895 1686 ultor,

722 1740 768 1796 ex
795 1719 917 1794 verbis
942 1717 1049 1793 claris
1074 1716 1273 1811 Piclrardae,
1298 1736 1394 1790 come
1418 1719 1504 1808 opat
1526 1717 1629 1806 dove,
1653 1715 1756 1810 idest,
1787 1736 1898 1790 omne

723 1843 798 1936 ubi,
824 1841 927 1933 idest,
952 1838 1071 1912 omnis
1095 1839 1211 1931 locus,
1235 1840 1274 1910 in
1299 1840 1385 1911 creto
1418 1833 1440 1911 ι’
1462 1839 1659 1929 perediam
1678 1836 1765 1930 quia
1799 1837 1898 1911 Deus

722 1962 760 2036 iu
785 1961 956 2036 omnibus
981 1967 1018 2034 et
1043 1979 1172 2034 omnes
1198 1959 1236 2032 iu
1260 1958 1337 2034 Deo
1355 1958 1438 2033 licet
1454 1957 1656 2054 dispariter.
1673 1958 1776 2033 Unde
1792 1958 1897 2034 dicit:

722 2075 806 2174 erl,
835 2082 937 2175 idest,
964 2081 1144 2175 quamvis,
1170 2083 1208 2153 ta
1231 2081 1364 2171 pruzia
1388 2081 1447 2153 dcl
1468 2099 1603 2152 sommo
1627 2079 1724 2170 bene,
1751 2078 1897 2171 scilieet,

722 2204 799 2299 Dei,
824 2224 896 2277 non
922 2206 957 2275 oi
976 2206 1081 2295 piooe
1105 2203 1140 2276 α’
1153 2222 1202 2274 ιιιι
1227 2203 1346 2292 modo,
1371 2199 1475 2295 idest,
1501 2200 1705 2294 equaliter.

797 2329 859 2397 Mu
883 2315 913 2396 al
937 2324 1097 2412 com’eptt
1120 2323 1256 2394 aaron.
1281 2322 1352 2395 lsta
1377 2327 1433 2395 est
1457 2327 1593 2414 quarta
1610 2327 1648 2395 et
1665 2319 1793 2393 ultima
1814 2340 1899 2414 pars

723 2441 916 2540 generalis,
943 2441 978 2514 in
1005 2461 1078 2534 qua
1097 2441 1232 2515 Dantes
1250 2440 1335 2515 lacit
1351 2441 1451 2534 quod
1468 2439 1644 2516 Piclrarda
1663 2440 1899 2536 prosequitur

725 2563 973 2638 narrationem
993 2561 1200 2635 inchoatam
1218 2581 1343 2656 supra,
1361 2567 1399 2637 et
1415 2561 1580 2636 nominat
1596 2561 1706 2636 aliam
1726 2561 1897 2636 umbram

725 2685 939 2760 modernam
966 2702 1050 2775 quae
1076 2681 1153 2776 pari
1182 2681 1315 2756 merito
1341 2688 1397 2754 est
1418 2681 1608 2776 praemiata
1625 2680 1674 2754 ibi
1694 2699 1834 2754 secum.
1855 2680 1899 2753 Et

724 2805 844 2901 primo
870 2802 1056 2900 praemittil
1081 2801 1239 2896 qualiter
1264 2800 1341 2898 ipse
1366 2809 1561 2876 contentus
1591 2801 1822 2877 absolutione
1846 2802 1899 2875 le-

725 2925 816 3000 cerit
841 2924 949 2997 aliam
977 2923 1189 3018 petitionem
1217 2922 1415 3017 Piclrardae,
1435 2921 1582 3016 scilicet,
1600 2942 1719 3016 quare
1741 2942 1814 2996 non
1833 2922 1899 2996 ad-

725 3045 931 3140 impleverit
955 3049 1083 3116 votum
1112 3063 1246 3135 suum3
1272 3049 1310 3117 et
1331 3045 1400 3116 lroc
1417 3063 1483 3138 per
1501 3041 1812 3136 comparationem
1833 3042 1900 3116 do-

726 3165 914 3240 mesticam
942 3168 978 3238 et
1004 3163 1210 3259 propriam:
1237 3169 1275 3237 et
1290 3161 1376 3236 dicit
1392 3162 1555 3238 breviter
1571 3162 1670 3256 quod
1686 3161 1817 3237 accidit
1833 3162 1898 3237 sibi

726 3287 820 3360 sicut
845 3285 1005 3380 epulanti
1031 3284 1129 3379 apud
1154 3283 1329 3377 amicum,
1348 3283 1411 3378 qui
1434 3303 1521 3358 cum
1549 3282 1707 3357 comedit
1731 3282 1779 3358 de
1802 3285 1899 3358 bono

633 3415 636 3420 '
726 3408 835 3499 elixo,
863 3406 982 3500 ipsum
1010 3403 1135 3478 laudat
1168 3410 1206 3479 et
1236 3405 1326 3500 petit
1354 3424 1491 3478 assum.
1524 3403 1618 3478 Dicit
1646 3425 1757 3500 ergo:
1785 3397 1901 3478 llosi

726 3529 814 3602 com'
827 3529 895 3618 epti
919 3529 1040 3599 ancien
1059 3528 1145 3598 s’un
1161 3525 1237 3598 cibo
1255 3527 1373 3614 aazia,
1389 3524 1536 3618 scilicet,
1554 3523 1707 3618 primus,
1725 3545 1746 3596 c
1761 3527 1798 3597 lu
1816 3527 1901 3615 polo

726 3648 829 3739 idest,
855 3645 1046 3741 appetitus,
1073 3647 1169 3719 d'un
1202 3648 1296 3719 ultro
1323 3648 1463 3718 rimunc
1491 3664 1618 3736 macor,
1643 3643 1730 3738 quia
1765 3650 1822 3718 est
1846 3643 1902 3718 di-

727 3789 857 3842 versus
881 3787 903 3842 a
930 3765 1058 3860 primo,
1085 3767 1144 3838 cire
1169 3767 1247 3856 quet
1269 3768 1301 3838 ιι·
1324 3767 1450 3856 etima,
1473 3764 1576 3858 idest,
1595 3765 1779 3838 secundus
1797 3783 1901 3858 qute-

729 3887 832 3979 ritur‚
859 3907 877 3958 e
901 3889 939 3959 di
963 3887 1052 3976 quet,
1079 3885 1225 3979 seilicet,
1243 3885 1375 3980 primo,
1396 3889 1428 3958 ci
1448 3886 1658 3977 rinprozia5
1682 3877 1754 3958 cosi
1775 3887 1841 3978 [ρι’
1852 3887 1901 3975 io,
1981 3963 1983 3967 ,

727 4009 812 4103 qnia
838 4008 989 4082 satiatus
1006 4008 1125 4102 primo
1142 4007 1225 4082 cibo
1242 4007 1390 4098 animae,
1407 4008 1501 4082 lacta
1522 4007 1727 4103 gratiarum
1744 4007 1900 4100 actione,

729 4128 836 4224 petivi
862 4128 1078 4221 secundum,
1104 4149 1171 4200 oon
1195 4135 1267 4202 otto
1296 4151 1316 4200 e
1343 4149 1409 4200 con
1429 4129 1577 4219 porotu,
1607 4127 1709 4220 ineat,
1735 4127 1839 4224 signo
1864 4132 1902 4202 et

728 4248 854 4340 verbo,
877 4269 943 4340 por
968 4250 1170 4340 apprender
1194 4251 1243 4322 du
1267 4251 1324 4338 lei,
1345 4246 1446 4341 idest,
1467 4267 1580 4322 causa
1601 4247 1760 4322 discendi
1777 4248 1825 4322 ab
1841 4248 1902 4322 illa

727 4369 916 4461 Piclrarda‚
942 4371 1027 4460 punt
1047 4373 1088 4464 [ιι
1113 4372 1150 4442 tu
1175 4371 1256 4460 tcta,
1285 4367 1387 4460 idest,
1405 4367 1570 4441 materia
1596 4387 1709 4460 quam
1736 4367 1814 4462 ipsa
1839 4387 1903 4441 or·
1998 4359 2004 4368 '

728 4491 801 4565 dita
828 4491 959 4585 luerat,
977 4491 1067 4563 onde
1083 4509 1155 4562 non
1173 4495 1287 4561 trurse
1299 4491 1352 4581 pn
1369 4489 1408 4560 al
1422 4508 1465 4560 co
1481 4489 1518 4560 ta
1533 4488 1647 4580 spoia,
1665 4486 1768 4579 idest,
1787 4507 1900 4581 quam

729 4610 930 4704 incoeperat
956 4615 993 4684 et
1019 4630 1091 4683 non
1118 4609 1341 4704 perduxerat
1365 4608 1412 4682 ad
1438 4607 1561 4682 linem.
1587 4607 1632 4681 Et
1657 4605 1740 4681 lacit
1765 4627 1903 4681 conve·

730 4730 889 4804 nientem
922 4732 1188 4825 metaphoram,
1218 4728 1306 4822 quia
1339 4727 1425 4802 dicit
1460 4728 1560 4822 quod
1593 4747 1668 4801 non
1697 4719 1903 4818 duxeratl¹l

731 4850 881 4946 sputum,
904 4849 1005 4943 idest,
1032 4849 1196 4946 linguam
1222 4868 1306 4944 quae
1333 4847 1423 4922 texit
1446 4848 1663 4941 orationem,
1682 4846 1777 4921 sicut
1802 4846 1902 4942 spola

793 5112 820 5175 (¹)
838 5117 860 5174 t,
878 5112 1045 5164 conduxerat.
