4575 6842
712 986 849 1044 caurus
875 987 1065 1042 vincamus
1090 985 1283 1040 mauranus.
1533 972 1579 1039 87

408 1134 510 1210 Unde
536 1131 724 1208 Vitruvius
750 1131 843 1205 libro
868 1129 914 1204 de
939 1129 1203 1222 Architectura,
1227 1149 1302 1202 non
1325 1130 1445 1203 solnm
1472 1136 1580 1203 vocat

408 1255 611 1330 Homerum
647 1252 823 1344 divinum,
855 1249 919 1324 sed
953 1248 1153 1344 quemdam
1186 1248 1298 1322 deum
1334 1249 1579 1344 eloquentiae3

411 1375 492 1448 ideo
519 1393 591 1448 non
615 1372 722 1467 plura
747 1369 827 1444 dico
852 1370 898 1443 de
922 1389 979 1444 eo.
997 1369 1042 1442 lit
1058 1367 1180 1442 subdit
1196 1367 1332 1462 vicum,
1350 1368 1386 1440 in
1404 1389 1479 1462 quo
1497 1390 1578 1443 rno-

412 1499 542 1569 rantur
566 1497 602 1567 et
627 1490 715 1584 quid
740 1495 941 1586 operantur
966 1487 1003 1561 in
1029 1507 1086 1582 eo,
1103 1487 1246 1562 dicens:
1272 1507 1387 1579 sperae
1407 1490 1491 1580 ficte
1513 1510 1580 1560 ra-

410 1605 565 1706 nicotori
589 1614 646 1685 det
669 1617 797 1700 mona,
818 1608 966 1702 scilicet,
983 1609 1156 1702 Parnaso,
1175 1607 1345 1681 Paradiso
1366 1615 1502 1701 nostro,
1519 1610 1580 1681 cte

410 1752 546 1825 compre
568 1734 615 1803 to
640 1733 671 1803 tc
696 1733 823 1804 numa
846 1735 964 1802 nostre
988 1749 1079 1819 seco,
1097 1727 1243 1821 scilicet,
1256 1727 1416 1821 poeticas
1442 1748 1578 1821 musas,

413 1871 496 1928 narn
524 1856 681 1927 tractant
706 1849 847 1924 fabrilia
874 1849 977 1943 labri,
996 1855 1038 1924 ut
1062 1847 1148 1922 dicit
1167 1847 1357 1940 Horatius3
1384 1851 1441 1920 nel
1461 1853 1579 1940 primo

410 1974 557 2062 corello,
583 1971 718 2046 scilicet
744 1969 867 2064 limbo,
893 1971 950 2042 dcl
972 1991 1114 2042 carcerc
1139 1971 1242 2060 caco,
1263 1967 1409 2060 scilicet,
1436 1969 1578 2063 interni,

411 2091 473 2186 qni
487 2096 542 2166 est
554 2111 682 2166 carcer
698 2098 860 2166 aeternus
877 2090 1135 2164 damnatorum
1152 2088 1281 2183 plenus
1295 2088 1459 2162 caecitate
1474 2089 1580 2186 igno-

410 2211 539 2286 rantiae
555 2215 592 2286 et
609 2211 859 2286 tenebrarum.
873 2249 923 2264 -
937 2211 1112 2301 mouile.
1130 2207 1196 2282 llic
1218 2207 1388 2305 Virgilius
1409 2209 1495 2302 qnia
1513 2230 1581 2282 no·

410 2330 614 2405 minaverat
626 2330 829 2406 Homerum
841 2309 1046 2425 'prinoipem
1064 2334 1257 2424 poetarum
1275 2349 1497 2424 graecornm,
1508 2329 1580 2402 sub

410 2450 516 2526 onius
542 2450 654 2526 tutela
680 2456 766 2524 sunt
790 2469 919 2526 omnes
937 2455 1065 2544 poetae,
1088 2469 1184 2524 nunc
1210 2449 1374 2522 nominat
1399 2449 1578 2543 quosdam

410 2569 500 2644 alios
524 2576 650 2664 poetas
673 2589 827 2665 graecos,
844 2569 985 2643 dicens:
1004 2571 1170 2662 Eurrbtde
1194 2571 1226 2642 o’
1239 2565 1261 2642 e*
1274 2589 1393 2661 nosco,
1412 2590 1497 2643 cum
1516 2591 1580 2642 su·

412 2689 579 2785 pradictis
605 2689 641 2764 in
667 2688 797 2764 eodem
819 2689 909 2764 loco.
929 2689 993 2762 llic
1010 2688 1088 2782 luit,
1107 2695 1150 2762 ut
1167 2689 1251 2763 dicit
1268 2691 1483 2783 Macrobius,
1504 2691 1580 2764 cla-

414 2809 578 2883 rissimus
604 2814 709 2904 poeta
735 2808 907 2904 tragicus,
933 2827 1043 2900 quem
1071 2829 1169 2902 saepe
1191 2810 1326 2906 allegat
1347 2810 1580 2906 philosophus

412 2930 448 3003 in
474 2929 549 3004 suis
573 2929 672 3004 libris
698 2929 911 3022 moralibus,
929 2927 991 3022 qui
1010 2928 1092 3004 lacit
1112 2929 1270 3004 nobilem
1298 2931 1512 3026 tragoediam
1534 2931 1581 3005 de

412 3052 607 3147 Meleagro,
626 3051 662 3124 in
683 3070 757 3142 qua
782 3049 951 3124 describit
970 3049 1007 3122 in
1025 3069 1100 3144 quo
1118 3049 1242 3124 habitu
1261 3051 1402 3126 venerit
1424 3053 1581 3146 quisque

412 3165 550 3246 ducum
576 3169 622 3244 ad
648 3168 865 3264 capiendum
890 3189 1044 3264 aprum3
1062 3176 1099 3244 et
1124 3169 1201 3262 ipse
1227 3170 1371 3244 tandem
1398 3170 1581 3245 laceratus

412 3296 468 3366 ost
496 3311 516 3364 a
548 3289 699 3364 canibus
732 3283 805 3363 non
842 3289 879 3364 in
914 3289 1106 3363 venatione
1135 3291 1199 3364 sed
1229 3290 1265 3362 in
1297 3291 1382 3364 aula
1414 3290 1581 3365 Archelai

413 3409 510 3506 regis
535 3407 763 3501 Macedoniae,
790 3416 823 3482 et
846 3412 1032 3503 Antisonte,
1057 3416 1165 3504 poeta
1189 3430 1334 3505 graecus
1359 3411 1421 3503 qui
1448 3410 1580 3484 dicitnr

412 3529 540 3606 iecisse
565 3529 699 3604 librum
726 3529 772 3602 de
798 3529 1094 3622 interpretatione
1113 3530 1341 3602 somniorum
1369 3536 1405 3604 et
1431 3551 1582 3626 respon-

413 3671 560 3744 sorum,
587 3652 775 3740 Simonide,
804 3655 912 3744 poeta
941 3669 1096 3744 graecus,
1123 3649 1186 3743 qui
1218 3658 1389 3724 mortuus
1419 3658 1474 3726 est
1505 3673 1581 3745 prae

413 3769 548 3867 gaudio
566 3769 688 3843 babita
707 3768 855 3845 victoria
875 3769 983 3842 unius
1000 3789 1077 3844 suae
1095 3769 1295 3865 tragoediae,
1311 3770 1358 3844 de
1375 3792 1449 3864 qno
1467 3771 1582 3846 multa

414 3897 500 3965 sunt
524 3888 620 3985 apud
638 3889 826 3964 Valerium
848 3893 885 3962 et
902 3889 1080 3981 Plinium;
1102 3895 1274 3980 duobus,
1292 3890 1360 3965 iste
1385 3891 1451 3964 luit
1475 3899 1581 3986 poeta

414 4031 558 4108 graecus
583 4016 620 4084 et
644 4009 815 4105 tragicus.
843 4009 887 4082 Et
912 4008 1013 4083 dicit:
1039 4016 1072 4082 et
1094 4013 1179 4082 altri
1200 4013 1279 4102 pate
1302 4015 1409 4102 orent,
1435 4013 1583 4105 scilicet,

415 4130 591 4226 poetae3*
621 4135 658 4204 et
695 4129 790 4202 bene
826 4127 923 4221 dicit,
958 4127 1044 4222 quia
1078 4128 1184 4202 multi
1221 4129 1281 4202 alii
1316 4128 1465 4203 luerunt
1496 4151 1584 4224 poe

414 4246 544 4340 tae*l⁴l
569 4249 680 4346 graeci
707 4269 779 4322 non
810 4249 932 4322 minus
961 4249 1102 4342 famosi,
1127 4249 1222 4324 sicut
1247 4249 1424 4323 Pindarus
1456 4251 1584 4324 thebn-

415 4395 495 4465 nus,
529 4371 734 4466 Sophoclea,
768 4369 960 4462 AEsohiluS,
992 4368 1145 4462 dlcaens,
1177 4390 1306 4449 omncs
1334 4369 1474 4465 tragici,
1502 4370 1584 4443 itri-

414 4495 607 4590 stopbanes
643 4490 817 4585 antiquus
846 4487 1054 4565 comicus*
1080 4497 1115 4564 et
1149 4489 1338 4565 Philemon
1377 4489 1584 4564 notissimus

414 4613 576 4689 comicus
592 4603 663 4704 *Pl
695 4617 732 4686 et
764 4611 886 4704 plures
910 4610 981 4700 alii,
1011 4631 1034 4684 a
1059 4609 1195 4704 quibus
1218 4610 1389 4684 omnibns
1414 4608 1584 4706 Virgilius

414 4734 531 4808 multa
555 4732 702 4827 accepit.
729 4733 773 4806 Et
798 4729 902 4806 dicit:
923 4733 983 4804 ote
1006 4721 1067 4822 osa
1091 4733 1130 4804 di
1149 4735 1253 4805 tauro
1272 4753 1388 4806 omar
1404 4735 1440 4805 lo
1454 4735 1585 4826 fronte,

415 4931 522 4942 —-

476 5041 504 5102 (¹)
520 5039 556 5090 Le
573 5038 662 5102 parole
677 5038 717 5089 ln
733 5039 742 5089 i
758 5039 808 5090 dna
824 5039 959 5089 asterirobl
975 5051 1021 5088 aon
1038 5038 1150 5101 supplita
1166 5038 1207 5088 dal
1223 5037 1309 5088 codici
1326 5036 1433 5086 Estenso
1448 5048 1464 5084 a
1482 5038 1535 5087 tlt.

479 5117 506 5180 (³)
522 5117 558 5168 Lo
574 5115 663 5180 parole
678 5115 720 5168 l'ra
735 5116 744 5167 l
760 5116 811 5168 dna
826 5115 959 5170 merram
975 5129 1022 5166 son
1038 5115 1151 5178 suppltte
1166 5116 1206 5166 dai
1221 5114 1308 5165 Codlci
1324 5112 1463 5163 &tonsae
1480 5115 1534 5161 1¹7.
