4575 6842
709 953 755 1020 lb
1044 963 1250 1018 coueuruu
1274 961 1494 1018 nuncnmnu

706 1109 802 1186 enim
832 1108 959 1183 vitium
987 1115 1042 1182 est
1057 1100 1093 1201 (¹)
1121 1109 1272 1184 bestiale
1292 1107 1410 1200 nimis,
1427 1106 1465 1180 in
1484 1105 1583 1199 quod
1609 1106 1762 1183 faciliter
1785 1108 1878 1183 labi·

706 1249 792 1302 mur
818 1227 961 1323 impulsi
987 1228 1144 1301 naturali
1170 1227 1420 1320 delectatione,
1446 1247 1558 1321 quam
1592 1232 1727 1302 natura
1756 1229 1877 1323 posuit

704 1350 742 1424 in
767 1356 879 1446 gustu
904 1349 951 1423 ad
975 1349 1299 1424 substentationem
1322 1347 1416 1422 vitae.
1434 1348 1539 1422 Nunc
1562 1347 1667 1422 litera
1684 1348 1872 1444 apparebit
1968 1387 1974 1398 ·

704 1472 816 1563 clara,
841 1490 925 1563 quae
952 1468 1052 1566 prius
1077 1474 1157 1543 erat
1182 1469 1350 1544 obscura.
1376 1467 1469 1542 Dicit
1494 1489 1585 1564 ergo
1610 1475 1716 1564 poeta
1731 1460 1768 1560 (²)
1785 1493 1794 1540 :
1814 1473 1877 1542 lio

704 1591 903 1664 uno-orbor
914 1590 974 1662 cte
986 1596 1182 1662 trovcmmo
1193 1591 1231 1662 io
1246 1609 1371 1662 mezzo
1387 1591 1526 1679 εἰναάα,
1542 1588 1716 1663 mirabilis
1732 1589 1874 1684 iormae,

703 1731 770 1784 con
789 1713 889 1803 pomi
912 1711 962 1782 ad
985 1711 1121 1782 odoror
1145 1713 1247 1782 soavi
1270 1730 1289 1781 e
1312 1710 1430 1800 buoni,
1457 1717 1499 1782 ut
1517 1709 1633 1804 magis
1658 1710 1817 1784 alliciant
1836 1717 1876 1786 et

704 1831 880 1924 crucient,
906 1836 993 1904 tosto
1024 1849 1134 1922 ruppe
1170 1833 1202 1902 lc
1238 1831 1329 1902 dotet
1365 1831 1521 1921 raptent,
1546 1829 1649 1916 idest,
1680 1829 1875 1924 interrupit

704 1950 823 2026 dulcia
847 1949 1028 2043 colloquia
1056 1947 1191 2045 Virgilii
1215 1955 1253 2022 et
1278 1949 1391 2042 Statii,
1416 1967 1501 2042 quae
1533 1969 1607 2022 non
1639 1949 1762 2023 minus
1793 1950 1875 2024 alli-

704 2070 846 2146 ciebant
870 2070 1037 2144 animum
1066 2089 1205 2163 meum,
1221 2089 1333 2164 quam
1353 2069 1421 2144 ista
1439 2089 1547 2163 poma
1567 2074 1730 2164 gustum.
1748 2071 1792 2143 Et
1808 2071 1875 2146 de-

703 2191 817 2266 clarat
835 2190 991 2263 sormam
1004 2189 1148 2264 arboris
1162 2209 1226 2283 per
1241 2209 1352 2262 unam
1367 2187 1679 2284 comparationem
1694 2189 1873 2284 pulcram,

701 2309 845 2384 dicens:
871 2331 890 2382 e
914 2331 1010 2383 come
1033 2311 1128 2382 abele
1152 2313 1190 2384 in
1220 2312 1292 2382 atto
1315 2312 1348 2382 si
1371 2312 1539 2400 dipractm
1565 2329 1695 2384 versus
1720 2311 1871 2404 coelum,

701 2431 739 2504 di
762 2431 928 2502 remoto
951 2449 1067 2522 ramo,
1093 2449 1160 2524 per
1185 2429 1320 2504 multos
1352 2429 1501 2524 gradus,
1526 2421 1598 2502 cosi
1622 2431 1747 2522 quello,
1770 2429 1874 2524 idest,

702 2549 761 2624 illa
786 2549 898 2624 arbor
923 2548 1111 2644 pomifera,
1138 2549 1276 2644 supple,
1302 2550 1572 2646 degradabatur
1602 2549 1662 2644 ibi,
1696 2554 1734 2622 in
1759 2554 1873 2641 pinso,

702 2689 831 2744 versus
857 2677 1006 2744 terram.
1034 2669 1077 2742 Et
1102 2669 1262 2765 assignat
1278 2690 1427 2772 causam
1448 2670 1591 2744 dicens:
1609 2671 1764 2762 cred’to,
1787 2691 1873 2762 pcr-

702 2787 764 2864 clld
780 2810 939 2883 persono
970 2811 1012 2864 su
1045 2811 1116 2862 con
1141 2790 1249 2882 nodo,
1275 2789 1323 2863 ad
1345 2789 1588 2885 colligendum
1615 2795 1652 2864 et
1677 2791 1874 2866 comeden-

702 2910 792 2985 dum
818 2909 863 2984 de
889 2909 1012 2984 fructu
1036 2909 1127 2984 eius.
1147 2910 1190 2983 llt
1207 2909 1289 2984 vide
1313 2909 1413 3003 quod
1429 2909 1653 3004 comparatio
1672 2911 1801 2985 abietis
1817 2917 1874 2985 est

702 3030 808 3106 valde
831 3029 989 3126 propria,
1009 3029 1150 3104 ratione
1170 3029 1378 3123 altitudinis,
1392 3029 1622 3132 „rectitudinis
1646 3035 1683 3103 ct
1707 3030 1872 3104 diverso·

704 3171 788 3223 rum
815 3150 1018 3246 graduum3
1041 3149 1088 3223 ita
1114 3149 1202 3245 gula
1218 3149 1327 3224 babet
1348 3149 1625 3245 longitudinem,
1645 3149 1873 3244 profundita-

701 3276 775 3344 tem
804 3277 841 3344 et
865 3268 1027 3343 diversos
1053 3290 1188 3362 ramos,
1215 3269 1306 3346 idest
1331 3269 1632 3363 multiplicitatem
1663 3270 1869 3364 epularum.

701 3391 745 3464 Et
762 3390 884 3464 subdit
895 3381 931 3482 (³)
954 3396 1078 3484 potum
1097 3395 1178 3485 post
1194 3388 1317 3464 cibum
1337 3388 1502 3481 vetitum,
1520 3388 1661 3463 dicens:
1685 3395 1737 3462 llo
1759 3393 1873 3483 liquor

700 3512 836 3600 cdiuro,
862 3510 1008 3603 scilicet,
1034 3529 1131 3603 aqua
1157 3529 1262 3604 pura,
1287 3511 1398 3582 cudea
1422 3510 1589 3582 dattntta
1617 3513 1749 3600 roccio,
1767 3511 1871 3604 idest,

702 3630 790 3726 ripa,
816 3633 879 3704 dol
910 3634 982 3702 lato
1010 3633 1101 3704 onde
1118 3631 1143 3701 'l
1170 3633 1285 3701 cuncto
1313 3637 1434 3702 nostro
1466 3651 1530 3702 ero
1558 3631 1688 3722 cidon,
1723 3630 1872 3726 scilicet,

699 3771 722 3824 a
747 3757 852 3845 parte
869 3749 1002 3824 montis
1027 3758 1064 3824 et
1087 3751 1172 3824 altae
1188 3755 1308 3843 costae,
1326 3753 1393 3823 eci
1410 3751 1591 3841 spondebo
1604 3771 1671 3844 per
1696 3753 1727 3824 te
1748 3754 1870 3845 foplie,

700 3869 804 3965 idest,
830 3871 975 3946 irondes
1001 3891 1205 3963 ramorum,
1229 3891 1324 3960 suso,
1359 3891 1488 3946 versus
1512 3871 1662 3964 coelum,
1689 3891 1755 3966 per
1780 3891 1871 3946 con-

699 3992 856 4066 trarium
883 3991 1039 4066 aliarum
1065 4012 1263 4084 aquarum,
1290 3991 1338 4064 ita
1364 3991 1464 4085 quod
1492 3991 1611 4086 gulosi
1644 3990 1806 4066 videntes
1834 4000 1873 4068 et

699 4132 773 4186 non
793 4113 954 4186 valentes
970 4111 1161 4208 attingere,
1180 4111 1297 4205 magis
1314 4111 1575 4185 cruciabantur
1594 4111 1662 4185 siti.
1676 4153 1726 4166 —
1738 4115 1778 4184 Li
1793 4115 1869 4186 due.

699 4230 803 4305 Nunc
829 4236 936 4327 poeta
958 4231 1063 4306 docet
1080 4229 1199 4306 vitare
1216 4229 1343 4304 vitium
1361 4231 1459 4325 gulae
1475 4229 1616 4326 tingens
1636 4251 1763 4306 vocem
1782 4253 1870 4327 pro·

699 4351 832 4426 cedere
856 4352 904 4425 ab
929 4351 1074 4445 arbore,
1100 4373 1186 4444 quae
1210 4350 1390 4425 interdicit
1414 4350 1524 4425 istum
1550 4352 1672 4426 cibum
1702 4353 1867 4426 vetitum.

700 4471 800 4546 Unde
825 4471 926 4546 dicit:
953 4475 994 4544 Lr'
1017 4473 1083 4544 due
1104 4474 1210 4564 poeti,
1236 4471 1407 4568 Virgilius
1435 4478 1472 4546 et
1497 4471 1644 4566 Statius,
1669 4495 1694 4545 o
1719 4473 1868 4546 turbor

699 4595 727 4666 ε’
738 4612 968 4684 oppressero,
991 4591 1037 4667 ad
1058 4591 1364 4667 considerandum
1382 4591 1477 4666 istud
1494 4593 1567 4666 vile
1583 4593 1725 4687 vitium,
1743 4602 1776 4668 et
1796 4615 1869 4668 una

701 4733 782 4786 voce
801 4703 906 4804 pudo
919 4734 988 4804 per
1004 4719 1105 4786 antro
1130 4715 1161 4786 le
1183 4715 1333 4806 fronde:
1349 4717 1387 4786 dt
1402 4721 1520 4807 questo
1543 4715 1619 4788 cibo
1635 4721 1753 4788 aurete
1769 4736 1869 4807 coro,

700 4833 801 4927 idest,
826 4833 1079 4928 caritudinem,
1105 4833 1300 4927 caristiam,
1324 4834 1411 4928 quia
1438 4835 1543 4929 copia
1567 4835 1735 4910 ciborum
1760 4835 1870 4910 debet

762 5015 790 5078 ε’)
805 5017 836 5068 Ε.
852 5023 891 5068 est
907 5031 1009 5082 semper
1025 5019 1137 5070 bestiale.
1372 5017 1401 5083 (¹)
1416 5020 1447 5070 B.
1463 5025 1538 5084 pocta
1553 5025 1657 5071 noster:
1673 5021 1729 5074 Mn

761 5093 788 5155 (⁸)
805 5093 836 5144 E.
852 5093 937 5144 subdit
952 5099 1027 5159 poeta
1044 5101 1143 5160 potum.
