4575 6842
835 984 973 1041 cunros
996 985 1140 1040 narnus.
1500 971 1571 1040 327

400 1136 524 1203 tamen
545 1129 624 1224 jam
651 1129 899 1225 pervenissem
920 1129 966 1204 ad
984 1131 1133 1222 coelum,
1147 1125 1211 1222 piri
1223 1134 1278 1224 sui
1301 1133 1448 1221 oredo,
1467 1129 1571 1223 idest,

399 1249 620 1345 illaqueatus
644 1248 681 1322 in
707 1255 797 1341 rete,
814 1251 940 1324 dentre
957 1252 1007 1324 ad
1021 1269 1070 1322 un
1089 1269 1219 1341 nuooo,
1236 1251 1376 1345 supple,
1393 1249 1571 1344 dubium3

400 1372 548 1444 odissi:
572 1359 634 1460 put
658 1371 811 1462 reposui
834 1377 1005 1459 cormac,
1038 1369 1133 1445 sicut
1159 1370 1238 1465 jam
1272 1371 1492 1465 predixerat
1525 1369 1572 1443 ad

401 1490 641 1585 quietaudum
658 1488 824 1564 animum
843 1496 1085 1584 commotum,
1099 1493 1137 1564 cli
1147 1493 1287 1581 orande
1303 1492 1572 1579 onrmtraztone,

401 1611 480 1686 soni
493 1618 529 1686 et
542 1608 689 1684 luminis
703 1609 988 1705 magnimoora
1002 1613 1167 1702 ammira,
1178 1610 1307 1686 maiori
1317 1610 1572 1703 admiratione,

401 1734 488 1804 com'
499 1733 535 1804 io
553 1733 739 1806 uosoerdo
759 1732 866 1822 mesti
881 1734 981 1823 corpi
997 1734 1086 1823 luci,
1105 1731 1208 1825 idest,
1225 1751 1381 1827 corpora
1399 1731 1571 1824 ooeiestia,

401 1871 488 1926 cum
514 1851 582 1926 sim
608 1851 729 1926 adhuc
745 1871 832 1926 cum
853 1872 1009 1946 corpore
1027 1853 1192 1927 terrestri
1212 1853 1328 1949 gravi.
1347 1854 1391 1926 Et
1411 1854 1469 1928 hic
1486 1859 1572 1928 nota

402 1971 501 2066 quod
525 1971 662 2046 coelum
689 1991 762 2046 non
783 1978 839 2048 est
855 1972 1026 2065 calidum,
1046 1993 1114 2048 uec
1131 1972 1318 2069 trigidum,
1335 1994 1404 2048 nec
1421 1974 1572 2068 siccum,

400 2113 469 2168 nec
490 2091 694 2187 humidum,
712 2111 781 2168 uec
797 2092 890 2187 leve,
908 2113 976 2168 nec
993 2092 1253 2188 ponderosum,
1271 2094 1365 2168 sicut
1390 2096 1573 2170 elementa

399 2213 563 2288 subiecta
590 2213 656 2287 sibi
675 2233 759 2307 quae
777 2221 913 2307 movet,
930 2213 1127 2309 permiscet
1145 2220 1183 2288 et
1198 2214 1484 2309 complexionum
1505 2215 1569 2289 sed

398 2339 508 2434 autor
535 2333 690 2430 appellat
715 2333 850 2408 coelum
877 2333 969 2425 leve,
996 2331 1083 2426 quia
1108 2337 1164 2407 est
1189 2352 1301 2427 super
1326 2353 1437 2407 omne
1462 2334 1570 2428 leve;

399 2475 486 2528 nam
504 2453 597 2550 ignis
617 2460 672 2528 est
692 2453 902 2548 simpliciter
922 2452 1011 2528 levis
1027 2477 1039 2547 3
1059 2453 1119 2528 vel
1136 2453 1194 2527 dic
1215 2455 1309 2547 leve,
1331 2453 1415 2548 quia
1434 2475 1571 2548 purum

399 2573 643 2649 immateriale
667 2573 895 2648 velocissime
919 2579 1103 2668 movetur,
1136 2575 1195 2650 vel
1221 2593 1365 2668 expone
1394 2575 1476 2648 leve
1505 2593 1573 2668 pro

401 2695 540 2770 leviter.
555 2735 604 2748 -
622 2696 712 2769 Ond'
724 2695 802 2766 etta.
828 2692 894 2768 Hic
918 2693 1052 2768 Dentes
1069 2695 1171 2789 ponit
1187 2694 1460 2789 responsionem
1479 2695 1573 2770 Bea-

401 2815 500 2890 tricis
525 2833 609 2908 quae
634 2813 741 2888 solvit
765 2813 884 2908 ipsum
909 2813 1075 2888 dubium.
1103 2815 1147 2888 Et
1172 2816 1292 2911 primo
1317 2815 1433 2909 tangit
1453 2814 1572 2909 dispo-

400 2933 568 3008 sitiouem
602 2931 776 3009 Beatricis
811 2953 900 3028 erga
935 2953 985 3027 se,
1019 2953 1104 3027 quae
1139 2935 1187 3008 ad
1220 2935 1381 3030 primum
1417 2934 1572 3010 dubium

401 3053 610 3130 ostenderat
635 3051 932 3149 indignationem,
959 3052 1045 3146 quia
1070 3062 1248 3149 arguerat
1276 3055 1396 3150 ipsum
1428 3054 1475 3128 de
1506 3075 1573 3128 ru-

400 3173 536 3268 ditate3
563 3193 661 3248 nuuc
688 3193 777 3248 vero
802 3173 850 3246 ad
873 3172 1077 3247 secundum
1101 3173 1256 3248 dubium
1282 3174 1439 3250 ostendit
1466 3195 1570 3250 com·

399 3294 616 3389 passionem,
644 3292 730 3387 quia
755 3293 878 3390 arguit
903 3312 990 3366 eum
1016 3293 1062 3369 de
1087 3313 1235 3368 errore:
1253 3299 1290 3368 et
1307 3295 1377 3368 hoc
1398 3294 1483 3370 lacit
1502 3313 1569 3390 per

399 3414 582 3509 propriam
610 3413 923 3508 comparationem
950 3413 1077 3488 matris
1102 3413 1149 3488 ad
1175 3413 1301 3488 fllium.
1332 3414 1424 3489 Dicit
1455 3433 1570 3510 ergo:

403 3537 582 3624 Ond’elta,
607 3534 753 3628 scilicet,
772 3533 930 3627 Beatrix,
948 3554 1118 3628 appresso
1134 3536 1169 3607 d
1180 3553 1230 3605 un
1247 3536 1309 3626 pto
1330 3537 1482 3627 sorpto,
1505 3533 1567 3608 ubi

398 3655 517 3750 primo
532 3654 662 3730 riserat
676 3674 773 3731 nunc
786 3654 980 3750 suspiravit
993 3673 1037 3728 ex
1049 3653 1393 3748 pietatecoudolens
1406 3655 1570 3728 humano

397 3775 536 3872 generi,
557 3775 657 3870 quod
674 3775 820 3850 videtur
846 3775 1018 3871 ignorare
1043 3793 1083 3848 se
1109 3793 1190 3848 esse
1214 3777 1342 3869 aptum
1369 3780 1496 3849 natum
1524 3774 1571 3849 ad

399 3895 619 3990 felicitatem,
650 3917 736 3972 curn
762 3901 888 3970 tamen
914 3894 972 3968 hic
997 3893 1041 3968 sit
1067 3892 1148 3967 finis
1176 3891 1344 3986 hominis,
1370 3886 1498 3966 drtzzd
1521 3897 1574 3985 on·

398 4020 506 4108 moti,
531 4016 568 4090 in
595 4016 728 4111 quibus
753 4016 915 4092 consistit
939 4013 1147 4109 pulcritudo
1172 4018 1209 4087 et
1234 4013 1345 4088 decor
1370 4013 1474 4087 istius
1504 4013 1572 4088 do·

400 4137 520 4231 minae,
545 4137 608 4212 scd
639 4157 738 4214 nuuc
770 4135 930 4231 respexit
962 4141 1078 4226 torve,
1105 4133 1193 4227 quia
1218 4139 1300 4208 erat
1328 4133 1447 4226 irata;
1474 4133 1572 4207 unde

398 4255 501 4331 dicit:
528 4277 595 4330 con
620 4260 699 4349 quet
720 4257 919 4346 ruminate,
945 4254 1047 4347 idest,
1077 4259 1227 4348 aspectu
1261 4253 1409 4327 turbato
1439 4271 1485 4327 cx
1516 4252 1572 4328 ai-

397 4375 552 4452 icctioue
569 4397 667 4471 cara,
684 4379 745 4451 cic
764 4377 888 4450 madre
902 4379 944 4469 sa
960 4395 1070 4467 sopra
1087 4375 1225 4465 fiptiuot
1239 4375 1365 4462 deliro,
1382 4373 1484 4466 idest,
1505 4373 1570 4467 qui

397 4493 554 4570 delirare
582 4495 728 4571 videtur
753 4495 800 4570 ad
827 4494 977 4569 modum
1011 4493 1118 4568 senis.
1152 4492 1262 4567 Deliri
1292 4491 1390 4566 enim
1422 4493 1570 4588 proprie

396 4616 626 4711 appellantur
652 4635 758 4692 senes
787 4615 824 4688 in
850 4614 983 4709 quihus
1008 4613 1267 4708 distemperata
1292 4619 1348 4686 est
1376 4611 1569 4687 harmonia

397 4735 576 4812 virtutum
608 4734 835 4827 animalium,
870 4733 964 4808 sicut
998 4733 1034 4806 iu
1069 4733 1149 4828 lyra
1183 4731 1326 4806 dissona
1360 4730 1568 4807 discordant

398 4856 545 4932 ohordae
575 4876 598 4931 a
627 4853 862 4950 proportione
893 4851 1039 4952 debitu3
1070 4857 1107 4926 et
1132 4871 1231 4926 nunc
1256 4857 1362 4946 poeta
1388 4851 1565 4926 delirabat

399 4982 588 5070 tamquam
606 4973 802 5069 discipulus
827 4972 983 5048 discolos
1008 4992 1031 5047 a
1056 4970 1221 5048 doctriua
1243 4971 1473 5046 matrissuae.
1493 4970 1570 5045 ilo·

400 5099 478 5172 lens
504 5102 630 5172 autem
658 5095 726 5169 ista
751 5094 809 5190 pia
831 5101 950 5168 mater
979 5111 1155 5168 revocare
1179 5091 1293 5166 lilium
1319 5092 1488 5186 delirum,
1513 5091 1571 5164 iu-
