4575 6842
740 926 786 992 54
1096 933 1301 990 connum
1326 933 1548 990 PURGATORH

740 1079 967 1155 melicorunr.
994 1081 1037 1154 Et
1062 1079 1121 1154 hic
1146 1086 1232 1156 nota
1258 1079 1357 1174 qnod
1382 1079 1531 1154 Ovidius
1552 1079 1615 1154 ubi
1635 1101 1746 1175 supra
1771 1081 1908 1156 descri-

736 1199 825 1274 bens
852 1199 987 1274 famem
1013 1199 1098 1274 dicit
1123 1200 1289 1276 similiter
1312 1198 1412 1294 qnod
1438 1199 1596 1274 habebat
1626 1201 1755 1274 ocutos
1785 1221 1907 1296 cavos,

735 1319 883 1415 capittos
908 1320 1033 1414 hirtos,
1059 1320 1154 1394 tabia
1179 1321 1275 1412 niba,
1294 1319 1422 1394 dentes
1447 1318 1689 1414 rubiginosos,
1706 1320 1820 1394 cutim
1838 1321 1909 1396 du·

737 1460 816 1516 rurn
844 1447 881 1516 et
906 1440 1088 1534 subtilem,
1111 1461 1179 1535 per
1205 1460 1316 1534 quarn
1334 1446 1504 1536 potemur
1523 1439 1638 1514 rideri
1664 1440 1788 1514 omnia
1813 1440 1908 1516 iute-

735 1559 846 1656 stina3
868 1568 996 1657 pectus
1014 1560 1172 1635 habebat
1188 1559 1349 1655 pendens
1365 1567 1403 1635 et
1420 1566 1587 1634 ventrem
1605 1559 1761 1634 affixum
1782 1561 1906 1656 spina,

735 1679 834 1778 digiti
862 1681 1080 1756 videbantur
1098 1680 1208 1776 tongi,
1226 1701 1346 1776 genua
1368 1679 1503 1775 indata,
1520 1681 1680 1756 calcanei
1702 1681 1837 1778 magni.
1861 1683 1906 1754 Et

735 1801 856 1874 subdit
880 1808 986 1896 poeta
1012 1800 1108 1894 quud
1136 1822 1209 1874 uon
1235 1806 1378 1895 poterat
1399 1819 1623 1897 cognoscere
1646 1821 1795 1875 causam
1824 1802 1905 1876 tatis

734 1919 852 2014 iamiS,
879 1919 964 2014 quia
991 1939 1062 1994 uon
1088 1925 1233 2014 poterat
1261 1919 1455 2016 imaginari
1488 1919 1587 2013 quod
1616 1921 1832 2016 procederet
1855 1921 1905 1994 ab

733 2041 869 2114 arbore
901 2039 984 2132 ilia3
1018 2038 1117 2114 unde
1154 2038 1239 2114 dicit
1273 2039 1555 2137 interrogative:
1591 2043 1646 2113 citt
1677 2041 1906 2114 crederetde?

734 2161 837 2256 quasi
871 2160 976 2255 dicat,
1020 2160 1156 2252 nultus,
1188 2163 1248 2233 cte
1282 2163 1305 2234 t'
1318 2161 1410 2233 odor
1444 2162 1479 2234 d'
1496 2181 1545 2232 un
1580 2181 1689 2252 pomo
1719 2181 1907 2254 qenerwc

732 2281 871 2370 dromo,
898 2279 1000 2372 idest,
1026 2278 1228 2375 appetitum
1262 2279 1404 2373 edendi,
1433 2272 1464 2352 ri
1492 2284 1736 2372 coronando,
1765 2301 1785 2353 e
1814 2283 1904 2374 quet,

732 2401 878 2496 scilicet,
903 2399 1006 2493 odor,
1033 2403 1067 2473 d
1080 2391 1277 2494 un'aoqna',
1302 2406 1498 2496 generaret
1521 2401 1723 2498 appetitum
1746 2400 1902 2494 bibendi,

731 2543 804 2596 non
828 2523 1019 2615 rappnndo
1048 2540 1169 2613 como;
1201 2519 1404 2617 ignorando
1434 2540 1585 2595 causum
1618 2521 1803 2616 quomodo
1828 2521 1902 2597 tint.

809 2633 876 2716 th
900 2661 964 2714 ero
987 2644 1025 2713 in
1051 2645 1237 2715 onrmuor.
1262 2642 1334 2716 lsta
1358 2647 1414 2715 est
1438 2641 1598 2716 secunda
1619 2663 1705 2736 pars
1721 2641 1903 2736 generatis

734 2763 771 2836 in
805 2783 878 2857 qua
909 2768 1015 2856 poeta
1045 2761 1242 2836 introducit
1274 2783 1392 2835 unurn
1426 2761 1593 2856 spiritum
1628 2760 1848 2836 modernum
1862 2757 1900 2856 (¹)

730 2883 898 2958 desecta
929 2882 1158 2978 gulosorum.
1194 2880 1247 2955 nd
1273 2880 1379 2956 cuius
1413 2881 1658 2978 cognitionem
1693 2889 1748 2956 ert
1781 2882 1901 2976 primo

729 3002 930 3097 sciendum,
957 3001 1056 3095 quud
1080 3002 1149 3076 iste
1173 3001 1242 3074 tuit
1266 3002 1413 3096 quidam
1441 3003 1599 3077 concivis
1623 3024 1725 3096 suus,
1751 3003 1901 3078 nornine

729 3121 911 3216 Furnius,
938 3121 1085 3196 natione
1119 3121 1344 3214 florentinus,
1369 3142 1507 3218 genere
1537 3121 1677 3215 nobilis,
1704 3123 1818 3199 irater
1843 3124 1898 3198 sa·

731 3241 822 3316 mosi
850 3240 969 3314 militis
995 3241 1112 3316 Cursii
1136 3241 1184 3316 de
1213 3241 1371 3334 boantis,
1397 3241 1539 3316 amicus
1567 3247 1604 3317 et
1632 3242 1752 3316 affinis
1785 3243 1898 3317 nostri

730 3368 858 3458 poetae,
885 3383 970 3436 curn
997 3383 1072 3455 quo
1099 3361 1241 3437 vixerat
1257 3362 1304 3437 ad
1331 3369 1475 3456 tempus
1495 3362 1733 3438 familiariter.
1752 3364 1795 3436 Et
1812 3365 1899 3458 quia

729 3488 884 3558 noverat
908 3504 995 3558 euru
1028 3484 1186 3556 muttum
1218 3482 1405 3558 laborasse
1434 3482 1521 3556 vitio
1549 3482 1659 3580 gnta,
1689 3482 1773 3558 ticet
1803 3491 1900 3560 esset

730 3601 835 3676 aliter
860 3603 916 3676 vir
941 3603 1070 3696 bonus,
1093 3602 1174 3676 ideo
1191 3600 1389 3676 introducit
1406 3622 1493 3676 eum
1511 3601 1570 3675 hic
1587 3601 1637 3676 ita
1656 3611 1896 3678 maceratum.

730 3722 774 3795 Et
799 3722 917 3815 primo
934 3721 1089 3796 ostendit
1106 3719 1293 3815 quomodo
1311 3721 1421 3795 tuerit
1437 3719 1558 3814 primo
1574 3722 1742 3817 cognitus
1761 3723 1809 3797 ab
1826 3723 1897 3820 iiio,

728 3841 851 3918 dicens
865 3834 921 3936 (²):
946 3864 1012 3936 per
1037 3845 1074 3916 tu
1097 3845 1225 3934 camon
1250 3862 1363 3915 orror
1387 3861 1460 3914 non
1485 3845 1682 3936 monitum,
1711 3842 1758 3917 de
1783 3844 1899 3920 odore

729 3985 923 4060 pomorum
938 3971 975 4038 et
987 3983 1106 4058 aquae,
1121 3967 1160 4038 di
1176 3968 1233 4037 tor
1250 3983 1445 4054 moorezzu
1460 3985 1480 4036 c
1495 3965 1534 4036 di
1548 3966 1605 4036 tor
1621 3966 1723 4038 trista
1733 3983 1897 4059 sommo,

728 4085 829 4180 idest,
856 4085 961 4159 siccae
987 4084 1143 4177 scabiei3
1170 4091 1204 4157 et
1226 4105 1306 4156 ecco
1329 4084 1540 4175 un’orndro,
1561 4083 1708 4177 scilicet,
1728 4084 1901 4160 Forerius

727 4205 857 4281 Donati
872 4196 909 4297 (³)
936 4206 1090 4280 donatus
1125 4203 1335 4299 conspectui
1366 4223 1447 4298 suo,
1474 4206 1616 4278 moeni
1642 4207 1693 4296 no·
1720 4208 1817 4278 orriri
1842 4209 1903 4280 det

722 4327 903 4419 prosondo
928 4328 1020 4399 detto
1045 4331 1143 4417 terta,
1171 4323 1273 4417 idest,
1298 4323 1345 4398 de
1369 4311 1406 4415 (⁴)
1430 4323 1657 4398 concavitate
1681 4325 1900 4419 ocutorum;

727 4437 908 4536 onuardd
930 4447 1010 4538 fito,
1036 4445 1163 4519 votens
1181 4462 1447 4539 recognoscere
1482 4461 1555 4536 me,
1575 4445 1640 4536 poi
1661 4439 1767 4533 oridd
1789 4448 1894 4538 forn,

728 4585 774 4639 ex
794 4585 926 4662 magua
946 4565 1151 4657 affectione,
1178 4562 1305 4637 videus
1329 4562 1429 4657 quod
1453 4582 1557 4637 eraru
1584 4555 1787 4655 Dantesffl:
1813 4569 1902 4656 quor

790 4753 817 4813 (¹)
834 4754 863 4804 E.
880 4754 999 4816 spiritum
1020 4753 1208 4804 modernorum
1223 4749 1385 4814 gulosorum,
1404 4762 1450 4800 verr
1466 4748 1588 4799 describit
1603 4761 1687 4798 unum
1703 4699 1899 4811 spiritur-smo-

727 4831 837 4881 dernurn
853 4831 885 4880 dc
901 4837 980 4881 ructu.
1199 4828 1226 4891 (¹)
1244 4827 1275 4877 E.
1290 4826 1390 4876 dicerer
1411 4825 1462 4876 θῶ
1475 4839 1522 4875 rra
1535 4825 1566 4874 tn
1581 4825 1710 4874 morirer
1721 4838 1769 4887 per
1784 4825 1818 4875 ia.

789 4905 815 4967 (⁸)
832 4905 862 4954 E.
880 4905 973 4956 Donati
989 4919 1050 4955 curn
1067 4903 1159 4968 spiritu
1176 4916 1233 4958 ruo.
1249 4903 1361 4952 ornent

788 4982 815 5044 (⁸)
832 4981 861 5032 Ε.
878 4983 909 5032 dc
926 4981 1100 5046 profunditate
1116 4979 1293 5031 concavitatis.

789 5058 817 5121 (¹)
833 5058 863 5108 li.
880 5057 982 5119 Brutos,
999 5058 1037 5108 stc
1052 5057 1154 5110 dicenrr
1170 5057 1238 5120 qaut.
