<?xml version="1.0" encoding="UTF-8"?>
<!DOCTYPE html PUBLIC "-//W3C//DTD XHTML 1.0 Transitional//EN"
    "http://www.w3.org/TR/xhtml1/DTD/xhtml1-transitional.dtd">
<html xmlns="http://www.w3.org/1999/xhtml" xml:lang="en" lang="en">
 <head>
  <title>
</title>
<meta http-equiv="Content-Type" content="text/html;charset=utf-8" />
  <meta name='ocr-system' content='tesseract 3.04.00' />
  <meta name='ocr-capabilities' content='ocr_page ocr_carea ocr_par ocr_line ocrx_word'/>
</head>
<body>
  <div class='ocr_page' id='page_1' title='image "./comentumsuperda00unkngoog_0282.png"; bbox 0 0 4575 6842; ppageno 0'>
   <div class='ocr_carea' id='block_1_1' title="bbox 726 986 1518 1053">
    <p class='ocr_par' dir='ltr' id='par_1_1' title="bbox 726 986 1518 1053">
     <span class='ocr_line' id='line_1_1' title="bbox 726 986 1518 1053; baseline -0.011 0"><span class='ocrx_word' id='word_1_1' title='bbox 726 986 797 1053; x_wconf 75' lang='lat' dir='ltr'><strong>aot</strong></span> <span class='ocrx_word' id='word_1_2' title='bbox 1066 992 1272 1049; x_wconf 80' lang='lat' dir='ltr'><strong>counurum</strong></span> <span class='ocrx_word' id='word_1_3' title='bbox 1296 992 1518 1048; x_wconf 74' lang='lat' dir='ltr'><strong>ruuonronrr</strong></span> 
     </span>
    </p>
   </div>
   <div class='ocr_carea' id='block_1_2' title="bbox 678 1136 1903 4597">
    <p class='ocr_par' dir='ltr' id='par_1_2' title="bbox 678 1136 1903 4597">
     <span class='ocr_line' id='line_1_2' title="bbox 719 1136 1894 1236; baseline -0.006 -20"><span class='ocrx_word' id='word_1_4' title='bbox 719 1146 792 1236; x_wconf 80' lang='lat' dir='ltr'><strong>suc,</strong></span> <span class='ocrx_word' id='word_1_5' title='bbox 824 1140 910 1234; x_wconf 88' lang='lat' dir='ltr'><strong>quia</strong></span> <span class='ocrx_word' id='word_1_6' title='bbox 942 1139 971 1212; x_wconf 92' lang='lat' dir='ltr'><strong>si</strong></span> <span class='ocrx_word' id='word_1_7' title='bbox 1004 1138 1120 1235; x_wconf 86' lang='lat' dir='ltr'><strong>hydra</strong></span> <span class='ocrx_word' id='word_1_8' title='bbox 1151 1137 1316 1213; x_wconf 87' lang='lat' dir='ltr'><strong>Herculis</strong></span> <span class='ocrx_word' id='word_1_9' title='bbox 1341 1136 1469 1211; x_wconf 92' lang='lat' dir='ltr'><strong>babuit</strong></span> <span class='ocrx_word' id='word_1_10' title='bbox 1498 1142 1639 1231; x_wconf 81' lang='lat' dir='ltr'><strong>septem</strong></span> <span class='ocrx_word' id='word_1_11' title='bbox 1672 1137 1790 1231; x_wconf 86' lang='lat' dir='ltr'><strong>capita</strong></span> <span class='ocrx_word' id='word_1_12' title='bbox 1819 1155 1894 1210; x_wconf 93' lang='lat' dir='ltr'><strong>uon</strong></span> 
     </span>
     <span class='ocr_line' id='line_1_3' title="bbox 723 1254 1895 1352; baseline -0.007 -15"><span class='ocrx_word' id='word_1_13' title='bbox 723 1261 850 1337; x_wconf 90' lang='lat' dir='ltr'><strong>babuit</strong></span> <span class='ocrx_word' id='word_1_14' title='bbox 875 1261 1003 1335; x_wconf 88' lang='lat' dir='ltr'><strong>decem</strong></span> <span class='ocrx_word' id='word_1_15' title='bbox 1029 1261 1392 1332; x_wconf 79' lang='lat' dir='ltr'><strong>cornua-staua.</strong></span> <span class='ocrx_word' id='word_1_16' title='bbox 1413 1258 1519 1332; x_wconf 90' lang='lat' dir='ltr'><strong>Nunc</strong></span> <span class='ocrx_word' id='word_1_17' title='bbox 1542 1257 1672 1332; x_wconf 89' lang='lat' dir='ltr'><strong>ultimo</strong></span> <span class='ocrx_word' id='word_1_18' title='bbox 1696 1263 1805 1352; x_wconf 83' lang='lat' dir='ltr'><strong>poeta</strong></span> <span class='ocrx_word' id='word_1_19' title='bbox 1829 1254 1895 1330; x_wconf 91' lang='lat' dir='ltr'><strong>de·</strong></span> 
     </span>
     <span class='ocr_line' id='line_1_4' title="bbox 723 1375 1895 1474; baseline -0.007 -18"><span class='ocrx_word' id='word_1_20' title='bbox 723 1381 848 1457; x_wconf 85' lang='lat' dir='ltr'><strong>scribit</strong></span> <span class='ocrx_word' id='word_1_21' title='bbox 866 1380 1101 1456; x_wconf 84' lang='lat' dir='ltr'><strong>novissimam</strong></span> <span class='ocrx_word' id='word_1_22' title='bbox 1117 1378 1413 1474; x_wconf 75' lang='lat' dir='ltr'><strong>persecutionem</strong></span> <span class='ocrx_word' id='word_1_23' title='bbox 1430 1376 1605 1471; x_wconf 79' lang='lat' dir='ltr'><strong>ecciesiae,</strong></span> <span class='ocrx_word' id='word_1_24' title='bbox 1623 1398 1736 1472; x_wconf 88' lang='lat' dir='ltr'><strong>quam</strong></span> <span class='ocrx_word' id='word_1_25' title='bbox 1754 1375 1895 1451; x_wconf 88' lang='lat' dir='ltr'><strong>viderat</strong></span> 
     </span>
     <span class='ocr_line' id='line_1_5' title="bbox 723 1494 1896 1598; baseline -0.009 -21"><span class='ocrx_word' id='word_1_26' title='bbox 723 1510 891 1598; x_wconf 86' lang='lat' dir='ltr'><strong>tempore</strong></span> <span class='ocrx_word' id='word_1_27' title='bbox 915 1521 996 1593; x_wconf 90' lang='lat' dir='ltr'><strong>suo,</strong></span> <span class='ocrx_word' id='word_1_28' title='bbox 1023 1518 1097 1594; x_wconf 89' lang='lat' dir='ltr'><strong>qua</strong></span> <span class='ocrx_word' id='word_1_29' title='bbox 1122 1499 1223 1572; x_wconf 85' lang='lat' dir='ltr'><strong>nulla</strong></span> <span class='ocrx_word' id='word_1_30' title='bbox 1248 1498 1392 1572; x_wconf 87' lang='lat' dir='ltr'><strong>videtur</strong></span> <span class='ocrx_word' id='word_1_31' title='bbox 1417 1497 1528 1571; x_wconf 86' lang='lat' dir='ltr'><strong>inisse</strong></span> <span class='ocrx_word' id='word_1_32' title='bbox 1553 1496 1698 1591; x_wconf 81' lang='lat' dir='ltr'><strong>turpior</strong></span> <span class='ocrx_word' id='word_1_33' title='bbox 1726 1494 1896 1592; x_wconf 79' lang='lat' dir='ltr'><strong>quamuis</strong></span> 
     </span>
     <span class='ocr_line' id='line_1_6' title="bbox 725 1616 1894 1717; baseline -0.008 -20"><span class='ocrx_word' id='word_1_34' title='bbox 725 1623 857 1717; x_wconf 84' lang='lat' dir='ltr'><strong>maior,</strong></span> <span class='ocrx_word' id='word_1_35' title='bbox 868 1621 1012 1714; x_wconf 82' lang='lat' dir='ltr'><strong>seilicet,</strong></span> <span class='ocrx_word' id='word_1_36' title='bbox 1027 1625 1185 1695; x_wconf 91' lang='lat' dir='ltr'><strong>mortem</strong></span> <span class='ocrx_word' id='word_1_37' title='bbox 1199 1618 1383 1713; x_wconf 80' lang='lat' dir='ltr'><strong>bonifacii,</strong></span> <span class='ocrx_word' id='word_1_38' title='bbox 1397 1619 1444 1693; x_wconf 88' lang='lat' dir='ltr'><strong>de</strong></span> <span class='ocrx_word' id='word_1_39' title='bbox 1456 1639 1530 1712; x_wconf 85' lang='lat' dir='ltr'><strong>qna</strong></span> <span class='ocrx_word' id='word_1_40' title='bbox 1544 1618 1624 1712; x_wconf 89' lang='lat' dir='ltr'><strong>jam</strong></span> <span class='ocrx_word' id='word_1_41' title='bbox 1642 1636 1739 1714; x_wconf 76' lang='lat' dir='ltr'><strong>saepe</strong></span> <span class='ocrx_word' id='word_1_42' title='bbox 1755 1616 1894 1690; x_wconf 91' lang='lat' dir='ltr'><strong>dictum</strong></span> 
     </span>
     <span class='ocr_line' id='line_1_7' title="bbox 725 1738 1896 1819; baseline -0.007 0"><span class='ocrx_word' id='word_1_43' title='bbox 725 1751 791 1819; x_wconf 90' lang='lat' dir='ltr'><strong>est.</strong></span> <span class='ocrx_word' id='word_1_44' title='bbox 817 1741 1018 1817; x_wconf 89' lang='lat' dir='ltr'><strong>Introducit</strong></span> <span class='ocrx_word' id='word_1_45' title='bbox 1039 1746 1166 1815; x_wconf 88' lang='lat' dir='ltr'><strong>autem</strong></span> <span class='ocrx_word' id='word_1_46' title='bbox 1180 1740 1324 1814; x_wconf 89' lang='lat' dir='ltr'><strong>curiam</strong></span> <span class='ocrx_word' id='word_1_47' title='bbox 1345 1758 1536 1814; x_wconf 78' lang='lat' dir='ltr'><strong>romanam</strong></span> <span class='ocrx_word' id='word_1_48' title='bbox 1556 1738 1627 1813; x_wconf 87' lang='lat' dir='ltr'><strong>sub</strong></span> <span class='ocrx_word' id='word_1_49' title='bbox 1647 1738 1796 1813; x_wconf 89' lang='lat' dir='ltr'><strong>nomine</strong></span> <span class='ocrx_word' id='word_1_50' title='bbox 1815 1755 1896 1811; x_wconf 90' lang='lat' dir='ltr'><strong>me-</strong></span> 
     </span>
     <span class='ocr_line' id='line_1_8' title="bbox 726 1856 1896 1955; baseline -0.007 -17"><span class='ocrx_word' id='word_1_51' title='bbox 726 1862 879 1955; x_wconf 87' lang='lat' dir='ltr'><strong>retricis,</strong></span> <span class='ocrx_word' id='word_1_52' title='bbox 897 1862 991 1935; x_wconf 90' lang='lat' dir='ltr'><strong>sicut</strong></span> <span class='ocrx_word' id='word_1_53' title='bbox 1007 1860 1096 1935; x_wconf 89' lang='lat' dir='ltr'><strong>alias</strong></span> <span class='ocrx_word' id='word_1_54' title='bbox 1122 1860 1217 1953; x_wconf 85' lang='lat' dir='ltr'><strong>iecit,</strong></span> <span class='ocrx_word' id='word_1_55' title='bbox 1244 1865 1282 1934; x_wconf 93' lang='lat' dir='ltr'><strong>et</strong></span> <span class='ocrx_word' id='word_1_56' title='bbox 1307 1878 1437 1954; x_wconf 84' lang='lat' dir='ltr'><strong>regem</strong></span> <span class='ocrx_word' id='word_1_57' title='bbox 1462 1858 1626 1933; x_wconf 85' lang='lat' dir='ltr'><strong>Franciae</strong></span> <span class='ocrx_word' id='word_1_58' title='bbox 1651 1856 1721 1931; x_wconf 92' lang='lat' dir='ltr'><strong>sub</strong></span> <span class='ocrx_word' id='word_1_59' title='bbox 1746 1856 1896 1931; x_wconf 89' lang='lat' dir='ltr'><strong>nomine</strong></span> 
     </span>
     <span class='ocr_line' id='line_1_9' title="bbox 724 1976 1895 2082; baseline -0.006 -24"><span class='ocrx_word' id='word_1_60' title='bbox 724 1982 891 2082; x_wconf 81' lang='lat' dir='ltr'><strong>gigantis.</strong></span> <span class='ocrx_word' id='word_1_61' title='bbox 922 1981 1013 2056; x_wconf 84' lang='lat' dir='ltr'><strong>Dicit</strong></span> <span class='ocrx_word' id='word_1_62' title='bbox 1037 2001 1147 2077; x_wconf 88' lang='lat' dir='ltr'><strong>ergo:</strong></span> <span class='ocrx_word' id='word_1_63' title='bbox 1173 2001 1247 2054; x_wconf 78' lang='lat' dir='ltr'><strong>ortu</strong></span> <span class='ocrx_word' id='word_1_64' title='bbox 1273 1986 1421 2074; x_wconf 67' lang='lat' dir='ltr'><strong>putum</strong></span> <span class='ocrx_word' id='word_1_65' title='bbox 1449 1976 1895 2073; x_wconf 63' lang='lat' dir='ltr'><strong>contumationes,</strong></span> 
     </span>
     <span class='ocr_line' id='line_1_10' title="bbox 678 2099 1896 2197; baseline -0.008 -14"><span class='ocrx_word' id='word_1_66' title='bbox 678 2176 681 2183; x_wconf 90' lang='lat'>.</span> <span class='ocrx_word' id='word_1_67' title='bbox 725 2103 900 2179; x_wconf 86' lang='lat' dir='ltr'><strong>dissoluta</strong></span> <span class='ocrx_word' id='word_1_68' title='bbox 913 2099 969 2197; x_wconf 65' lang='lat'><strong>(¹33</strong></span> <span class='ocrx_word' id='word_1_69' title='bbox 995 2102 1074 2177; x_wconf 84' lang='lat' dir='ltr'><strong>baee</strong></span> <span class='ocrx_word' id='word_1_70' title='bbox 1098 2108 1154 2176; x_wconf 88' lang='lat' dir='ltr'><strong>est</strong></span> <span class='ocrx_word' id='word_1_71' title='bbox 1179 2102 1278 2175; x_wconf 91' lang='lat' dir='ltr'><strong>enirn</strong></span> <span class='ocrx_word' id='word_1_72' title='bbox 1297 2100 1473 2175; x_wconf 84' lang='lat' dir='ltr'><strong>meretrix</strong></span> <span class='ocrx_word' id='word_1_73' title='bbox 1494 2120 1643 2194; x_wconf 88' lang='lat' dir='ltr'><strong>magna,</strong></span> <span class='ocrx_word' id='word_1_74' title='bbox 1663 2118 1748 2194; x_wconf 88' lang='lat' dir='ltr'><strong>quae</strong></span> <span class='ocrx_word' id='word_1_75' title='bbox 1768 2104 1896 2194; x_wconf 90' lang='lat' dir='ltr'><strong>sponte</strong></span> 
     </span>
     <span class='ocr_line' id='line_1_11' title="bbox 726 2221 1897 2318; baseline -0.005 -20"><span class='ocrx_word' id='word_1_76' title='bbox 726 2245 767 2299; x_wconf 89' lang='lat' dir='ltr'><strong>se</strong></span> <span class='ocrx_word' id='word_1_77' title='bbox 792 2223 935 2300; x_wconf 91' lang='lat' dir='ltr'><strong>subiicit</strong></span> <span class='ocrx_word' id='word_1_78' title='bbox 960 2223 1193 2318; x_wconf 82' lang='lat' dir='ltr'><strong>principibus,</strong></span> <span class='ocrx_word' id='word_1_79' title='bbox 1219 2228 1256 2297; x_wconf 93' lang='lat' dir='ltr'><strong>et</strong></span> <span class='ocrx_word' id='word_1_80' title='bbox 1282 2221 1405 2297; x_wconf 89' lang='lat' dir='ltr'><strong>vendit</strong></span> <span class='ocrx_word' id='word_1_81' title='bbox 1430 2221 1610 2295; x_wconf 85' lang='lat' dir='ltr'><strong>honorem</strong></span> <span class='ocrx_word' id='word_1_82' title='bbox 1636 2240 1759 2314; x_wconf 83' lang='lat' dir='ltr'><strong>suum,</strong></span> <span class='ocrx_word' id='word_1_83' title='bbox 1777 2224 1897 2313; x_wconf 86' lang='lat' dir='ltr'><strong>m’up-</strong></span> 
     </span>
     <span class='ocr_line' id='line_1_12' title="bbox 721 2342 1898 2439; baseline -0.005 -20"><span class='ocrx_word' id='word_1_84' title='bbox 721 2367 836 2439; x_wconf 85' lang='lat' dir='ltr'><strong>paroc</strong></span> <span class='ocrx_word' id='word_1_85' title='bbox 876 2347 977 2419; x_wconf 81' lang='lat' dir='ltr'><strong>seder</strong></span> <span class='ocrx_word' id='word_1_86' title='bbox 1014 2364 1194 2434; x_wconf 72' lang='lat' dir='ltr'><strong>sommae,</strong></span> <span class='ocrx_word' id='word_1_87' title='bbox 1232 2342 1369 2417; x_wconf 85' lang='lat' dir='ltr'><strong>sciticet</strong></span> <span class='ocrx_word' id='word_1_88' title='bbox 1410 2361 1582 2435; x_wconf 86' lang='lat' dir='ltr'><strong>currum,</strong></span> <span class='ocrx_word' id='word_1_89' title='bbox 1620 2361 1688 2413; x_wconf 81' lang='lat' dir='ltr'><strong>coa</strong></span> <span class='ocrx_word' id='word_1_90' title='bbox 1724 2344 1756 2414; x_wconf 84' lang='lat' dir='ltr'><strong>lc</strong></span> <span class='ocrx_word' id='word_1_91' title='bbox 1791 2342 1898 2431; x_wconf 72' lang='lat' dir='ltr'><strong>opta</strong></span> 
     </span>
     <span class='ocr_line' id='line_1_13' title="bbox 720 2460 1896 2559; baseline -0.005 -20"><span class='ocrx_word' id='word_1_92' title='bbox 720 2472 850 2559; x_wconf 78' lang='lat' dir='ltr'><strong>propte</strong></span> <span class='ocrx_word' id='word_1_93' title='bbox 872 2467 1028 2555; x_wconf 70' lang='lat' dir='ltr'><strong>imoimo,</strong></span> <span class='ocrx_word' id='word_1_94' title='bbox 1045 2469 1214 2558; x_wconf 87' lang='lat' dir='ltr'><strong>prompta</strong></span> <span class='ocrx_word' id='word_1_95' title='bbox 1240 2463 1287 2537; x_wconf 86' lang='lat' dir='ltr'><strong>ad</strong></span> <span class='ocrx_word' id='word_1_96' title='bbox 1313 2462 1565 2537; x_wconf 80' lang='lat' dir='ltr'><strong>fornicandum</strong></span> <span class='ocrx_word' id='word_1_97' title='bbox 1591 2481 1678 2537; x_wconf 91' lang='lat' dir='ltr'><strong>curn</strong></span> <span class='ocrx_word' id='word_1_98' title='bbox 1704 2460 1824 2556; x_wconf 88' lang='lat' dir='ltr'><strong>procis</strong></span> <span class='ocrx_word' id='word_1_99' title='bbox 1848 2480 1896 2535; x_wconf 83' lang='lat' dir='ltr'><strong>ex</strong></span> 
     </span>
     <span class='ocr_line' id='line_1_14' title="bbox 725 2578 1897 2680; baseline -0.006 -19"><span class='ocrx_word' id='word_1_100' title='bbox 725 2585 827 2661; x_wconf 91' lang='lat' dir='ltr'><strong>omni</strong></span> <span class='ocrx_word' id='word_1_101' title='bbox 860 2591 984 2680; x_wconf 79' lang='lat' dir='ltr'><strong>parte5</strong></span> <span class='ocrx_word' id='word_1_102' title='bbox 1011 2583 1201 2677; x_wconf 80' lang='lat' dir='ltr'><strong>meretrix,</strong></span> <span class='ocrx_word' id='word_1_103' title='bbox 1225 2582 1318 2676; x_wconf 87' lang='lat' dir='ltr'><strong>dioo,</strong></span> <span class='ocrx_word' id='word_1_104' title='bbox 1344 2585 1463 2655; x_wconf 70' lang='lat' dir='ltr'><strong>moure</strong></span> <span class='ocrx_word' id='word_1_105' title='bbox 1494 2584 1596 2672; x_wconf 62' lang='lat' dir='ltr'><strong>quud</strong></span> <span class='ocrx_word' id='word_1_106' title='bbox 1624 2578 1733 2655; x_wconf 84' lang='lat' dir='ltr'><strong>rdccu</strong></span> <span class='ocrx_word' id='word_1_107' title='bbox 1759 2585 1797 2654; x_wconf 83' lang='lat' dir='ltr'><strong>tu</strong></span> <span class='ocrx_word' id='word_1_108' title='bbox 1826 2583 1897 2654; x_wconf 84' lang='lat' dir='ltr'><strong>utto</strong></span> 
     </span>
     <span class='ocr_line' id='line_1_15' title="bbox 727 2701 1896 2799; baseline -0.004 -20"><span class='ocrx_word' id='word_1_109' title='bbox 727 2712 854 2796; x_wconf 67' lang='lat' dir='ltr'><strong>mode,</strong></span> <span class='ocrx_word' id='word_1_110' title='bbox 880 2710 1030 2799; x_wconf 90' lang='lat' dir='ltr'><strong>propter</strong></span> <span class='ocrx_word' id='word_1_111' title='bbox 1055 2703 1203 2777; x_wconf 86' lang='lat' dir='ltr'><strong>culmen</strong></span> <span class='ocrx_word' id='word_1_112' title='bbox 1229 2702 1323 2777; x_wconf 88' lang='lat' dir='ltr'><strong>sedis</strong></span> <span class='ocrx_word' id='word_1_113' title='bbox 1347 2702 1577 2797; x_wconf 58' lang='lat' dir='ltr'><strong>apostoticam</strong></span> <span class='ocrx_word' id='word_1_114' title='bbox 1598 2708 1636 2777; x_wconf 90' lang='lat' dir='ltr'><strong>et</strong></span> <span class='ocrx_word' id='word_1_115' title='bbox 1659 2701 1746 2797; x_wconf 86' lang='lat' dir='ltr'><strong>quia</strong></span> <span class='ocrx_word' id='word_1_116' title='bbox 1771 2702 1818 2777; x_wconf 91' lang='lat' dir='ltr'><strong>de</strong></span> <span class='ocrx_word' id='word_1_117' title='bbox 1843 2701 1896 2776; x_wconf 88' lang='lat' dir='ltr'><strong>rei</strong></span> 
     </span>
     <span class='ocr_line' id='line_1_16' title="bbox 728 2822 1897 2916; baseline -0.006 -16"><span class='ocrx_word' id='word_1_118' title='bbox 728 2824 882 2900; x_wconf 86' lang='lat' dir='ltr'><strong>veritate</strong></span> <span class='ocrx_word' id='word_1_119' title='bbox 906 2823 1112 2898; x_wconf 86' lang='lat' dir='ltr'><strong>Bonisacius</strong></span> <span class='ocrx_word' id='word_1_120' title='bbox 1133 2831 1221 2897; x_wconf 90' lang='lat' dir='ltr'><strong>tunc</strong></span> <span class='ocrx_word' id='word_1_121' title='bbox 1244 2823 1437 2916; x_wconf 84' lang='lat' dir='ltr'><strong>reputabat</strong></span> <span class='ocrx_word' id='word_1_122' title='bbox 1460 2842 1502 2897; x_wconf 89' lang='lat' dir='ltr'><strong>se</strong></span> <span class='ocrx_word' id='word_1_123' title='bbox 1526 2822 1688 2897; x_wconf 82' lang='lat' dir='ltr'><strong>maxime</strong></span> <span class='ocrx_word' id='word_1_124' title='bbox 1708 2842 1897 2914; x_wconf 87' lang='lat' dir='ltr'><strong>securum,</strong></span> 
     </span>
     <span class='ocr_line' id='line_1_17' title="bbox 727 2940 1899 3041; baseline -0.005 -22"><span class='ocrx_word' id='word_1_125' title='bbox 727 2945 815 3041; x_wconf 88' lang='lat' dir='ltr'><strong>quin</strong></span> <span class='ocrx_word' id='word_1_126' title='bbox 841 2949 921 3019; x_wconf 86' lang='lat' dir='ltr'><strong>erat</strong></span> <span class='ocrx_word' id='word_1_127' title='bbox 946 2944 983 3016; x_wconf 92' lang='lat' dir='ltr'><strong>in</strong></span> <span class='ocrx_word' id='word_1_128' title='bbox 1009 2964 1075 3017; x_wconf 92' lang='lat' dir='ltr'><strong>sua</strong></span> <span class='ocrx_word' id='word_1_129' title='bbox 1100 2942 1218 3037; x_wconf 87' lang='lat' dir='ltr'><strong>patria</strong></span> <span class='ocrx_word' id='word_1_130' title='bbox 1242 2941 1406 3038; x_wconf 81' lang='lat' dir='ltr'><strong>Anagnia</strong></span> <span class='ocrx_word' id='word_1_131' title='bbox 1431 2941 1527 3016; x_wconf 87' lang='lat' dir='ltr'><strong>inter</strong></span> <span class='ocrx_word' id='word_1_132' title='bbox 1556 2962 1644 3016; x_wconf 90' lang='lat' dir='ltr'><strong>suos</strong></span> <span class='ocrx_word' id='word_1_133' title='bbox 1673 2962 1760 3016; x_wconf 92' lang='lat' dir='ltr'><strong>cum</strong></span> <span class='ocrx_word' id='word_1_134' title='bbox 1790 2940 1899 3035; x_wconf 88' lang='lat' dir='ltr'><strong>quin-</strong></span> 
     </span>
     <span class='ocr_line' id='line_1_18' title="bbox 727 3059 1897 3164; baseline -0.006 -24"><span class='ocrx_word' id='word_1_135' title='bbox 727 3065 846 3164; x_wconf 88' lang='lat' dir='ltr'><strong>gentis</strong></span> <span class='ocrx_word' id='word_1_136' title='bbox 871 3062 1083 3139; x_wconf 87' lang='lat' dir='ltr'><strong>sateltitibus</strong></span> <span class='ocrx_word' id='word_1_137' title='bbox 1107 3062 1154 3135; x_wconf 92' lang='lat' dir='ltr'><strong>ad</strong></span> <span class='ocrx_word' id='word_1_138' title='bbox 1179 3061 1382 3135; x_wconf 89' lang='lat' dir='ltr'><strong>custodiam</strong></span> <span class='ocrx_word' id='word_1_139' title='bbox 1408 3060 1466 3135; x_wconf 94' lang='lat' dir='ltr'><strong>sni</strong></span> <span class='ocrx_word' id='word_1_140' title='bbox 1490 3061 1664 3156; x_wconf 89' lang='lat' dir='ltr'><strong>corporis.</strong></span> <span class='ocrx_word' id='word_1_141' title='bbox 1691 3061 1735 3134; x_wconf 84' lang='lat' dir='ltr'><strong>iit</strong></span> <span class='ocrx_word' id='word_1_142' title='bbox 1759 3059 1897 3134; x_wconf 88' lang='lat' dir='ltr'><strong>subdit:</strong></span> 
     </span>
     <span class='ocr_line' id='line_1_19' title="bbox 728 3181 1899 3278; baseline -0.002 -19"><span class='ocrx_word' id='word_1_143' title='bbox 728 3189 801 3259; x_wconf 83' lang='lat' dir='ltr'><strong>nidi</strong></span> <span class='ocrx_word' id='word_1_144' title='bbox 823 3188 861 3258; x_wconf 85' lang='lat' dir='ltr'><strong>di</strong></span> <span class='ocrx_word' id='word_1_145' title='bbox 885 3192 981 3258; x_wconf 79' lang='lat' dir='ltr'><strong>costa</strong></span> <span class='ocrx_word' id='word_1_146' title='bbox 1006 3205 1031 3256; x_wconf 88' lang='lat' dir='ltr'><strong>u</strong></span> <span class='ocrx_word' id='word_1_147' title='bbox 1057 3186 1100 3256; x_wconf 84' lang='lat' dir='ltr'><strong>tet</strong></span> <span class='ocrx_word' id='word_1_148' title='bbox 1122 3185 1229 3257; x_wconf 68' lang='lat' dir='ltr'><strong>dritto</strong></span> <span class='ocrx_word' id='word_1_149' title='bbox 1252 3203 1303 3254; x_wconf 85' lang='lat' dir='ltr'><strong>uu</strong></span> <span class='ocrx_word' id='word_1_150' title='bbox 1325 3186 1480 3274; x_wconf 75' lang='lat' dir='ltr'><strong>gigante,</strong></span> <span class='ocrx_word' id='word_1_151' title='bbox 1498 3181 1602 3275; x_wconf 75' lang='lat' dir='ltr'><strong>idest,</strong></span> <span class='ocrx_word' id='word_1_152' title='bbox 1628 3202 1755 3278; x_wconf 85' lang='lat' dir='ltr'><strong>regem</strong></span> <span class='ocrx_word' id='word_1_153' title='bbox 1783 3181 1899 3257; x_wconf 82' lang='lat' dir='ltr'><strong>Frau-</strong></span> 
     </span>
     <span class='ocr_line' id='line_1_20' title="bbox 728 3301 1900 3400; baseline -0.003 -19"><span class='ocrx_word' id='word_1_154' title='bbox 728 3307 796 3382; x_wconf 82' lang='lat' dir='ltr'><strong>ciae</strong></span> <span class='ocrx_word' id='word_1_155' title='bbox 819 3306 1036 3400; x_wconf 85' lang='lat' dir='ltr'><strong>Philippum,</strong></span> <span class='ocrx_word' id='word_1_156' title='bbox 1062 3304 1126 3398; x_wconf 89' lang='lat' dir='ltr'><strong>qui</strong></span> <span class='ocrx_word' id='word_1_157' title='bbox 1152 3303 1221 3377; x_wconf 87' lang='lat' dir='ltr'><strong>init</strong></span> <span class='ocrx_word' id='word_1_158' title='bbox 1245 3323 1402 3400; x_wconf 88' lang='lat' dir='ltr'><strong>magnus</strong></span> <span class='ocrx_word' id='word_1_159' title='bbox 1419 3322 1576 3399; x_wconf 89' lang='lat' dir='ltr'><strong>corpore</strong></span> <span class='ocrx_word' id='word_1_160' title='bbox 1595 3309 1632 3377; x_wconf 89' lang='lat' dir='ltr'><strong>et</strong></span> <span class='ocrx_word' id='word_1_161' title='bbox 1650 3322 1775 3399; x_wconf 86' lang='lat' dir='ltr'><strong>regno,</strong></span> <span class='ocrx_word' id='word_1_162' title='bbox 1801 3301 1900 3378; x_wconf 91' lang='lat' dir='ltr'><strong>unde</strong></span> 
     </span>
     <span class='ocr_line' id='line_1_21' title="bbox 729 3412 1898 3519; baseline -0.005 -18"><span class='ocrx_word' id='word_1_163' title='bbox 729 3426 846 3501; x_wconf 88' lang='lat' dir='ltr'><strong>dietus</strong></span> <span class='ocrx_word' id='word_1_164' title='bbox 871 3431 926 3501; x_wconf 91' lang='lat' dir='ltr'><strong>est</strong></span> <span class='ocrx_word' id='word_1_165' title='bbox 951 3426 1098 3519; x_wconf 79' lang='lat' dir='ltr'><strong>pulcer3</strong></span> <span class='ocrx_word' id='word_1_166' title='bbox 1124 3430 1163 3498; x_wconf 90' lang='lat' dir='ltr'><strong>et</strong></span> <span class='ocrx_word' id='word_1_167' title='bbox 1187 3424 1255 3496; x_wconf 85' lang='lat' dir='ltr'><strong>init</strong></span> <span class='ocrx_word' id='word_1_168' title='bbox 1279 3428 1381 3497; x_wconf 88' lang='lat' dir='ltr'><strong>reete</strong></span> <span class='ocrx_word' id='word_1_169' title='bbox 1404 3422 1520 3519; x_wconf 86' lang='lat' dir='ltr'><strong>gigas,</strong></span> <span class='ocrx_word' id='word_1_170' title='bbox 1548 3428 1648 3496; x_wconf 88' lang='lat' dir='ltr'><strong>totus</strong></span> <span class='ocrx_word' id='word_1_171' title='bbox 1661 3412 1698 3514; x_wconf 81' lang='lat'><strong>(¹)</strong></span> <span class='ocrx_word' id='word_1_172' title='bbox 1727 3428 1898 3497; x_wconf 90' lang='lat' dir='ltr'><strong>terrenus</strong></span> 
     </span>
     <span class='ocr_line' id='line_1_22' title="bbox 730 3543 1901 3642; baseline -0.006 -21"><span class='ocrx_word' id='word_1_173' title='bbox 730 3553 768 3621; x_wconf 90' lang='lat' dir='ltr'><strong>et</strong></span> <span class='ocrx_word' id='word_1_174' title='bbox 784 3547 976 3642; x_wconf 87' lang='lat' dir='ltr'><strong>insurgens</strong></span> <span class='ocrx_word' id='word_1_175' title='bbox 993 3551 1122 3620; x_wconf 91' lang='lat' dir='ltr'><strong>contra</strong></span> <span class='ocrx_word' id='word_1_176' title='bbox 1139 3545 1258 3619; x_wconf 87' lang='lat' dir='ltr'><strong>Deum</strong></span> <span class='ocrx_word' id='word_1_177' title='bbox 1277 3562 1382 3617; x_wconf 90' lang='lat' dir='ltr'><strong>more</strong></span> <span class='ocrx_word' id='word_1_178' title='bbox 1397 3543 1601 3638; x_wconf 87' lang='lat' dir='ltr'><strong>gigantum,</strong></span> <span class='ocrx_word' id='word_1_179' title='bbox 1615 3544 1653 3617; x_wconf 85' lang='lat' dir='ltr'><strong>di</strong></span> <span class='ocrx_word' id='word_1_180' title='bbox 1664 3548 1773 3632; x_wconf 80' lang='lat' dir='ltr'><strong>costa,</strong></span> <span class='ocrx_word' id='word_1_181' title='bbox 1786 3562 1901 3637; x_wconf 92' lang='lat' dir='ltr'><strong>prope</strong></span> 
     </span>
     <span class='ocr_line' id='line_1_23' title="bbox 729 3662 1902 3763; baseline -0.004 -24"><span class='ocrx_word' id='word_1_182' title='bbox 729 3666 837 3763; x_wconf 85' lang='lat' dir='ltr'><strong>iliam¹</strong></span> <span class='ocrx_word' id='word_1_183' title='bbox 863 3664 1109 3758; x_wconf 85' lang='lat' dir='ltr'><strong>meretricem,</strong></span> <span class='ocrx_word' id='word_1_184' title='bbox 1134 3667 1242 3737; x_wconf 69' lang='lat' dir='ltr'><strong>dritto</strong></span> <span class='ocrx_word' id='word_1_185' title='bbox 1270 3684 1295 3735; x_wconf 85' lang='lat' dir='ltr'><strong>u</strong></span> <span class='ocrx_word' id='word_1_186' title='bbox 1323 3666 1380 3754; x_wconf 80' lang='lat' dir='ltr'><strong>let,</strong></span> <span class='ocrx_word' id='word_1_187' title='bbox 1412 3662 1559 3756; x_wconf 78' lang='lat' dir='ltr'><strong>scilicet,</strong></span> <span class='ocrx_word' id='word_1_188' title='bbox 1590 3682 1637 3737; x_wconf 82' lang='lat' dir='ltr'><strong>er</strong></span> <span class='ocrx_word' id='word_1_189' title='bbox 1670 3662 1851 3756; x_wconf 91' lang='lat' dir='ltr'><strong>opposito:</strong></span> <span class='ocrx_word' id='word_1_190' title='bbox 1882 3682 1902 3735; x_wconf 89' lang='lat' dir='ltr'><strong>c</strong></span> 
     </span>
     <span class='ocr_line' id='line_1_24' title="bbox 730 3780 1900 3879; baseline -0.005 -20"><span class='ocrx_word' id='word_1_191' title='bbox 730 3806 826 3859; x_wconf 82' lang='lat' dir='ltr'><strong>conte</strong></span> <span class='ocrx_word' id='word_1_192' title='bbox 847 3780 975 3878; x_wconf 76' lang='lat' dir='ltr'><strong>perctd</strong></span> <span class='ocrx_word' id='word_1_193' title='bbox 997 3804 1067 3857; x_wconf 82' lang='lat' dir='ltr'><strong>nou</strong></span> <span class='ocrx_word' id='word_1_194' title='bbox 1093 3786 1144 3875; x_wconf 74' lang='lat' dir='ltr'><strong>pu</strong></span> <span class='ocrx_word' id='word_1_195' title='bbox 1164 3788 1260 3879; x_wconf 80' lang='lat' dir='ltr'><strong>surse</strong></span> <span class='ocrx_word' id='word_1_196' title='bbox 1284 3786 1381 3877; x_wconf 83' lang='lat' dir='ltr'><strong>totta,</strong></span> <span class='ocrx_word' id='word_1_197' title='bbox 1403 3802 1450 3857; x_wconf 92' lang='lat' dir='ltr'><strong>ne</strong></span> <span class='ocrx_word' id='word_1_198' title='bbox 1472 3782 1679 3857; x_wconf 85' lang='lat' dir='ltr'><strong>adhaereret</strong></span> <span class='ocrx_word' id='word_1_199' title='bbox 1695 3780 1801 3856; x_wconf 87' lang='lat' dir='ltr'><strong>alteri</strong></span> <span class='ocrx_word' id='word_1_200' title='bbox 1821 3780 1900 3877; x_wconf 85' lang='lat' dir='ltr'><strong>regi</strong></span> 
     </span>
     <span class='ocr_line' id='line_1_25' title="bbox 731 3900 1901 3998; baseline -0.007 -18"><span class='ocrx_word' id='word_1_201' title='bbox 731 3906 789 3980; x_wconf 90' lang='lat' dir='ltr'><strong>vei</strong></span> <span class='ocrx_word' id='word_1_202' title='bbox 813 3904 1037 3998; x_wconf 88' lang='lat' dir='ltr'><strong>imperatori,</strong></span> <span class='ocrx_word' id='word_1_203' title='bbox 1064 3904 1127 3979; x_wconf 91' lang='lat' dir='ltr'><strong>sed</strong></span> <span class='ocrx_word' id='word_1_204' title='bbox 1153 3909 1249 3979; x_wconf 89' lang='lat' dir='ltr'><strong>esset</strong></span> <span class='ocrx_word' id='word_1_205' title='bbox 1273 3902 1343 3979; x_wconf 91' lang='lat' dir='ltr'><strong>sub</strong></span> <span class='ocrx_word' id='word_1_206' title='bbox 1367 3902 1534 3977; x_wconf 88' lang='lat' dir='ltr'><strong>custodia</strong></span> <span class='ocrx_word' id='word_1_207' title='bbox 1558 3921 1638 3995; x_wconf 89' lang='lat' dir='ltr'><strong>sua,</strong></span> <span class='ocrx_word' id='word_1_208' title='bbox 1661 3901 1757 3975; x_wconf 91' lang='lat' dir='ltr'><strong>sicut</strong></span> <span class='ocrx_word' id='word_1_209' title='bbox 1781 3900 1901 3975; x_wconf 86' lang='lat' dir='ltr'><strong>iuerat</strong></span> 
     </span>
     <span class='ocr_line' id='line_1_26' title="bbox 731 4021 1901 4120; baseline -0.005 -20"><span class='ocrx_word' id='word_1_210' title='bbox 731 4024 810 4120; x_wconf 90' lang='lat' dir='ltr'><strong>diu;</strong></span> <span class='ocrx_word' id='word_1_211' title='bbox 837 4025 935 4100; x_wconf 89' lang='lat' dir='ltr'><strong>unde</strong></span> <span class='ocrx_word' id='word_1_212' title='bbox 959 4024 1063 4099; x_wconf 90' lang='lat' dir='ltr'><strong>dicit:</strong></span> <span class='ocrx_word' id='word_1_213' title='bbox 1085 4046 1104 4097; x_wconf 87' lang='lat' dir='ltr'><strong>c</strong></span> <span class='ocrx_word' id='word_1_214' title='bbox 1127 4024 1332 4097; x_wconf 69' lang='lat' dir='ltr'><strong>bodanensi</strong></span> <span class='ocrx_word' id='word_1_215' title='bbox 1346 4025 1487 4095; x_wconf 70' lang='lat' dir='ltr'><strong>taciem</strong></span> <span class='ocrx_word' id='word_1_216' title='bbox 1502 4024 1631 4095; x_wconf 84' lang='lat' dir='ltr'><strong>utcuua</strong></span> <span class='ocrx_word' id='word_1_217' title='bbox 1647 4023 1761 4094; x_wconf 85' lang='lat' dir='ltr'><strong>volta:</strong></span> <span class='ocrx_word' id='word_1_218' title='bbox 1778 4026 1816 4095; x_wconf 87' lang='lat' dir='ltr'><strong>et</strong></span> <span class='ocrx_word' id='word_1_219' title='bbox 1831 4021 1901 4094; x_wconf 90' lang='lat' dir='ltr'><strong>boc</strong></span> 
     </span>
     <span class='ocr_line' id='line_1_27' title="bbox 732 4141 1902 4241; baseline -0.003 -23"><span class='ocrx_word' id='word_1_220' title='bbox 732 4145 799 4219; x_wconf 88' lang='lat' dir='ltr'><strong>init</strong></span> <span class='ocrx_word' id='word_1_221' title='bbox 824 4165 956 4241; x_wconf 89' lang='lat' dir='ltr'><strong>verum</strong></span> <span class='ocrx_word' id='word_1_222' title='bbox 982 4145 1028 4219; x_wconf 93' lang='lat' dir='ltr'><strong>de</strong></span> <span class='ocrx_word' id='word_1_223' title='bbox 1054 4144 1160 4237; x_wconf 83' lang='lat' dir='ltr'><strong>iacto,</strong></span> <span class='ocrx_word' id='word_1_224' title='bbox 1178 4144 1265 4237; x_wconf 86' lang='lat' dir='ltr'><strong>quia</strong></span> <span class='ocrx_word' id='word_1_225' title='bbox 1282 4150 1368 4217; x_wconf 89' lang='lat' dir='ltr'><strong>ante</strong></span> <span class='ocrx_word' id='word_1_226' title='bbox 1393 4141 1654 4217; x_wconf 86' lang='lat' dir='ltr'><strong>dissensionem</strong></span> <span class='ocrx_word' id='word_1_227' title='bbox 1681 4142 1775 4217; x_wconf 82' lang='lat' dir='ltr'><strong>alter</strong></span> <span class='ocrx_word' id='word_1_228' title='bbox 1801 4142 1902 4215; x_wconf 85' lang='lat' dir='ltr'><strong>iave-</strong></span> 
     </span>
     <span class='ocr_line' id='line_1_28' title="bbox 732 4260 1901 4359; baseline -0.006 -19"><span class='ocrx_word' id='word_1_229' title='bbox 732 4266 795 4341; x_wconf 86' lang='lat' dir='ltr'><strong>bat</strong></span> <span class='ocrx_word' id='word_1_230' title='bbox 818 4265 942 4359; x_wconf 81' lang='lat' dir='ltr'><strong>aiteri3</strong></span> <span class='ocrx_word' id='word_1_231' title='bbox 968 4272 1006 4340; x_wconf 92' lang='lat' dir='ltr'><strong>et</strong></span> <span class='ocrx_word' id='word_1_232' title='bbox 1031 4264 1227 4359; x_wconf 87' lang='lat' dir='ltr'><strong>aliquando</strong></span> <span class='ocrx_word' id='word_1_233' title='bbox 1253 4262 1458 4337; x_wconf 87' lang='lat' dir='ltr'><strong>Boniiacius</strong></span> <span class='ocrx_word' id='word_1_234' title='bbox 1486 4262 1643 4337; x_wconf 81' lang='lat' dir='ltr'><strong>faciebat</strong></span> <span class='ocrx_word' id='word_1_235' title='bbox 1672 4261 1810 4357; x_wconf 85' lang='lat' dir='ltr'><strong>gratias</strong></span> <span class='ocrx_word' id='word_1_236' title='bbox 1834 4260 1901 4355; x_wconf 91' lang='lat' dir='ltr'><strong>ipsi</strong></span> 
     </span>
     <span class='ocr_line' id='line_1_29' title="bbox 732 4380 1903 4482; baseline -0.007 -21"><span class='ocrx_word' id='word_1_237' title='bbox 732 4386 911 4482; x_wconf 82' lang='lat' dir='ltr'><strong>Phiiipp03</strong></span> <span class='ocrx_word' id='word_1_238' title='bbox 937 4384 1000 4461; x_wconf 89' lang='lat' dir='ltr'><strong>sed</strong></span> <span class='ocrx_word' id='word_1_239' title='bbox 1026 4391 1151 4481; x_wconf 91' lang='lat' dir='ltr'><strong>postea</strong></span> <span class='ocrx_word' id='word_1_240' title='bbox 1169 4382 1353 4478; x_wconf 87' lang='lat' dir='ltr'><strong>Phiiippus</strong></span> <span class='ocrx_word' id='word_1_241' title='bbox 1373 4383 1490 4457; x_wconf 86' lang='lat' dir='ltr'><strong>iactus</strong></span> <span class='ocrx_word' id='word_1_242' title='bbox 1507 4387 1563 4456; x_wconf 89' lang='lat' dir='ltr'><strong>est</strong></span> <span class='ocrx_word' id='word_1_243' title='bbox 1581 4380 1649 4455; x_wconf 88' lang='lat' dir='ltr'><strong>sibi</strong></span> <span class='ocrx_word' id='word_1_244' title='bbox 1667 4381 1779 4455; x_wconf 90' lang='lat' dir='ltr'><strong>hostis</strong></span> <span class='ocrx_word' id='word_1_245' title='bbox 1795 4400 1903 4455; x_wconf 89' lang='lat' dir='ltr'><strong>acer-</strong></span> 
     </span>
     <span class='ocr_line' id='line_1_30' title="bbox 732 4499 1903 4597; baseline -0.008 -16"><span class='ocrx_word' id='word_1_246' title='bbox 732 4506 861 4581; x_wconf 86' lang='lat' dir='ltr'><strong>rimus.</strong></span> <span class='ocrx_word' id='word_1_247' title='bbox 882 4504 985 4581; x_wconf 88' lang='lat' dir='ltr'><strong>Unde</strong></span> <span class='ocrx_word' id='word_1_248' title='bbox 1004 4504 1142 4578; x_wconf 90' lang='lat' dir='ltr'><strong>subdit:</strong></span> <span class='ocrx_word' id='word_1_249' title='bbox 1165 4524 1225 4576; x_wconf 87' lang='lat' dir='ltr'><strong>mu</strong></span> <span class='ocrx_word' id='word_1_250' title='bbox 1241 4504 1321 4597; x_wconf 83' lang='lat' dir='ltr'><strong>quet</strong></span> <span class='ocrx_word' id='word_1_251' title='bbox 1331 4507 1452 4597; x_wconf 73' lang='lat' dir='ltr'><strong>feroce</strong></span> <span class='ocrx_word' id='word_1_252' title='bbox 1475 4504 1604 4593; x_wconf 84' lang='lat' dir='ltr'><strong>drudo,</strong></span> <span class='ocrx_word' id='word_1_253' title='bbox 1625 4500 1729 4595; x_wconf 83' lang='lat' dir='ltr'><strong>idest,</strong></span> <span class='ocrx_word' id='word_1_254' title='bbox 1746 4499 1903 4577; x_wconf 82' lang='lat' dir='ltr'><strong>crudelis</strong></span> 
     </span>
    </p>
   </div>
   <div class='ocr_carea' id='block_1_3' title="bbox 732 4617 2014 4721">
    <p class='ocr_par' dir='ltr' id='par_1_3' title="bbox 732 4617 2014 4721">
     <span class='ocr_line' id='line_1_31' title="bbox 732 4617 2014 4721; baseline -0.003 -22"><span class='ocrx_word' id='word_1_255' title='bbox 732 4644 878 4721; x_wconf 87' lang='lat' dir='ltr'><strong>procus,</strong></span> <span class='ocrx_word' id='word_1_256' title='bbox 892 4628 928 4698; x_wconf 84' lang='lat' dir='ltr'><strong>tu</strong></span> <span class='ocrx_word' id='word_1_257' title='bbox 941 4617 1094 4717; x_wconf 66' lang='lat' dir='ltr'><strong>stagello,</strong></span> <span class='ocrx_word' id='word_1_258' title='bbox 1107 4623 1194 4718; x_wconf 89' lang='lat' dir='ltr'><strong>quia</strong></span> <span class='ocrx_word' id='word_1_259' title='bbox 1216 4622 1425 4697; x_wconf 82' lang='lat' dir='ltr'><strong>verberavit</strong></span> <span class='ocrx_word' id='word_1_260' title='bbox 1443 4621 1547 4717; x_wconf 90' lang='lat' dir='ltr'><strong>peius</strong></span> <span class='ocrx_word' id='word_1_261' title='bbox 1568 4641 1681 4715; x_wconf 88' lang='lat' dir='ltr'><strong>quam</strong></span> <span class='ocrx_word' id='word_1_262' title='bbox 1696 4622 1811 4695; x_wconf 89' lang='lat' dir='ltr'><strong>soleat</strong></span> <span class='ocrx_word' id='word_1_263' title='bbox 1824 4619 1906 4695; x_wconf 87' lang='lat' dir='ltr'><strong>tieri</strong></span> <span class='ocrx_word' id='word_1_264' title='bbox 2010 4690 2014 4695; x_wconf 83' lang='lat'><em>.</em></span> 
     </span>
    </p>
   </div>
   <div class='ocr_carea' id='block_1_4' title="bbox 732 4738 1904 4959">
    <p class='ocr_par' dir='ltr' id='par_1_4' title="bbox 732 4738 1904 4959">
     <span class='ocr_line' id='line_1_32' title="bbox 732 4738 1901 4840; baseline -0.007 -20"><span class='ocrx_word' id='word_1_265' title='bbox 732 4744 778 4820; x_wconf 93' lang='lat' dir='ltr'><strong>de</strong></span> <span class='ocrx_word' id='word_1_266' title='bbox 804 4744 1010 4839; x_wconf 79' lang='lat' dir='ltr'><strong>meretrice,</strong></span> <span class='ocrx_word' id='word_1_267' title='bbox 1036 4747 1099 4817; x_wconf 86' lang='lat' dir='ltr'><strong>dut</strong></span> <span class='ocrx_word' id='word_1_268' title='bbox 1121 4764 1211 4840; x_wconf 85' lang='lat' dir='ltr'><strong>copo</strong></span> <span class='ocrx_word' id='word_1_269' title='bbox 1235 4745 1323 4835; x_wconf 75' lang='lat' dir='ltr'><strong>infin</strong></span> <span class='ocrx_word' id='word_1_270' title='bbox 1341 4746 1372 4815; x_wconf 86' lang='lat' dir='ltr'><strong>tc</strong></span> <span class='ocrx_word' id='word_1_271' title='bbox 1382 4744 1516 4835; x_wconf 79' lang='lat' dir='ltr'><strong>ptume,</strong></span> <span class='ocrx_word' id='word_1_272' title='bbox 1537 4741 1631 4816; x_wconf 90' lang='lat' dir='ltr'><strong>sicut</strong></span> <span class='ocrx_word' id='word_1_273' title='bbox 1648 4746 1704 4815; x_wconf 81' lang='lat' dir='ltr'><strong>est</strong></span> <span class='ocrx_word' id='word_1_274' title='bbox 1724 4738 1901 4835; x_wconf 84' lang='lat' dir='ltr'><strong>scriptum</strong></span> 
     </span>
     <span class='ocr_line' id='line_1_33' title="bbox 733 4856 1904 4959; baseline -0.002 -22"><span class='ocrx_word' id='word_1_275' title='bbox 733 4884 845 4958; x_wconf 89' lang='lat' dir='ltr'><strong>supra</strong></span> <span class='ocrx_word' id='word_1_276' title='bbox 870 4863 937 4937; x_wconf 82' lang='lat' dir='ltr'><strong>XX</strong></span> <span class='ocrx_word' id='word_1_277' title='bbox 965 4862 1124 4957; x_wconf 90' lang='lat' dir='ltr'><strong>capitulo</strong></span> <span class='ocrx_word' id='word_1_278' title='bbox 1151 4862 1259 4936; x_wconf 90' lang='lat' dir='ltr'><strong>buius</strong></span> <span class='ocrx_word' id='word_1_279' title='bbox 1285 4861 1504 4959; x_wconf 87' lang='lat' dir='ltr'><strong>Purgatorii,</strong></span> <span class='ocrx_word' id='word_1_280' title='bbox 1526 4856 1654 4953; x_wconf 73' lang='lat' dir='ltr'><strong>percite*</strong></span> <span class='ocrx_word' id='word_1_281' title='bbox 1677 4862 1822 4934; x_wconf 82' lang='lat' dir='ltr'><strong>t&#39;ocobto</strong></span> <span class='ocrx_word' id='word_1_282' title='bbox 1842 4882 1904 4935; x_wconf 86' lang='lat' dir='ltr'><strong>ou-</strong></span> 
     </span>
    </p>
   </div>
   <div class='ocr_carea' id='block_1_5' title="bbox 797 5122 1827 5187">
    <p class='ocr_par' dir='ltr' id='par_1_5' title="bbox 797 5122 1827 5187">
     <span class='ocr_line' id='line_1_34' title="bbox 797 5122 1827 5187; baseline -0.002 -13"><span class='ocrx_word' id='word_1_283' title='bbox 797 5124 823 5186; x_wconf 82' lang='lat'><strong>(¹)</strong></span> <span class='ocrx_word' id='word_1_284' title='bbox 840 5122 871 5173; x_wconf 80' lang='lat' dir='ltr'><strong>E.</strong></span> <span class='ocrx_word' id='word_1_285' title='bbox 887 5124 1018 5176; x_wconf 76' lang='lat' dir='ltr'><strong>ductum.</strong></span> <span class='ocrx_word' id='word_1_286' title='bbox 1035 5125 1106 5177; x_wconf 73' lang='lat' dir='ltr'><strong>Talis</strong></span> <span class='ocrx_word' id='word_1_287' title='bbox 1121 5125 1191 5175; x_wconf 77' lang='lat' dir='ltr'><strong>enim</strong></span> <span class='ocrx_word' id='word_1_288' title='bbox 1206 5124 1396 5175; x_wconf 67' lang='lat' dir='ltr'><strong>memoratrix.</strong></span> <span class='ocrx_word' id='word_1_289' title='bbox 1582 5123 1611 5186; x_wconf 80' lang='lat'><strong>(¹)</strong></span> <span class='ocrx_word' id='word_1_290' title='bbox 1626 5124 1658 5173; x_wconf 80' lang='grc' dir='ltr'><strong>Ε.</strong></span> <span class='ocrx_word' id='word_1_291' title='bbox 1673 5136 1734 5187; x_wconf 69' lang='lat' dir='ltr'><strong>quta</strong></span> <span class='ocrx_word' id='word_1_292' title='bbox 1749 5126 1827 5173; x_wconf 71' lang='lat' dir='ltr'><strong>totus.</strong></span> 
     </span>
    </p>
   </div>
   <div class='ocr_carea' id='block_1_6' title="bbox 0 0 2308 6836">
    <p class='ocr_par' dir='ltr' id='par_1_6' title="bbox 0 0 2308 6836">
     <span class='ocr_line' id='line_1_35' title="bbox 0 0 2308 6836; baseline 0 0"><span class='ocrx_word' id='word_1_293' title='bbox 0 0 2308 6836; x_wconf 95' lang='lat' dir='ltr'><strong> </strong></span> 
     </span>
    </p>
   </div>
  </div>
 </body>
</html>
