4575 6842
757 977 828 1044 326
1150 988 1356 1044 connurun
1381 988 1549 1042 raannrsr

757 1140 890 1208 natura
929 1131 1079 1227 provida
1113 1133 1256 1209 caeteris
1289 1133 1536 1209 animantibus
1569 1134 1667 1210 dedit
1696 1143 1822 1211 cutem
1859 1135 1929 1210 du·

755 1275 850 1346 ram,
868 1273 1013 1348 ungues
1033 1258 1071 1327 et
1086 1272 1248 1348 cornua3
1267 1253 1406 1327 bomini
1425 1253 1522 1328 dedit
1540 1277 1657 1328 riuum
1676 1263 1927 1350 reparatorem

755 1372 934 1466 omnium,
948 1371 1083 1447 scilicet
1100 1371 1337 1448 intellectum.
1356 1373 1469 1449 Bruta
1486 1395 1577 1470 ergo
1595 1376 1681 1450 iaesa
1701 1389 1775 1450 non
1793 1375 1928 1451 babent

756 1493 974 1586 remedium,
994 1491 1062 1568 nisi
1087 1492 1300 1567 conteratur
1315 1494 1364 1568 ab
1381 1493 1549 1569 bomine:
1575 1496 1732 1591 elephas,
1749 1496 1927 1589 camelus,

754 1613 831 1708 buu,
851 1634 970 1708 equus
994 1619 1031 1689 et
1056 1613 1126 1688 alia
1145 1634 1230 1688 cunr
1249 1614 1439 1689 senuerint
1458 1621 1695 1710 spernuntur,
1715 1636 1803 1690 cum
1824 1615 1927 1690 obie-

754 1733 827 1808 rint
853 1755 926 1808 non
943 1740 1043 1828 sunt;
1062 1735 1181 1808 solum
1208 1733 1394 1808 bominem
1413 1734 1550 1809 virtute
1566 1735 1744 1828 dotatum,
1763 1755 1847 1828 que
1865 1753 1925 1808 so-

752 1853 823 1928 iius
840 1853 996 1928 huminis
1009 1859 1064 1928 est
1081 1853 1240 1949 propria,
1257 1862 1427 1929 senectus
1444 1855 1528 1930 iacit
1544 1855 1804 1948 venerabitem,
1823 1875 1925 1929 mors

751 1973 954 2069 gloriosum
980 1973 1198 2068 attalicum,
1224 1994 1336 2068 quem
1364 1975 1536 2049 transfert
1561 1995 1634 2048 non
1659 1972 1859 2070 extinguit:
1886 1980 1924 2048 et

751 2113 838 2168 cum
856 2093 1027 2168 animalia
1046 2095 1163 2168 multa
1184 2092 1256 2167 sint
1271 2101 1415 2169 armata
1433 2095 1656 2189 tortitudine,
1673 2094 1865 2170 velocitate
1885 2101 1923 2169 et

749 2213 841 2308 aliis,
867 2215 966 2288 solus
992 2215 1104 2288 homo
1122 2213 1191 2288 init
1206 2234 1308 2288 curae
1324 2215 1489 2290 Creatori
1506 2236 1586 2307 suo,
1613 2215 1672 2290 cui
1697 2215 1795 2290 dedit
1811 2222 1923 2310 capnt

750 2333 946 2429 spericnm‚
973 2333 1010 2406 in
1036 2353 1111 2428 quo
1136 2333 1257 2428 posuit
1277 2335 1404 2409 ocutos
1427 2334 1590 2410 sidereos
1610 2334 1799 2429 inquibus
1821 2337 1922 2411 relu-

749 2458 834 2528 cent
859 2459 1000 2528 secreta
1026 2454 1151 2548 animi,
1176 2451 1275 2529 dedit
1300 2455 1479 2530 rationem
1512 2462 1550 2530 et
1581 2455 1808 2551 orationem;
1840 2456 1922 2532 ideo
2032 2541 2035 2549 ¹

749 2573 883 2648 merito
900 2573 1023 2648 omnia
1040 2574 1268 2648 famulantur
1284 2574 1353 2648 itti:
1375 2573 1451 2670 ipse
1469 2574 1592 2650 omnia
1613 2575 1739 2649 domat
1755 2583 1793 2651 et
1811 2576 1921 2650 trabit

747 2691 794 2766 ad
812 2693 1006 2767 commoda
1029 2713 1117 2788 sua3
1144 2695 1278 2769 bovem
1305 2694 1542 2791 subjugum,
1568 2713 1707 2788 equum
1735 2695 1804 2769 sub
1834 2695 1919 2770 irae·

748 2833 838 2886 num
856 2818 923 2887 etc.
942 2813 1013 2887 Per
1030 2811 1255 2888 intellectum
1274 2813 1386 2909 igitur
1406 2814 1518 2887 bomo
1535 2813 1745 2888 dominatur
1766 2813 1918 2909 cunctis,

746 2941 784 3010 et
815 2935 942 3010 virens
974 2934 1109 3008 fruitur
1135 2934 1219 3008 tuce
1243 2933 1407 3008 veritatis
1432 2942 1592 3028 aeterne,
1624 2935 1746 3010 clarus
1780 2935 1916 3010 virtute

745 3054 841 3130 iuter
857 3055 1036 3148 homiues,
1050 3055 1198 3128 iuturus
1214 3054 1493 3130 clarissimusct
1509 3056 1639 3130 beatus
1656 3054 1752 3129 inter
1769 3055 1914 3157 electus.

744 3175 796 3247 Er
824 3175 879 3248 his
905 3174 1035 3249 notatis
1060 3174 1160 3250 clare
1185 3182 1284 3269 patet
1304 3176 1403 3270 quud
1420 3175 1598 3250 dubitatio
1623 3176 1747 3251 Dantis
1765 3195 1863 3252 nunc
1877 3169 1914 3268 (¹)

743 3301 824 3370 erat
838 3295 1915 3390 rationabilis,quimirabaturquomodovivensasceuderet

742 3417 891 3509 emtum,
917 3413 1144 3490 considerata
1165 3415 1301 3490 vilitate
1326 3416 1498 3490 humanu
1522 3421 1779 3511 naturaeque
1804 3416 1915 3489 trabit

741 3535 928 3611 hominem
954 3536 1149 3630 deorsum3
1174 3544 1212 3611 et
1230 3535 1417 3631 responsio
1442 3535 1616 3612 Beatriuis
1641 3543 1697 3611 est
1721 3535 1910 3612 verissima

740 3656 966 3731 consideratu
994 3657 1180 3732 nobilitate
1197 3657 1331 3732 animae
1348 3656 1544 3751 rationalis,
1563 3677 1648 3750 quae
1665 3657 1776 3730 trabit
1793 3657 1912 3752 ipsum

739 3797 900 3870 sursum,
934 3783 971 3850 et
1002 3776 1086 3850 iacit
1101 3768 1136 3870 (¹)
1170 3777 1326 3852 similem
1353 3777 1442 3871 Deo,
1468 3775 1499 3850 si
1530 3775 1576 3850 sit
1600 3776 1793 3872 dispositus
1817 3776 1912 3851 sicut

739 3915 837 3969 nunc
863 3902 943 3970 erat
968 3902 1074 3992 poeta
1101 3905 1236 3972 noster.
1263 3896 1365 3972 Sicut
1384 3896 1482 3971 enim
1500 3895 1635 3970 animai
1653 3895 1786 3970 cadens
1803 3897 1911 3970 nimis

735 4015 784 4088 ab
808 4015 883 4088 altu
908 4015 1142 4090 exanimatur
1167 4022 1368 4111 autequam
1396 4016 1585 4111 perveniat
1609 4015 1656 4089 ad
1674 4022 1833 4110 terram3
1858 4016 1909 4091 ita

736 4133 847 4208 homo
877 4134 984 4209 nimis
1017 4136 1091 4209 alte
1119 4135 1320 4210 ascendens
1348 4135 1482 4209 amittit
1512 4135 1784 4228 quodammodo
1822 4151 1907 4210 nor-

734 4274 815 4348 puS,
834 4261 871 4329 et
892 4254 997 4350 quasi
1023 4255 1111 4329 vicit
1135 4255 1172 4329 in
1197 4257 1302 4330 coelo.
1321 4255 1425 4330 Nuuc
1450 4255 1498 4329 ad
1523 4255 1666 4330 literam
1684 4255 1905 4331 veniendum

734 4382 799 4450 est.
827 4373 919 4448 Dicit
939 4381 1046 4469 poeta
1068 4396 1222 4451 movens
1247 4375 1452 4450 secundum
1476 4375 1655 4450 dubium:
1681 4378 1718 4450 S'
1729 4380 1765 4449 iu
1778 4379 1833 4469 sui
1853 4379 1909 4450 det

729 4498 848 4588 prtum
867 4497 992 4570 dubbio
1008 4498 1195 4590 dunestito,
1218 4496 1316 4590 quod
1342 4516 1447 4571 mens
1467 4516 1551 4571 mea
1568 4495 1738 4571 induerat
1755 4516 1822 4591 pro
1839 4515 1906 4570 no·

732 4615 845 4691 vitate
870 4617 948 4690 soni
974 4623 1011 4691 et
1037 4615 1196 4711 luminis,
1219 4639 1286 4710 prr
1309 4620 1341 4691 lc
1363 4619 1498 4690 somme
1519 4615 1814 4710 poccatorem,
1834 4617 1905 4691 sci·

731 4734 827 4829 licet,
853 4736 939 4830 quia
965 4736 1112 4812 Beatrix
1138 4737 1301 4812 breviter
1325 4737 1563 4833 responderat
1591 4735 1680 4810 mibi
1714 4735 1905 4812 subridens

732 4853 778 4929 de
797 4856 963 4958 ruditate
984 4879 1079 4951 mea,
1098 4857 1162 4952 qui
1179 4859 1375 4934 credebam
1396 4857 1517 4931 adbuc
1534 4877 1615 4932 esse
1632 4856 1669 4930 in
1687 4863 1799 4952 terra,
1816 4878 1901 4932 cum

791 5111 818 5173 ε’)
833 5111 865 5162 Ε.
879 5125 931 5163 non
947 5118 1011 5163 crat.
1139 5113 1165 5176 (Ἴ
1183 5113 1213 5165 lt
1231 5111 1292 5164 iacit
1307 5112 1392 5177 ipsum
1407 5112 1519 5164 similem
1534 5111 1621 5164 dirtuo
1636 5112 1747 5176 spiritui.
