4575 6842
690 978 761 1045 228
1047 988 1254 1045 counurun
1278 990 1497 1045 runonnonu

690 1135 799 1229 tione,
813 1134 911 1228 quod
929 1133 1012 1208 iicet
1029 1134 1189 1210 scientiae
1206 1137 1403 1211 seculares
1420 1134 1614 1210 videantur
1632 1158 1779 1213 summe
1794 1137 1860 1212 de·

688 1254 884 1348 iectahiies,
910 1260 1034 1328 tamen
1061 1254 1214 1329 ettectus
1238 1276 1370 1331 earum
1401 1274 1499 1351 saepe
1530 1260 1586 1329 est
1616 1277 1747 1351 renus,
1774 1257 1859 1352 quia

688 1396 762 1449 non
787 1373 833 1447 ad
860 1394 969 1447 usum
994 1394 1095 1461 rerae
1119 1374 1275 1469 virtutis,
1302 1375 1366 1450 sed
1389 1375 1438 1449 ad
1464 1375 1663 1470 superbam
1689 1376 1860 1472 gloriam,

689 1496 764 1570 imo
781 1494 881 1590 quod
893 1494 999 1569 vilius
1012 1494 1157 1569 ridetur
1174 1495 1220 1569 ad
1238 1495 1413 1569 miseram
1427 1494 1857 1589 cupiditatem-Dono.

688 1616 754 1690 Hic
769 1608 805 1707 (⁴)
832 1614 932 1708 ponit
957 1635 1062 1688 suarn
1089 1614 1364 1709 responsionem
1381 1615 1429 1688 ad
1445 1614 1628 1710 duplicem
1645 1616 1857 1711 petitionem

687 1736 873 1829 Beatricis,
890 1734 927 1808 in
944 1756 1018 1828 qua
1035 1734 1231 1809 confitetur
1255 1757 1366 1809 suum
1387 1755 1567 1830 errorem,
1594 1742 1632 1810 et
1656 1736 1772 1832 tangit
1797 1757 1859 1812 er-

689 1856 783 1932 roris
808 1874 949 1949 causas,
968 1860 1005 1928 et
1023 1854 1209 1948 premittit
1234 1854 1485 1929 difficultatem
1504 1876 1582 1929 suae
1603 1856 1857 1950 responsionis,

688 1976 830 2052 diceus:
856 1981 886 2047 A
907 1995 1004 2067 peno
1028 1975 1103 2047 eddi
1132 1976 1169 2046 to
1199 1995 1281 2047 uoce
1310 1977 1370 2048 cte
1393 1977 1541 2069 nspose,
1567 1974 1654 2069 quia
1679 1975 1789 2050 timor
1819 1983 1857 2051 et

688 2096 807 2193 pudor
824 2094 1029 2169 invaluerat
1046 2094 1122 2187 ipsa
1138 2094 1291 2170 feriente
1304 2094 1481 2188 punctim,
1494 2095 1587 2187 dopo
1600 2098 1637 2169 io
1649 2102 1757 2169 dotto
1769 2098 1858 2169 d’uu

687 2219 826 2309 suspiro
843 2236 984 2305 umaro,
1001 2214 1086 2309 quia
1114 2215 1287 2310 tangebat
1310 2235 1372 2289 me
1396 2214 1443 2297 ad
1471 2214 1608 2308 vivum,
1635 2236 1654 2289 e
1679 2218 1710 2289 le
1734 2216 1859 2289 cauom

688 2359 712 2409 u
733 2339 843 2431 [odeo
859 2338 896 2407 lo
911 2339 1088 2428 formare.
1107 2335 1150 2407 Et
1166 2334 1218 2408 sic
1234 2335 1318 2411 vide
1335 2333 1434 2430 quod
1451 2340 1560 2429 poeta
1576 2335 1748 2411 satisfecit
1765 2336 1861 2411 Bea-

688 2457 780 2550 trici‚
801 2478 886 2550 quae
910 2455 1053 2529 dixerat
1073 2475 1185 2550 supra
1204 2454 1301 2549 quod
1325 2454 1504 2530 consessio
1530 2463 1612 2531 erat
1636 2455 1703 2529 sibi
1728 2475 1861 2531 neces-

688 2576 796 2651 saria.
827 2577 871 2649 Et
903 2596 1001 2669 ecce,
1032 2578 1234 2669 mandendo
1263 2577 1350 2648 dou
1361 2600 1373 2647 .·
1405 2577 1610 2668 lepreserui
1640 2597 1731 2667 cose,
1763 2575 1859 2650 sicut

687 2696 857 2789 honores,
883 2695 1085 2791 dignitates,
1111 2694 1228 2792 gioria
1253 2700 1292 2769 et
1319 2702 1419 2770 artes
1447 2695 1616 2772 liberales
1641 2701 1679 2771 et
1704 2696 1856 2790 poetica,

687 2836 772 2911 quos
796 2815 978 2891 habentur
1003 2814 1049 2889 ad
1074 2835 1225 2889 sensum
1256 2820 1295 2889 et
1322 2835 1388 2909 per
1416 2816 1574 2890 rationes
1603 2822 1641 2891 et
1672 2836 1746 2891 non
1770 2835 1859 2913 pro-

688 2936 838 3010 mittunt
863 2935 987 3009 iutura
1013 2940 1050 3009 et
1080 2934 1283 3027 invisibilia,
1308 2935 1402 3009 sicut
1435 2935 1594 3029 Beatrin,
1628 2939 1743 3011 onice
1776 2938 1855 3010 miei

681 3059 795 3151 possi,
815 3054 916 3147 idest,
934 3061 1151 3129 averterunt
1175 3074 1324 3152 gressus
1349 3075 1452 3130 meos
1468 3077 1492 3131 a
1511 3056 1569 3130 via
1587 3047 1724 3149 verat²t
1744 3062 1854 3149 recta,

685 3180 742 3251 col
762 3179 857 3271 saiso
887 3178 943 3248 tor
970 3177 1112 3269 piacer;
1147 3174 1234 3267 quia
1265 3175 1463 3250 adulantur
1494 3176 1644 3250 bomini.
1680 3176 1858 3252 Adulator

686 3296 784 3371 enim
811 3301 866 3369 est
890 3314 1068 3389 apparens
1093 3294 1255 3389 amicus3
1273 3294 1336 3369 sed
1352 3295 1499 3369 Beatrix
1521 3296 1641 3391 potius
1662 3296 1777 3393 rigida
1798 3296 1855 3369 in-

686 3423 812 3511 crepat
843 3420 879 3489 et
911 3413 1083 3509 minatur,
1109 3413 1205 3487 sicut
1235 3434 1347 3489 verus
1379 3415 1601 3511 a·1nicus,et
1632 3416 1735 3493 dicit:
1768 3422 1856 3489 tosto

686 3540 783 3611 cte’l
805 3542 924 3608 vostro
954 3538 1029 3607 otro
1058 3538 1089 3607 si
1116 3554 1276 3626 uuscose,
1301 3535 1448 3630 scilicet,
1473 3536 1691 3613 adveniente
1718 3536 1856 3630 putrer·

686 3663 771 3750 tate,
799 3654 945 3749 quando
970 3654 1133 3740 deseruit
1158 3674 1254 3749 earn,
1275 3661 1318 3729 ut
1339 3655 1476 3730 dictum
1504 3662 1559 3733 est
1584 3657 1743 3753 capitulo
1761 3674 1855 3751 prae-

686 3774 847 3869 cedenti3
873 3773 909 3847 in
942 3772 1001 3847 iila
1035 3773 1133 3848 eninr
1166 3772 1290 3870 incipit
1320 3775 1432 3851 bomo
1462 3776 1552 3851 dare
1584 3796 1625 3851 se
1655 3776 1795 3851 artibus
1820 3782 1859 3849 et

686 3895 852 3970 scientiis.
867 3901 972 3967 -nt
995 3898 1072 3969 etto.
1099 3895 1164 3970 Hic
1188 3902 1296 3992 poeta
1322 3896 1479 3970 ostendit
1504 3897 1603 3992 quod
1624 3897 1771 3973 Beatrin
1787 3917 1858 3971 au-

685 4015 787 4089 diens
812 4014 1061 4089 contusionem
1089 4015 1169 4090 eius
1194 4015 1283 4089 dixit
1312 4015 1380 4089 sibi
1410 4037 1527 4110 quare
1553 4017 1784 4111 requisiverit
1809 4019 1857 4092 ab

685 4156 731 4210 eo
757 4134 1032 4229 consessionem,
1059 4142 1095 4209 et
1120 4135 1282 4232 assignat
1305 4136 1540 4211 consessionis
1565 4156 1728 4211 canem.
1755 4136 1857 4213 Unde

685 4256 791 4331 dicit:
817 4261 862 4329 Et
886 4260 967 4348 citu,
989 4255 1134 4350 scilieet,
1152 4256 1298 4330 Beatrix
1318 4256 1519 4351 respondit:
1538 4260 1574 4330 lu
1591 4259 1692 4349 coipu
1709 4263 1857 4333 tuanen

683 4381 770 4472 foro
793 4398 869 4449 meu
895 4384 993 4469 uoto,
1010 4376 1112 4470 idest,
1130 4396 1204 4449 non
1221 4383 1319 4451 esset
1343 4376 1460 4473 magis
1485 4383 1614 4471 pateus
1638 4383 1677 4451 et
1701 4377 1856 4453 manite-

686 4506 753 4594 sta‚
774 4520 811 4572 se
827 4501 961 4589 lacessi,
984 4518 1058 4570 osc
1074 4500 1215 4587 ucyassi
1229 4490 1283 4570 oid
1299 4499 1359 4570 cde
1374 4500 1534 4590 confeci,
1564 4503 1601 4571 et
1618 4497 1706 4573 ecoe
1722 4516 1856 4591 quare:

685 4620 735 4691 da
760 4622 809 4693 tot
831 4622 965 4710 diodus
989 4620 1093 4709 sossi,
1119 4616 1347 4709 quiescitur
1377 4616 1426 4691 ab
1456 4622 1595 4691 aeterno
1627 4616 1766 4708 Judice,
1792 4616 1857 4709 qui

687 4758 762 4812 non
786 4738 897 4813 habet
920 4737 1013 4812 sicut
1030 4736 1216 4812 consessor
1233 4744 1403 4811 terrenus
1419 4737 1577 4812 scrutari
1598 4736 1856 4812 conscientiam
1968 4793 1970 4797 .

688 4859 899 4954 peccatoris,
926 4859 1018 4932 sicut
1052 4857 1216 4933 medicus
1247 4859 1395 4952 vulnus,
1420 4865 1458 4933 et
1483 4858 1599 4954 judex
1625 4877 1788 4932 causam.
1813 4858 1858 4929 Et

749 5119 776 5182 u
793 5120 824 5170 E·
840 5119 891 5170 Hic
907 5126 982 5184 noea
997 5122 1078 5184 pontu
1326 5120 1356 5186 ρ)
1371 5122 1402 5174 n.
1418 5128 1503 5176 mu·
1519 5127 1601 5175 min.
