4575 6842
750 953 892 1007 usurus
917 952 1108 1006 vruasruus
1131 952 1261 1008 nonus.
1520 941 1589 1008 185

422 1101 532 1176 labris
557 1100 677 1197 primo
700 1118 893 1195 apparens,
910 1098 1020 1170 subito
1037 1104 1213 1170 obscurae
1238 1101 1287 1172 da
1311 1105 1393 1172 tutte
1413 1101 1512 1190 porti
1524 1118 1591 1190 per

420 1227 457 1297 ta
480 1244 576 1314 pron
596 1227 745 1317 foresto,
772 1219 874 1311 idest,
899 1217 1094 1312 spatiosam
1121 1217 1275 1313 sylvam,
1301 1239 1385 1312 quae
1412 1223 1592 1293 tota‘erat

421 1327 534 1438 capax
561 1342 729 1434 luminis3
755 1346 791 1414 et
815 1339 917 1413 dicit:
945 1341 1006 1429 tot,
1032 1338 1134 1430 idest,
1161 1346 1236 1413 tam
1264 1340 1426 1413 subitum
1454 1345 1491 1414 et
1516 1346 1591 1413 ter·

423 1463 536 1557 ribile,
562 1465 622 1534 cte
645 1464 694 1534 mi
717 1463 802 1532 mise
820 1462 859 1531 in
872 1461 984 1551 surse,
1001 1458 1104 1551 idest,
1123 1458 1159 1532 in
1185 1459 1352 1553 dubium,
1372 1461 1410 1532 di
1431 1460 1591 1550 tabam,

422 1583 524 1677 idest,
541 1572 754 1678 fulgurisd),
781 1579 884 1675 quasi
911 1579 1016 1673 dicat,
1043 1579 1178 1653 credidi
1205 1580 1303 1673 quod
1330 1587 1426 1655 esset
1452 1580 1592 1653 tulmen

422 1703 520 1797 quod
546 1701 719 1798 praecedit
744 1688 959 1795 tonitruum,
986 1701 1050 1774 sed
1074 1701 1147 1775 cito
1173 1701 1363 1796 perpendit
1393 1701 1492 1795 quod
1517 1719 1591 1773 nou

421 1831 502 1898 erat
527 1824 631 1916 ittud3
658 1823 756 1896 unde
780 1821 884 1895 dicit:
911 1841 971 1894 ma
993 1815 1156 1914 perold’l
1179 1821 1338 1913 batenor,
1357 1820 1459 1914 idest,
1480 1839 1591 1893 coru-

422 1943 545 2035 scatio,
563 1963 659 2015 comc
676 1945 766 2033 uias,
782 1950 891 2031 resta,
918 1942 1020 2033 idest,
1042 1947 1160 2016 cessat
1180 1941 1215 2014 in
1233 1941 1390 2036 instanti,
1410 1941 1495 2034 quia
1514 1941 1593 2014 vio-

422 2063 540 2138 lenter
564 2063 726 2158 erumpit
751 2062 909 2137 calidum
935 2082 982 2136 en
1009 2062 1108 2136 nube
1134 2061 1283 2157 trigida3
1302 2083 1321 2134 e
1337 2065 1426 2152 quel,
1445 2062 1592 2156 scilieet,

421 2184 593 2276 lustrum,
618 2186 783 2256 durando
809 2179 871 2276 pet
899 2178 1001 2274 epid
1025 2185 1225 2274 splendens,
1260 2182 1347 2276 quia
1378 2182 1547 2257 veniebat
1572 2203 1594 2256 a

422 2303 517 2377 coelo
538 2323 714 2398 empyreo
734 2323 807 2377 non
832 2303 880 2377 ab
905 2322 993 2376 aere
1013 2302 1158 2394 mobili,
1177 2301 1271 2394 ideo,
1288 2306 1346 2374 nel
1363 2305 1432 2374 mio
1446 2323 1596 2394 pensor,

421 2423 459 2496 in
485 2429 609 2498 mente
634 2444 729 2517 mea,
747 2423 833 2517 quia
852 2443 925 2497 non
942 2423 1124 2498 audebam
1143 2429 1269 2518 petere
1286 2423 1333 2497 ab
1357 2423 1416 2497 illa
1434 2423 1595 2517 domina,

422 2547 541 2618 deca:
565 2548 626 2617 clrc
656 2565 740 2618 cosa
765 2541 787 2618 e*
808 2551 953 2635 questa?
978 2544 1098 2637 quasi'
1115 2544 1234 2618 dicat:
1269 2565 1381 2637 quam
1419 2543 1595 2617 mirabilis

423 2672 460 2739 et
485 2663 683 2760 stupenda!
710 2664 808 2737 lstud
833 2672 959 2738 autem
990 2665 1117 2738 lumen
1147 2663 1368 2757 procedebat
1399 2685 1420 2737 a
1453 2670 1592 2758 septem

391 2784 651 2858 'candelabris
667 2775 704 2876 (²)
735 2783 959 2877 ardentibus,
985 2803 1069 2876 quae
1099 2789 1186 2856 sunt
1215 2791 1354 2878 septem
1389 2783 1484 2857 dona
1514 2783 1595 2877 Spi-

427 2903 519 2978 ritus
543 2905 682 2998 sancti3
709 2905 791 2978 ideo
817 2905 912 2980 bene
937 2905 1053 2999 replet
1080 2912 1193 2980 totam
1220 2904 1373 3001 sylvam,
1399 2905 1490 2980 idest
1520 2911 1595 2980 sta-

426 3033 503 3099 tum
528 3027 694 3099 omnium
714 3025 964 3100 virtuosorum
982 3031 1019 3099 et
1037 3026 1192 3099 illustrat
1215 3025 1456 3100 universalem
1476 3027 1594 3101 eccle·

423 3146 526 3220 siam.
541 3186 590 3198 —
603 3152 647 3218 Et
661 3167 744 3218 unu.
765 3145 831 3219 llic
856 3153 964 3240 poeta
980 3144 1151 3220 describit
1174 3153 1322 3219 cantum
1345 3167 1510 3239 suavem,
1529 3146 1592 3240 qui

423 3266 648 3360 sequebatur
672 3266 771 3339 illam
797 3267 920 3340 lucem
946 3255 1163 3360 mirabilem,
1189 3265 1331 3340 dicens:
1358 3271 1402 3339 Et
1425 3287 1497 3338 una
1521 3287 1594 3338 me-

313 3396 321 3414 ·
422 3390 518 3460 todia
541 3389 640 3460 debe
663 3407 791 3460 correo
810 3409 879 3479 per
904 3389 1000 3461 caer
1024 3389 1206 3460 luminoso.
1229 3388 1272 3460 Et
1298 3388 1355 3461 hic
1381 3395 1467 3461 nota
1494 3386 1594 3480 quod

422 3508 491 3583 iste
515 3514 645 3582 cantus
670 3507 890 3602 procedebat
914 3507 961 3582 ab
987 3508 1042 3581 bis
1067 3509 1131 3602 qui
1152 3515 1257 3582 erant
1274 3508 1311 3582 in
1331 3509 1508 3603 exercitu,
1526 3509 1595 3584 sci-

423 3627 506 3702 licet
529 3649 554 3701 a
579 3628 763 3723 prophetis
787 3634 825 3702 et
855 3628 1037 3723 apostolis,
1063 3628 1285 3722 doctoribus
1317 3630 1541 3724 martyribus
1557 3621 1594 3722 (³)

423 3756 461 3823 et
485 3748 563 3823 aliis
580 3749 725 3841 sanctis,
743 3748 804 3841 qui
823 3748 940 3844 gratia
958 3748 1112 3843 Spiritus
1129 3750 1244 3822 sancti
1263 3749 1490 3824 illuminante
1507 3772 1596 3826 can·

425 3876 598 3943 taverunt
621 3869 776 3942 dulciter
802 3874 838 3943 et
863 3868 1071 3961 salubriter,
1096 3867 1157 3941 alii
1190 3868 1389 3963 scripturis,
1416 3871 1476 3943 alii
1509 3891 1595 3945 ora-

424 3989 594 4084 tionibus,
612 3989 673 4063 alii
694 3987 1019 4084 praedicationibus,
1037 3987 1098 4061 alii
1118 3987 1223 4060 bonis
1240 3989 1427 4082 exemplis.
1447 3990 1490 4061 Et
1506 3991 1595 4064 sub-

424 4108 475 4181 dit
500 4115 607 4204 poeta
633 4109 833 4182 incidenter
865 4108 963 4202 quod
996 4107 1119 4181 videns
1151 4112 1289 4181 tantam
1316 4108 1532 4202 claritatem,
1559 4117 1595 4184 et

423 4229 576 4302 audiens
603 4235 741 4302 tantam
766 4228 997 4322 suavitatem,
1028 4234 1151 4300 motus
1181 4226 1305 4301 estad
1333 4226 1593 4323 indignandum

424 4355 551 4422 contra
578 4349 734 4443 primam
766 4353 936 4441 matrem,
963 4367 1047 4441 quae
1079 4347 1218 4442 peperit
1245 4346 1347 4419 nobis
1376 4357 1592 4442 perpetuam

423 4449 667 4543 infelicitatem
695 4489 782 4542 uum
809 4475 908 4542 tanta
926 4469 1096 4543 felicitate
1116 4469 1322 4561 trueretur3
1344 4488 1428 4540 nam
1455 4468 1593 4544 fallacia

425 4589 536 4662 bostis
560 4589 712 4684 decepta
737 4589 860 4664 virum
887 4591 959 4664 beu
986 4589 1094 4662 nimis
1118 4589 1310 4663 credulum
1331 4589 1490 4661 insuam
1510 4611 1595 4664 sen-

426 4708 576 4782 tentiam
603 4709 724 4783 traxit.
751 4709 843 4783 Dicit
874 4729 965 4805 ergo
989 4715 1117 4804 poeta:
1144 4711 1235 4782 oncle
1262 4709 1352 4781 buon
1376 4713 1467 4800 zeto,
1493 4710 1594 4804 idest,

425 4849 532 4902 amor
553 4829 724 4922 caritatis,
742 4850 815 4902 non
832 4829 951 4924 gratia
967 4828 1214 4922 detractionis,
1230 4829 1324 4904 sicut
1348 4831 1595 4906 communiter

488 5012 516 5075 (¹)
533 5014 563 5064 ll.
580 5015 645 5065 idest
660 5016 830 5066 commentia
845 5017 899 5068 sire
915 5017 1102 5067 coruscationis
1116 5015 1239 5080 fulguris.
1364 5019 1391 5080 (¹)
1408 5017 1439 5068 lt.
1457 5017 1579 5069 candelis.

487 5091 516 5154 (⁸)
531 5092 562 5142 E.
577 5094 744 5157 martyribus,
760 5094 949 5146 warmannus
963 5099 991 5144 et
1003 5094 1069 5144 ullis.
