4575 6842
745 962 884 1017 CANTUS
910 961 1100 1016 vloltsmus
1123 961 1256 1016 uultus.
1520 947 1586 1014 191

416 1107 689 1183 multitudinem
717 1127 888 1203 magnam
920 1113 1132 1180 sanctorum
1165 1105 1372 1200 spirituum,
1404 1104 1467 1198 qui
1501 1125 1591 1179 uon-

417 1209 573 1301 stituuot
598 1248 732 1322 corpus
756 1227 860 1300 istius
886 1225 1033 1299 militiae.
1055 1226 1100 1298 Et
1123 1225 1298 1300 continuo
1323 1224 1478 1325 ostendit
1503 1222 1590 1318 quid

418 1347 516 1422 videt
531 1339 581 1441 (¹),
598 1347 738 1422 dicens:
760 1348 828 1418 oid'
841 1349 876 1418 io
892 1348 1134 1436 ponticanus,
1152 1344 1254 1438 idest,
1271 1344 1394 1438 sequi;
1414 1345 1468 1417 isti
1486 1349 1592 1418 erant

419 1469 545 1565 viginti
563 1473 726 1562 quatuor
745 1466 920 1559 seniores,
941 1487 1125 1559 oppresso,
1143 1472 1224 1561 post
1240 1465 1334 1539 diota
1360 1464 1590 1557 candelabra,

420 1591 526 1680 ullor,
541 1588 643 1683 idest,
658 1595 758 1681 tunc,
771 1607 868 1660 come
884 1608 908 1659 a
925 1589 983 1660 lor
997 1590 1089 1678 duci,
1107 1587 1194 1680 quia
1213 1586 1432 1661 candelabra
1452 1604 1591 1680 praece·

419 1706 1152 1803 deutiaducebantetdirigebantgentcm
1172 1702 1591 1800 istam,sicutsubtiliter
1727 1714 1732 1726 ·

419 1829 622 1903 ostenditur
647 1828 684 1900 in
708 1827 884 1923 principio
912 1827 1099 1920 sequentis
1131 1826 1297 1922 capituli3
1326 1831 1466 1921 gentes,
1498 1823 1591 1917 dico,

422 1952 535 2022 vodo
558 1952 597 2022 di
620 1949 745 2022 blanco
754 1975 770 2042 ;
797 1947 876 2021 talis
901 1948 1045 2021 babitus
1077 1948 1172 2022 bene
1203 1946 1373 2022 convenit
1406 1946 1466 2021 tali
1492 1946 1591 2043 genti

420 2068 467 2141 ad
492 2068 719 2142 indicandam
745 2069 942 2164 puritatem
960 2075 998 2142 et
1015 2067 1232 2142 munditiam
1257 2086 1388 2142 eorum
1405 2058 1454 2158 (²).
1474 2068 1517 2141 llt
1538 2067 1593 2142 di-

421 2187 471 2262 cit
494 2188 542 2262 ad
566 2189 827 2264 ostendendam
847 2188 1120 2283 perfectionem,
1147 2211 1166 2261 e
1190 2190 1241 2262 tol
1255 2192 1406 2279 condor,
1423 2189 1526 2283 idest,
1545 2190 1595 2264 si-

422 2309 514 2382 milis
548 2310 689 2402 albedo,
718 2313 889 2400 piammai
919 2331 991 2382 ooo
1017 2313 1103 2403 suci,
1136 2309 1237 2403 idest,
1269 2307 1347 2403 luit,
1377 2311 1416 2384 di
1443 2328 1527 2401 pua,
1557 2311 1593 2384 in

423 2435 546 2503 nostro
573 2429 732 2503 mundo:
758 2435 796 2503 et
821 2449 952 2504 verum
983 2429 1079 2521 dicit,
1111 2428 1197 2522 quia
1231 2449 1421 2522 nunquam
1452 2429 1489 2502 in
1520 2430 1593 2505 vita

421 2549 591 2643 apparuit
617 2555 715 2624 tanta
741 2549 887 2623 claritas
911 2549 948 2622 in
974 2549 1038 2642 eis,
1059 2549 1153 2623 sicut
1172 2553 1252 2644 post
1277 2548 1592 2625 beatificationem.

424 2707 474 2721 -
486 2672 524 2740 ι’
537 2689 661 2761 acqua.
682 2668 747 2743 llio
765 2675 870 2763 poeta
888 2669 1015 2742 volens
1034 2668 1257 2742 descendere
1273 2668 1319 2741 ad
1337 2669 1591 2762 perfectiorem

424 2787 613 2881 visionem,
639 2787 759 2882 primo
784 2786 971 2882 praemittit
1001 2785 1197 2880 puritatem
1230 2806 1337 2880 aquae
1370 2807 1416 2861 en
1442 2807 1594 2881 percus-

422 2908 524 2982 sione
549 2908 716 3002 luminis,
742 2915 780 2982 et
804 2907 950 2982 videtur
967 2909 1061 2982 velle
1077 2907 1211 3001 dicere,
1230 2907 1328 3000 quod
1349 2927 1436 2981 cum
1454 2906 1595 2983 videret

424 3034 563 3103 tantam
594 3028 796 3103 claritatem
830 3035 868 3101 et
901 3029 1098 3123 puritatem
1130 3027 1369 3101 luminarium
1396 3034 1434 3103 et
1460 3029 1595 3118 cando-

425 3169 516 3242 rem,
543 3150 640 3222 ultra
672 3150 741 3223 boc
768 3149 910 3223 videbat
941 3149 1050 3223 etiam
1086 3147 1289 3222 claritatem
1322 3157 1360 3224 et
1396 3149 1595 3244 puritatem

423 3290 543 3364 aquae,
561 3290 645 3363 quae
668 3270 952 3364 repraesentabat
971 3268 1171 3364 imaginem
1190 3269 1269 3342 eins
1289 3267 1325 3342 in
1344 3269 1494 3343 modum
1514 3291 1597 3366 spe-

424 3393 508 3486 culi,
526 3393 555 3465 si
573 3392 769 3485 aliquando
787 3391 981 3466 inclinabat
999 3391 1118 3466 visum
1136 3391 1183 3466 ad
1204 3412 1353 3485 aquarn.
1377 3391 1467 3465 llicit
1485 3411 1595 3488 ergo:

425 3517 597 3605 L'acpua,
614 3513 761 3598 scilicet
783 3513 862 3605 rivi,
879 3515 1096 3604 imprendeo,
1118 3513 1220 3606 idest,
1241 3512 1451 3608 recipiebat,
1471 3536 1490 3586 c
1514 3535 1599 3588 ren·
1670 3601 1677 3610 ,

424 3637 552 3727 domi,
577 3634 681 3726 idest,
708 3634 993 3727 repraesentabat
1019 3633 1119 3725 mibi,
1145 3635 1183 3704 la
1208 3637 1280 3706 mia
1311 3637 1455 3708 sinistro
1488 3643 1598 3725 costa,

425 3753 528 3847 idest,
554 3755 662 3846 latus,
687 3755 751 3827 dul
772 3757 916 3826 sinistro
942 3755 1074 3845 ficiaco,
1100 3754 1248 3847 scilicet,
1276 3775 1385 3848 me03
1412 3755 1515 3848 quasi
1543 3756 1598 3829 di-

426 3882 496 3965 cat,
523 3874 808 3968 representabat
835 3893 895 3947 me
914 3873 951 3946 in
976 3873 1035 3946 illa
1061 3873 1208 3968 propria
1235 3874 1354 3948 forma
1380 3895 1454 3968 qua
1480 3895 1596 3969 eram,
1667 3881 1670 3888 '

426 3995 513 4089 quia
540 3994 638 4069 ibam
663 3995 709 4070 ad
735 3993 938 4087 sinistram,
964 4014 1063 4086 aqua
1087 3994 1181 4086 dico,
1206 4014 1302 4067 come
1321 3996 1475 4086 speculo
1495 4015 1598 4084 anco,

425 4115 553 4210 supple
579 4114 706 4207 reddit,
731 4117 807 4187 s'io
831 4117 1055 4204 ripuar-douc
1080 4117 1117 4186 in
1142 4117 1198 4205 lei,
1222 4114 1324 4208 idest,
1342 4115 1371 4187 si
1399 4121 1435 4188 et
1452 4114 1599 4208 quando

426 4235 639 4310 deiiciebam
666 4236 818 4308 oculum
837 4235 873 4307 in
892 4234 1006 4329 ipsam
1033 4255 1181 4327 aquam.
1201 4236 1245 4308 Et
1264 4236 1386 4310 subdit
1412 4236 1599 4330 quomodo

427 4375 468 4430 se
492 4354 667 4450 disposuit
691 4354 739 4429 ad
764 4353 960 4428 videndum
980 4353 1195 4448 perfectius:
1214 4360 1251 4429 et
1271 4357 1350 4429 vult
1367 4355 1527 4431 breviter
1545 4356 1600 4431 di-

427 4494 514 4549 cere
539 4475 577 4547 in
602 4474 748 4570 ellectu,
774 4474 873 4568 quod
893 4474 981 4547 dum
1007 4475 1335 4569 appropinquasset
1350 4476 1431 4570 plus
1448 4477 1494 4550 ad
1512 4487 1601 4552 can-

428 4594 576 4669 delabra
595 4595 755 4670 firmavit
770 4615 938 4692 gressum
956 4614 1067 4667 suum
1089 4595 1136 4669 ad
1155 4595 1363 4670 videndum.
1382 4597 1474 4671 Dicit
1491 4617 1598 4694 ergo:

427 4717 521 4789 diedi
544 4722 654 4806 sesto,
675 4715 776 4809 idest,
804 4713 969 4808 requievi
995 4719 1032 4787 et
1058 4715 1229 4789 revocavi
1247 4715 1443 4823 incessum,
1456 4739 1525 4810 per
1543 4715 1602 4790 oe·¹

429 4840 494 4912 der
518 4839 656 4928 mcplio,
682 4855 748 4930 per
777 4833 1049 4930 proximitatem
1085 4855 1129 4910 ea
1163 4857 1246 4931 quae
1279 4837 1442 4912 videram
1479 4839 1601 4912 minus

493 5094 520 5160 (¹)
536 5095 562 5146 S.
579 5109 595 5145 a
612 5101 666 5155 11⁷,
684 5097 783 5148 vlderit.
969 5095 997 5159 ς’)
1014 5100 1068 5156 117,
1084 5111 1185 5148 earum.
