4575 6842
803 971 941 1044 esurus
966 989 1143 1056 eulaeus,
1491 979 1559 1046 397

387 1126 480 1206 Perd
501 1137 643 1225 quando
660 1137 836 1208 Piecurda
853 1138 966 1228 quello
982 1155 1131 1227 serene,
1148 1133 1295 1229 scilicet,
1309 1136 1456 1229 quande
1473 1136 1563 1210 dixit

385 1273 508 1348 supra,
548 1254 647 1348 quod
692 1255 901 1330 Constantia
946 1255 1097 1329 retinuit
1127 1254 1266 1348 velum,
1304 1258 1440 1329 intende
1470 1260 1563 1330 delta

386 1377 503 1465 wylle
537 1375 819 1468 desolatumque
853 1395 925 1448 nou
964 1375 1176 1469 simpliciter
1204 1377 1386 1450 eonsensit
1417 1377 1560 1450 abstra-

387 1495 568 1588 uentibus,
595 1495 658 1568 sed
688 1497 891 1569 secundum
925 1496 1023 1590 quid,
1055 1496 1191 1570 scilieet
1222 1496 1364 1570 ratione
1400 1497 1560 1592 limeris;

385 1622 418 1688 et
447 1619 483 1689 to
516 1618 593 1689 dett
607 1618 718 1708 altra,
752 1617 903 1711 seilicet,
938 1618 1127 1691 voluntate
1162 1617 1362 1711 respectiva
1398 1618 1559 1715 intelligo

386 1735 534 1829 quando
557 1735 629 1810 dixi
660 1737 758 1830 quod
791 1745 875 1811 vota
906 1739 1059 1811 istarum
1091 1737 1243 1812 luerunt
1266 1738 1474 1831 aliqualiter
1503 1739 1560 1812 di-

387 1853 539 1948 minuta,
565 1856 650 1949 quia
678 1856 880 1931 seeundum
914 1857 1001 1950 quid
1028 1856 1217 1951 sequendo
1247 1857 1456 1932 violentiam
1484 1879 1559 1933 nun

386 1973 573 2049 redeunde
598 1975 644 2050 ad
670 1978 805 2071 lecum,
830 1970 861 2050 sl
885 1979 945 2050 ulte
970 1999 1032 2050 ver
1060 1979 1212 2050 diciamn
1240 1979 1394 2068 insieme,
1421 1987 1458 2053 et
1487 1979 1558 2051 lm-

384 2095 485 2189 ponit
511 2094 620 2170 linem
646 2097 802 2170 orationi
829 2096 1013 2190 Beatrieis,
1030 2095 1172 2172 dicens:
1191 2099 1284 2170 cetat
1298 2101 1352 2190 su,
1377 2098 1486 2191 quale
1502 2097 1559 2170 di-

384 2221 485 2290 ctum
511 2223 578 2309 est,
604 2217 748 2310 scilieet,
776 2223 850 2290 tam
882 2218 1051 2312 pulcrum
1083 2225 1122 2292 et
1152 2218 1295 2310 subtile,
1327 2221 1557 2309 t’ondeqytar

383 2338 441 2409 del
454 2297 556 2409 santo
572 2339 642 2430 rte,
663 2337 754 2411 idest
771 2338 944 2433 expansio
961 2331 997 2429 (⁴)
1018 2336 1208 2428 sermonis,
1226 2331 1356 2411 clr’esel
1375 2341 1433 2411 del
1445 2343 1556 2432 (nnn,

383 2476 497 2530 sacrae
517 2457 718 2552 theologiae,
732 2461 822 2532 ende
833 2463 918 2548 eqni
935 2479 995 2531 ver
1013 2461 1150 2549 derlee,
1167 2457 1253 2550 quia
1270 2458 1349 2531 haec
1366 2465 1423 2532 est
1438 2458 1557 2532 seien-

383 2575 432 2650 tia
459 2577 633 2669 veritatis,
661 2579 847 2652 utstatim
874 2578 1138 2653 diceten-O
1161 2598 1327 2650 amaneu.
1358 2578 1464 2652 Nune
1496 2581 1555 2653 ul·
1692 2663 1699 2678 ¹

382 2697 473 2770 timo
499 2698 633 2771 [lantes
658 2699 887 2773 subanneetit
903 2699 1001 2772 aliud
1017 2698 1186 2792 dubium,
1204 2699 1310 2772 euius
1332 2701 1552 2776 solutionem

382 2823 547 2892 reservat
572 2819 608 2890 in
626 2838 783 2912 sequens
801 2819 1013 2913 capitulum,
1025 2825 1071 2910 ¹et
1089 2840 1225 2916 magna
1242 2828 1324 2894 arte
1341 2821 1425 2894 lacit
1442 2841 1554 2895 erer-

381 2937 495 3030 dium,
522 2938 557 3010 in
584 2959 659 3030 quo
692 2938 811 3011 reddit
839 2959 922 3012 eam
949 2940 1167 3013 benevolam
1198 2940 1245 3013 ad
1275 2940 1438 3035 dicenda,
1464 2940 1552 3034 quia

382 3058 533 3132 timebat
557 3079 597 3132 se
625 3059 777 3132 reddere
801 3079 999 3134 onerosum
1026 3059 1120 3132 illius
1135 3051 1173 3152 (²)
1199 3061 1382 3154 loquendo
1406 3067 1552 3135 mutum

381 3177 427 3252 de
453 3178 514 3251 tali
540 3178 705 3253 materia.
727 3178 818 3252 llicit
839 3197 948 3274 ergo:
975 3182 1116 3252 medio
1142 3200 1324 3272 appresm,
1343 3180 1553 3256 immediate

380 3297 430 3372 illi
461 3299 616 3372 Beatrici
647 3298 744 3371 linita
775 3299 941 3374 oratione
971 3320 1063 3373 sua:
1107 3305 1323 3375 Oamanza
1350 3303 1408 3374 del
1430 3305 1551 3394 primo

380 3424 531 3506 amunte
557 3419 660 3512 idest,
686 3418 761 3512 llei,
787 3440 809 3491 o
835 3423 931 3510 diva,
957 3419 1058 3514 idest,
1084 3440 1108 3494 ο
1133 3420 1283 3494 scientia
1312 3420 1434 3494 divine
1458 3419 1551 3494 divi-

381 3537 477 3611 nitus
503 3537 631 3630 inlusa,
656 3541 683 3610 il
706 3542 762 3611 eut
783 3541 914 3630 parler
939 3542 1144 3629 m’tnonda,
1163 3539 1265 3633 idest,
1291 3539 1420 3635 irrigat
1445 3559 1552 3614 men-

378 3662 453 3732 tem
481 3677 601 3731 meam
630 3658 783 3750 aridam,
804 3679 823 3731 e
844 3661 967 3732 scalda
986 3651 1028 3752 sl,
1051 3659 1112 3732 ubl
1130 3679 1235 3733 eram
1256 3659 1404 3734 timidus
1421 3668 1459 3734 et
1474 3665 1552 3734 tar-

378 3777 447 3852 dus
472 3779 518 3851 ad
544 3778 740 3872 petendum
763 3779 809 3852 de
827 3778 919 3853 meis
936 3778 1065 3871 dubiis,
1087 3781 1147 3850 ele
1159 3774 1221 3871 piel
1237 3776 1331 3870 epid
1350 3783 1395 3852 m'
1407 3783 1550 3870 nenive,

379 3897 481 3991 idest,
508 3898 650 3994 vigurat
662 3889 713 3991 (³),
741 3919 814 3971 non
848 3885 870 3972 d
900 3900 922 3971 l'
936 3901 1088 3991 alsetina
1120 3902 1193 3972 mia
1226 3907 1323 3972 tanto
1353 3903 1566 3992 profonda,

379 4017 480 4112 idest,
498 4019 681 4094 sufficiens
699 4025 736 4092 et
752 4019 872 4114 digna,
893 4022 953 4092 ete
972 4021 1060 4092 baeti
1076 4040 1101 4091 a
1117 4021 1248 4093 render
1264 4022 1322 4091 vet
1338 4022 1468 4109 urente
1479 4041 1549 4110 per

377 4143 520 4230 yruzta,
546 4128 622 4234 pro‘
639 4139 815 4214 beneflcio
841 4145 990 4234 receptu
1020 4159 1087 4234 pro
1119 4146 1195 4214 tam
1228 4141 1355 4234 pulera
1385 4137 1549 4212 declara-

380 4257 488 4352 tione,
506 4281 565 4332 ma
581 4264 665 4347 Oret
680 4263 741 4332 ele
758 4263 853 4350 vede,
870 4260 971 4352 idest,
989 4260 1098 4353 Deus,
1117 4260 1181 4353 qui
1201 4259 1317 4334 cernit
1338 4258 1548 4332 affectiones

379 4379 581 4472 hominum,
595 4403 613 4452 e
622 4387 737 4473 pente,
754 4389 792 4454 et
807 4369 842 4472 (ι)
858 4383 937 4454 vult
954 4388 991 4455 el
1011 4381 1078 4454 scit
1096 4381 1250 4455 reddere
1266 4370 1547 4474 condignum(⁶),

376 4518 401 4570 α
425 4491 479 4572 eid
502 4502 685 4592 meronda,
711 4521 779 4594 pro
806 4505 1003 4574 me.-lo.
1030 4502 1095 4575 llic
1124 4507 1235 4574 auter
1263 4500 1310 4573 ad
1341 4499 1549 4574 exeusatio-

376 4639 461 4694 nem
488 4639 592 4692 suam
620 4620 750 4713 probat
774 4619 873 4713 qued
900 4640 971 4692 non
1001 4625 1056 4693 est
1087 4619 1223 4692 mirum
1257 4619 1287 4691 si
1317 4624 1399 4713 post
1429 4639 1546 4691 unum

375 4739 540 4833 dubium,
555 4739 709 4835 insurgit
725 4740 898 4832 alterum,
919 4739 1057 4814 dicens:
1077 4745 1118 4812 lo
1139 4735 1262 4831 vetreto
1282 4740 1419 4812 lenem
1431 4743 1548 4830 dmm-

375 4863 447 4932 mal
471 4879 543 4930 non
568 4863 599 4930 ei
622 4862 725 4933 sarta
750 4867 870 4932 nestro
895 4862 1068 4950 intellettu,
1095 4859 1242 4952 scilicet,
1261 4860 1456 4952 humanm,
1473 4863 1549 4933 ee’l

437 5050 464 5112 (¹)
481 5049 511 5098 E.
527 5049 648 5112 expansio
664 5051 744 5098 saneti
761 5050 896 5099 sermonis.
963 5049 990 5110 (¹)
1008 5048 1038 5097 E.
1055 5047 1094 5097 illi
1110 5047 1249 5111 loquendo.
1316 5045 1343 5109 Γ)
1359 5047 1390 5097 Ε.
1406 5053 1515 5111 vegetat.

437 5127 464 5189 ζ’)
480 5125 511 5176 Ε.
527 5131 554 5177 et
569 5127 647 5176 ellam
664 5126 728 5177 rull.
963 5125 991 5188 (Ι)
1008 5125 1039 5176 E.
1055 5139 1211 5189 congruum.
