4575 6842
793 956 932 1011 cennos
957 958 1184 1013 retenentes.
1500 948 1570 1015 221

401 1104 548 1181 labilem
576 1109 612 1179 et
637 1102 789 1195 cleram,
815 1100 959 1177 dicens:
976 1122 1036 1174 ma
1052 1105 1079 1174 it
1094 1108 1246 1195 tireno,
1269 1104 1367 1197 qnod
1388 1111 1444 1179 est
1469 1103 1516 1179 de
1533 1124 1574 1179 so

401 1224 601 1321 benignum
627 1229 665 1296 et
689 1220 944 1316 domesticum,
968 1224 1001 1294 si
1021 1226 1064 1315 sa
1090 1229 1188 1296 tanto
1208 1218 1272 1315 pii
1295 1227 1451 1315 moliprm
1472 1248 1492 1298 e
1510 1219 1574 1319 piel

400 1346 558 1422 silvestro
590 1346 646 1417 col
669 1346 743 1415 mol
764 1362 857 1416 some
879 1366 900 1416 e
923 1362 995 1416 oon
1020 1345 1121 1435 collo,
1150 1342 1253 1435 idest,
1280 1344 1472 1437 incultum,
1498 1364 1572 1418 noo

402 1467 621 1555 laboratum,
638 1464 829 1554 quantopli
844 1464 890 1533 lo
901 1456 965 1555 piri
984 1465 1023 1536 di
1041 1464 1132 1537 bnon
1147 1466 1251 1554 oipor
1269 1471 1450 1555 erresbo,
1469 1464 1573 1556 idest,

401 1586 448 1661 de
472 1586 630 1659 bumore
655 1583 792 1679 pingui.
812 1584 855 1655 nt
873 1584 929 1658 bic
950 1590 1035 1657 nota
1053 1584 1152 1677 quod
1172 1584 1399 1679 comparatio
1416 1590 1472 1659 est
1485 1605 1574 1679 pro·

253 1707 257 1717 '
402 1706 503 1802 pria3
530 1724 614 1778 nem
642 1702 831 1798 ingenium
857 1702 1068 1799 vigor-osum
1097 1708 1198 1777 recte
1230 1703 1453 1778 assimilatur
1481 1725 1574 1801 egro

403 1826 522 1918 fertili,
540 1824 600 1899 cui
618 1824 646 1897 si
665 1823 907 1898 committitur
927 1824 1024 1899 mala
1042 1824 1220 1917 doctrina,
1238 1831 1275 1900 et
1292 1846 1365 1900 non
1383 1826 1575 1899 excolatur

404 1947 549 2037 virtute
581 1944 666 2019 lacit
695 1944 834 2017 malum
868 1943 1042 2036 lructum,
1072 1943 1160 2037 qnia
1191 1944 1321 2018 medus
1353 1944 1419 2018 scit
1451 1946 1574 2019 iacere

403 2068 555 2141 malum.
570 2104 619 2120 -
631 2068 753 2138 Abeo.
772 2064 836 2138 llic
852 2064 999 2139 Beatrix
1016 2064 1173 2139 ostendit
1192 2064 1293 2157 quod
1309 2071 1416 2159 poeta
1434 2086 1456 2140 a
1473 2066 1575 2161 prin-

403 2184 495 2280 cipio
508 2184 619 2279 coepit
638 2192 738 2259 recte
755 2184 959 2277 ambulare,
972 2184 1035 2259 sed
1052 2182 1123 2259 cito
1140 2184 1334 2259 declinavit
1350 2206 1372 2258 a
1387 2184 1445 2257 via
1462 2186 1570 2259 bona.

402 2304 503 2381 Unde
527 2305 631 2379 dicit:
659 2308 771 2379 Alcon
797 2312 921 2397 tempo,
950 2304 1096 2398 scilieet,
1122 2304 1212 2377 dum
1244 2304 1312 2377 init
1337 2324 1442 2399 puer,
1468 2308 1577 2379 ileo·

401 2429 512 2500 moni
536 2429 592 2498 ool
614 2428 684 2498 mio
709 2428 813 2516 volte,
843 2444 889 2499 ne
914 2430 1068 2517 erraret,
1091 2427 1296 2498 mostroodo
1315 2427 1366 2515 pt·
1380 2424 1476 2498 occisi
1494 2428 1574 2515 pio-

402 2550 518 2621 oioetti
542 2568 566 2618 o
591 2549 651 2637 toi,
677 2545 764 2640 quia
790 2545 866 2639 ipse
891 2552 971 2645 erat
991 2564 1084 2639 puer
1109 2550 1241 2640 elego
1271 2545 1404 2639 puella,
1429 2566 1525 2619 oeeco
1549 2549 1578 2617 il

404 2688 554 2741 mertam
577 2670 615 2740 io
634 2670 868 2758 deoperte
892 2666 993 2737 oolto.
1027 2664 1070 2737 Et
1100 2664 1158 2738 bio
1189 2670 1274 2738 note
1305 2665 1405 2759 quod
1437 2686 1570 2740 verum

403 2786 506 2880 dicit3
533 2808 618 2861 nem
645 2794 811 2881 tempore
835 2784 999 2879 puerities
1026 2786 1159 2859 Dantes
1184 2790 1312 2880 captus
1333 2805 1462 2859 amore
1478 2785 1573 2861 Bea-

404 2906 502 2979 tricis
519 2912 600 2979 erat
617 2906 721 2978 mirae
738 2904 876 2997 indolis,
895 2909 932 2978 et
950 2904 985 2977 in
1003 2924 1049 2979 eo
1065 2913 1318 2999 apparuerunt
1335 2906 1451 2979 multa
1469 2906 1573 3001 signa

404 3026 540 3099 iuturee
566 3026 729 3119 virtutis3
756 3025 819 3099 sed
836 3025 1053 3099 adveniente
1070 3025 1264 3120 pubertate
1280 3026 1389 3121 coepit
1405 3044 1575 3099 crescere

406 3144 541 3219 malitia
568 3165 652 3218 cum
681 3150 799 3237 aetete,
818 3151 855 3221 et
880 3144 1021 3219 deditus
1040 3152 1094 3219 est
1115 3146 1275 3219 vanitati.
1297 3146 1399 3220 Unde
1415 3146 1519 3219 dieite
1537 3138 1575 3219 Si

406 3273 491 3339 tosto
517 3286 612 3340 conse
635 3268 673 3338 io
696 3286 738 3338 se
763 3268 799 3339 lo
822 3272 928 3358 porta
949 3268 1014 3359 sui,
1043 3265 1102 3339 vel
1126 3268 1254 3357 sopita,
1270 3268 1309 3339 di
1326 3270 1400 3339 mio
1422 3268 1575 3339 swertela

403 3393 502 3480 etate,
519 3386 620 3480 idest,
636 3388 672 3459 in
690 3386 789 3460 initio
807 3384 1070 3479 adolescentie,
1088 3407 1107 3459 e
1124 3390 1232 3459 motai
1249 3389 1332 3478 olto,
1352 3386 1438 3479 quia
1457 3384 1575 3480 nupsi,

404 3508 558 3601 pmslisi
575 3509 657 3580 tolie
674 3526 699 3577 a
715 3526 781 3598 me,
797 3528 816 3579 e
833 3508 937 3579 dieses·
952 3509 1071 3598 altrei,
1091 3506 1238 3598 scilicet,
1250 3506 1330 3579 aliis
1347 3505 1573 3580 mulieribus.

404 3624 522 3719 ilioni
549 3632 673 3699 tamen
699 3630 887 3719 exponunt
912 3626 1018 3699 istam
1047 3624 1189 3699 literam
1210 3646 1284 3699 non
1304 3625 1486 3718 historice,
1510 3624 1576 3699 sed

293 3770 294 3773 ‘
403 3747 609 3843 allegorice,
631 3754 668 3821 et
687 3746 822 3836 dicunt,
845 3746 943 3839 qnod
969 3766 1034 3843 per
1059 3746 1186 3821 oculos
1200 3747 1420 3842 juvenculos
1445 3747 1576 3821 intelli·

404 3866 457 3963 git
481 3866 638 3961 primam
665 3874 702 3941 et
726 3865 844 3941 levem
872 3870 1014 3960 partem
1041 3866 1254 3962 theologiae3
1279 3888 1346 3963 per
1375 3867 1573 3941 secomm

405 3993 565 4079 etatem,
577 3985 775 4061 secundam
794 3991 935 4080 partem
955 3986 1159 4083 theologie,
1172 3993 1209 4060 et
1223 3997 1322 4080 tunc,
1334 3984 1576 4087 dicunt,.dedit

404 4126 446 4182 se
463 4107 540 4181 aliis
557 4106 723 4181 scientiis.
743 4106 787 4179 Et
807 4107 969 4201 procedit
993 4108 1149 4181 ulterius
1168 4108 1314 4182 beatrix
1333 4108 1511 4204 gradatim
1538 4107 1576 4181 in

403 4228 617 4302 narratione
647 4248 725 4320 sua,
757 4226 904 4301 dicens:
934 4230 1078 4320 quondo
1107 4231 1145 4301 di
1175 4250 1285 4303 correo
1313 4250 1339 4301 o
1370 4232 1481 4321 spirto
1511 4248 1577 4302 ero

405 4350 523 4437 soltta,
544 4347 647 4440 idest,
673 4347 718 4421 de
744 4347 817 4421 vita
843 4348 1024 4442 corporali
1050 4348 1233 4423 advitam
1260 4350 1484 4444 spiritualem
1510 4368 1577 4442 per

405 4473 565 4541 mortem
583 4468 618 4541 in
638 4468 814 4564 vigesimo
832 4466 960 4561 quinto
979 4488 1088 4562 anm,
1102 4469 1249 4562 qnando
1269 4470 1386 4543 bomo¹
1394 4470 1505 4543 intrat
1522 4468 1577 4543 le·

406 4588 571 4684 gltimam
593 4592 751 4680 aetatem,
775 4608 794 4659 c
815 4588 967 4659 bettezzo
992 4609 1010 4659 e
1035 4581 1126 4662 oirtd
1151 4592 1268 4661 m’ero
1288 4587 1576 4681 crastinoque

405 4708 530 4781 anima
557 4706 663 4781 beata
683 4713 851 4801 separata
868 4727 891 4781 a
908 4724 1063 4801 corpore
1081 4714 1135 4780 est
1156 4708 1305 4783 liberior
1320 4710 1357 4781 in
1374 4709 1576 4800 voluntate,

409 4828 550 4904 ratione
575 4832 612 4901 et
639 4826 828 4919 memorie,
855 4832 897 4899 nt
924 4827 1050 4920 pulcre
1079 4827 1217 4901 dictum
1252 4836 1306 4903 est
1335 4850 1447 4923 supra
1478 4827 1578 4922 capi·

410 4949 487 5023 tulo
512 4948 621 5041 XXV,
643 4948 695 5040 stt
711 4948 746 5017 io
771 4966 795 5017 o
820 4946 880 5035 lei,
906 4944 1054 5040 scilicet,
1079 4947 1196 5043 Danti,
1222 4969 1301 5023 meo
1330 4968 1420 5021 coro
1451 4969 1470 5020 c
1499 4967 1578 5020 meo

409 5070 561 5163 madito.
590 5068 632 5140 ltt
657 5066 715 5141 bio
740 5072 824 5141 nota
847 5065 945 5161 qnod
962 5066 1056 5141 siccet
1080 5068 1205 5143 scribit
1230 5069 1419 5144 Boooabns
1444 5068 1482 5141 in
1506 5088 1576 5142 suo
1680 5086 1737 5120 ν
