4575 6842
799 975 939 1030 Cissus
964 973 1141 1041 Qusn‘rus.
1484 959 1554 1029 399

384 1119 429 1190 m’
442 1121 616 1210 assim
643 1117 706 1190 ubi
732 1137 836 1192 eram
863 1116 1065 1209 timidus,0
1093 1117 1228 1207 donna,
1250 1137 1334 1210 quae
1358 1117 1558 1192 dominaris

384 1236 463 1310 aliis
484 1236 653 1330 scientiis,
671 1257 696 1309 α
720 1237 948 1310 αἰηιανιάανυὲ
966 1238 1001 1307 d'
1013 1239 1072 1308 un'
1085 1237 1181 1308 aura
1197 1227 1322 1330 emti,
1340 1237 1438 1312 cirea
1455 1256 1559 1312 eam·

385 1357 470 1432 dem
497 1356 704 1449 materiam,
720 1358 780 1428 ete
804 1351 883 1430 m'e'
905 1375 1046 1449 ossum,
1076 1361 1113 1430 et
1139 1375 1243 1431 eece:
1265 1359 1302 1430 io
1327 1360 1497 1450 vo'saper
1524 1379 1562 1431 se

386 1481 502 1551 tuom
521 1469 595 1570 psai
619 1477 811 1569 sodissarvt
835 1479 872 1548 ai
896 1481 966 1550 voti
985 1479 1124 1550 maneti
1128 1502 1144 1570 ‚·
1163 1476 1285 1570 qualia
1305 1476 1456 1552 suerunt
1473 1484 1561 1552 vote

386 1597 573 1674 Pichardae
599 1603 637 1672 et
660 1596 891 1690 Constantiae,
916 1590 946 1670 si
971 1619 1037 1671 con
1061 1601 1145 1672 attii
1170 1599 1260 1691 berti,
1287 1603 1376 1693 puta
1399 1583 1560 1693 jeiuniis,

386 1725 424 1796 et
444 1701 686 1811 eleemosinis,
703 1718 792 1790 ct'a
817 1719 855 1815 la
879 1724 1000 1792 vostra
1015 1721 1174 1811 studere,
1191 1719 1294 1814 idest,
1307 1717 1470 1816 justitie,
1486 1737 1560 1791 nou

385 1843 463 1914 ean
486 1840 604 1932 parvi.
631 1837 675 1912 Et
700 1837 821 1912 subdit
841 1845 967 1912 aetum
983 1830 1019 1932 (⁴)
1039 1839 1214 1916 Bestricis
1231 1861 1316 1935 quae
1332 1840 1470 1935 optime
1486 1839 1560 1913 dis-

387 1960 506 2055 posuit
532 1959 692 2054 eumad
716 1958 880 2055 dicenda,
906 1959 1046 2035 dicens:
1076 1964 1231 2036 Baetice
1255 1965 1303 2035 mi
1326 1953 1468 2052 enardi
1492 1981 1559 2034 eon

385 2084 436 2172 ys·
459 2083 556 2154 sceti
576 2083 672 2174 pieni
694 2083 732 2154 dt
753 2081 874 2174 saville
898 2082 933 2154 α’
945 2101 1063 2172 amor,
1083 2082 1147 2176 qui
1173 2083 1347 2157 continue
1373 2081 1505 2157 crescit
1524 2081 1560 2154 in

323 2296 326 2302 1
387 2219 442 2295 ea,
456 2206 494 2276 et
507 2199 625 2297 magis
636 2199 802 2275 accendit
814 2219 914 2294 eum,
932 2221 999 2274 con
1014 2194 1181 2294 sidtvim,
1197 2204 1271 2294 cte,
1284 2204 1381 2276 vieta
1398 2203 1470 2274 mia
1489 2204 1562 2279 vir-

387 2316 435 2410 s,
460 2314 634 2415 humana,
654 2323 747 2395 dtedi
770 2323 801 2394 te
825 2323 915 2413 reni,
937 2319 1041 2416 idest,
1062 2321 1159 2396 verti
1179 2329 1339 2419 tergum,
1358 2343 1376 2394 e
1398 2324 1500 2414 quasi
1515 2323 1565 2394 mi

383 2443 506 2533 perdet
529 2461 596 2515 con
619 2444 670 2532 ρὰ·
698 2443 795 2515 sceti
821 2444 926 2535 otini,
952 2441 1039 2537 quia
1071 2442 1167 2518 oculi
1199 2443 1272 2518 mei
1301 2441 1445 2540 gravati
1476 2450 1564 2517 sunt

387 2561 499 2636 nimio
525 2562 717 2656 splendore
742 2563 937 2636 oculorum
964 2562 1054 2637 eius.

450 2823 478 2887 (¹)
494 2823 524 2873 E.
541 2825 677 2875 actionem.
