4575 6842
718 953 788 1021 118
1079 961 1284 1018 counuruu
1308 961 1527 1016 runelronu

713 1386 879 1456 OANTUS
902 1384 1137 1453 VIGESIMUS
1161 1383 1335 1464 SEXTUS,
1352 1383 1407 1450 nbi
1428 1386 1546 1450 naen
1561 1383 1601 1450 de
1614 1383 1782 1466 spiritam
1799 1384 1891 1452 nae

790 1494 1629 1578 riocisetdcmodostutnsetpnnoeeornm,snlr
1656 1495 1892 1566 tindodomini

788 1609 947 1678 Gnidm
971 1606 1142 1676 Gninieffi
1162 1607 1202 1674 dc
1223 1605 1382 1686 Bononia,
1411 1607 1467 1690 qni
1494 1605 1595 1672 motta
1620 1608 1791 1691 receptavit
1821 1629 1890 1676 acm

790 1743 834 1803 eo,
858 1743 896 1790 ne
917 1725 1013 1790 etiam
1035 1720 1074 1787 de
1096 1719 1172 1786 ultis
1192 1719 1311 1786 mitta.

788 1969 1017 2140 [nannum
1040 2067 1101 2138 elle
1118 2057 1150 2138 si
1169 2084 1238 2158 per
1263 2063 1378 2135 torto
1402 2083 1473 2136 nno
1497 2065 1646 2137 innanzi
1661 2066 1765 2138 altro.
1784 2066 1887 2140 Post·

711 2205 825 2280 quam
850 2184 889 2258 in
913 2183 1095 2280 superiori
1118 2183 1278 2279 capitulo
1310 2189 1418 2276 poeta
1449 2189 1573 2260 noster
1604 2185 1772 2260 tractavit
1785 2178 1823 2280 (¹)
1849 2187 1887 2262 in

710 2312 816 2402 parte
833 2305 931 2380 finali
956 2305 1004 2380 de
1024 2305 1243 2402 purgatione
1259 2303 1529 2378 luxuriantium
1548 2306 1698 2382 luxuria
1715 2308 1886 2404 naturali,

711 2447 812 2501 nunc
827 2431 1098 2521 consequenter
1115 2425 1340 2521 inpraesenti
1362 2425 1520 2520 capitulo
1534 2427 1647 2501 lllllll
1664 2427 1739 2524 agit
1756 2435 1793 2503 ct
1811 2435 1888 2505 tra·

709 2552 784 2621 ctat
808 2545 855 2622 de
880 2545 1099 2642 purgatione
1124 2544 1393 2619 luxuriantium
1426 2545 1576 2621 luxuria
1605 2546 1812 2623 innaturali.
1843 2551 1887 2624 Et

709 2665 806 2742 istud
827 2666 1028 2762 capitulum
1046 2665 1182 2739 sunm
1198 2665 1415 2740 divinarem
1431 2671 1506 2740 tro
1523 2673 1645 2762 parles
1670 2649 1884 2765 generans:

710 2786 748 2862 in
774 2808 935 2882 quarum
960 2785 1080 2883 prima
1105 2791 1215 2882 poeta
1240 2785 1411 2861 describit
1430 2786 1522 2862 duas
1539 2795 1657 2864 seems
1674 2790 1885 2865 luxurioso-

710 2928 809 3003 rum,
822 2906 869 2983 de
888 2906 1006 3001 prima
1022 2927 1184 3001 quarum
1202 2905 1400 2981 introducit
1415 2928 1534 2982 unum
1553 2908 1720 3005 spiritum
1735 2911 1885 2986 moder-

708 3049 801 3102 num
818 3027 865 3101 ad
882 3024 1109 3121 loquendum
1127 3034 1164 3101 el
1181 3026 1379 3123 petendum
1398 3026 1444 3102 de
1465 3049 1515 3104 se.
1534 3029 1575 3102 ln
1591 3029 1753 3106 secunda
1773 3038 1882 3127 poeta
1922 3009 1928 3020 ⁵

709 3147 931 3244 respondens
957 3147 1118 3242 petitioni
1140 3147 1208 3221 sibi
1224 3148 1342 3241 lacta,
1360 3149 1566 3225 manifestat
1583 3169 1638 3244 se,
1654 3156 1692 3225 et
1711 3150 1779 3225 sibi
1805 3171 1885 3226 ma·

709 3267 870 3342 nilestari
895 3267 980 3341 lacit
1010 3272 1159 3362 gentem
1194 3267 1401 3361 utriusque·
1420 3267 1523 3362 aciei,
1550 3269 1617 3343 lbi:
1644 3274 1699 3360 Io,
1725 3273 1786 3346 cte
1815 3273 1883 3346 dne

708 3392 807 3463 volte.
832 3390 874 3462 ln
898 3387 1006 3463 tertia
1032 3394 1069 3463 et
1095 3387 1223 3463 ultima
1249 3387 1485 3463 commendat
1509 3388 1612 3463 illum
1642 3389 1809 3485 spiritum
1835 3391 1883 3466 ab

707 3515 788 3585 arte
804 3509 1011 3585 inveniendi
1031 3508 1235 3605 vulgariter
1251 3516 1289 3584 et
1307 3514 1495 3604 materne3
1513 3516 1551 3583 et
1567 3510 1684 3607 gratia
1703 3511 1798 3584 illius
1815 3532 1885 3586 no-

708 3629 837 3704 minat·
856 3629 1057 3704 incidenter
1090 3629 1232 3723 aliquot
1262 3627 1352 3703 alios
1384 3627 1594 3704 inventores
1626 3635 1701 3704 tam
1735 3629 1884 3726 galliona

707 3773 822 3847 qnam
847 3750 997 3844 italicos,
1023 3750 1091 3825 ibi:
1118 3745 1247 3824 Ponte*
1269 3751 1307 3823 di
1330 3751 1539 3842 ripuardar.
1559 3748 1612 3823 ld
1632 3749 1795 3846 primum
1816 3771 1882 3828 ve-

709 3871 812 3946 niens
825 3863 875 3966 (²),
893 3878 1001 3967 poeta
1021 3871 1273 3966 descripturus
1300 3876 1498 3964 utramque
1515 3868 1646 3963 aciem,
1668 3868 1787 3964 primo
1811 3891 1882 3967 pro

706 3992 928 4088 perfectione
957 3991 1015 4066 sui
1047 3990 1169 4086 operis
1201 3989 1285 4064 lacit
1315 3988 1595 4084 descriptionem
1622 3990 1815 4085 temporis3
1842 3997 1879 4066 at

706 4113 852 4190 videtur
876 4112 999 4188 dicere
1025 4131 1101 4187 uno
1131 4111 1258 4205 verbo,
1285 4110 1385 4204 quod
1415 4109 1500 4206 ipsis
1531 4109 1882 4186 sicambulantibus

595 4295 599 4299 .
705 4255 772 4329 per
796 4234 896 4310 illam
922 4233 1020 4308 viam
1045 4229 1197 4306 dubiam
1215 4231 1270 4305 sol
1287 4229 1459 4304 tendebat
1475 4228 1522 4304 ad
1542 4250 1727 4304 occasum.
1746 4230 1881 4306 Ordina

705 4355 758 4430 sic
774 4353 939 4428 literam:
958 4354 992 4425 n
1006 4353 1078 4425 sote
1091 4352 1235 4445 seriani
1250 4353 1289 4422 in
1304 4371 1345 4423 sn
1362 4351 1516 4424 torano
1532 4353 1650 4424 destro
1659 4376 1675 4443 ,·
1688 4355 1769 4424 erat
1782 4349 1881 4424 enim

704 4497 819 4575 prope
844 4494 1018 4551 occasum
1044 4471 1162 4548 tertlae
1193 4470 1276 4566 diei,
1303 4471 1352 4546 ita
1386 4471 1484 4566 quod
1517 4470 1673 4545 iaciebat
1704 4469 1880 4544 umbram

706 4619 894 4696 magnam,
920 4597 993 4687 olle,
1024 4593 1116 4669 idest
1148 4593 1212 4687 qui
1245 4592 1310 4686 sol,
1336 4581 1399 4684 ptd
1423 4594 1626 4683 rappinndo
1648 4598 1730 4666 mtto
1757 4594 1882 4665 tocci-

705 4722 817 4810 aean,
843 4717 929 4813 quia
954 4716 1084 4790 bassus
1110 4720 1202 4809 erat,
1225 4719 1367 4788 mntnna
1390 4719 1523 4806 nspettn
1548 4713 1586 4785 di
1609 4715 1759 4803 citcstro,
1777 4711 1880 4806 idest,

706 4838 868 4914 colorem
883 4857 995 4930 quem
1014 4834 1116 4929 prius
1131 4833 1289 4908 habebat
1301 4833 1450 4927 coelum,
1467 4837 1505 4907 in
1525 4833 1663 4924 didaco,
1681 4832 1768 4926 quia
1792 4838 1880 4906 tunc

768 5025 795 5088 ρ)
812 5028 866 5085 111,
883 5027 1002 5074 nuchul
1016 5029 1044 5074 et
1059 5023 1241 5074 determlnavlt
1256 5023 1283 5074 ln
1299 5029 1380 5088 parte.

767 5101 796 5168 (⁸)
812 5106 867 5164 ll’l,
884 5101 989 5155 renlens
1004 5101 1063 5154 dico
1078 5101 1148 5166 quod
1164 5107 1248 5166 poem·
