4575 6842
728 983 774 1050 112
1091 991 1295 1047 teneurunt
1320 991 1539 1047 mousom

725 1133 887 1213 rusalem
897 1137 1071 1212 omnibus
1083 1135 1373 1212 intolerabilibus
1385 1134 1637 1227 inoommodis,
1647 1133 1897 1208 crudelissima

725 1259 845 1334 fames·
866 1263 903 1333 et
929 1257 1019 1330 nulli
1043 1255 1103 1331 alii
1128 1257 1375 1352 eomparanda
1399 1256 1481 1350 plus
1506 1274 1620 1349 quam
1648 1261 1783 1330 onera
1801 1253 1897 1328 mala

725 1379 883 1476 urgebat
907 1378 1080 1453 miseram
1107 1377 1253 1470 urbem,
1279 1376 1326 1451 de
1350 1397 1424 1470 qua
1450 1395 1525 1449 nou
1552 1395 1699 1470 possem
1724 1373 1898 1449 breuibus

725 1492 893 1590 verbisd)
912 1498 1046 1590 dicere,
1064 1495 1363 1592 quandoquidem
1382 1495 1549 1570 homiues
1565 1501 1729 1570 stercora
1755 1501 1792 1570 at
1815 1493 1898 1568 uri«
1937 1592 1941 1598 Ι

726 1641 798 1695 nas·
811 1621 1067 1715 jumentorum
1094 1615 1210 1691 eoacti
1235 1622 1323 1689 suut
1347 1606 1555 1712 caperest),
1575 1615 1639 1690 sed
1659 1615 1759 1710 quod
1786 1614 1898 1687 m'ne*

725 1739 878 1814 nobilius
894 1740 962 1812 luit
978 1747 1015 1813 et
1032 1758 1118 1812 curn
1137 1736 1309 1833 lacrymis
1327 1735 1622 1830 memorandum,
1642 1736 1776 1810 mulier
1792 1755 1898 1830 quae·

725 1859 810 1934 dam
837 1859 964 1932 nobilis
988 1877 1126 1954 genere
1152 1863 1190 1931 et
1214 1855 1346 1932 divitiis
1370 1855 1520 1930 nomine
1543 1855 1655 1930 Maria
1678 1855 1823 1931 iuventa
1841 1862 1896 1930 est

725 1981 763 2054 in
788 1980 859 2055 alia
885 1977 1116 2053 multitudine
1141 1997 1226 2072 quae
1250 1976 1480 2052 conduxerat
1504 1976 1551 2076 ad
1576 1977 1709 2051 urbem
1729 1981 1896 2070 tempore

725 2099 930 2193 obsidionis,
962 2105 1003 2172 ut
1034 2097 1118 2172 alibi
1148 2097 1286 2171 dictum
1317 2102 1374 2170 est
1403 2115 1535 2191 supra3
1567 2097 1673 2170 euius
1706 2096 1895 2172 facultates

725 2219 869 2316 tyranni
896 2219 1014 2313 primo
1040 2219 1261 2310 invaserant,
1279 2216 1410 2291 deinde
1427 2236 1492 2311 per
1510 2223 1698 2292 momenta
1724 2217 1895 2292 satellites

726 2339 909 2414 latronum
938 2338 1110 2433 reliquias
1132 2337 1333 2433 rapiebant,
1352 2342 1501 2431 proptu
1515 2329 1551 2429 (³)
1571 2338 1671 2431 quod
1690 2339 1823 2412 mulier
1839 2339 1896 2411 in-

724 2462 933 2558 dignatione
958 2466 995 2534 et
1021 2459 1160 2534 insania
1185 2477 1340 2533 accensa
1365 2478 1463 2552 saepe
1479 2458 1558 2531 illos
1573 2459 1797 2553 provocabat
1814 2477 1896 2533 ma·

725 2581 862 2656 lediutis
887 2580 933 2654 ad
959 2577 1250 2654 interficiendum
1277 2597 1338 2670 se;
1356 2578 1420 2652 sed
1436 2597 1524 2651 oum
1546 2578 1670 2652 nullus
1689 2579 1747 2653 vel
1765 2578 1820 2653 ira
1837 2580 1896 2654 vel

725 2702 872 2775 miseria
888 2689 924 2792 (⁵)
954 2704 1131 2773 mactaret
1157 2698 1268 2791 illem,
1287 2717 1355 2772 uec
1371 2697 1494 2792 aliqua
1512 2697 1571 2771 ria
1588 2704 1710 2793 posset
1725 2697 1894 2793 quae'rere

725 2822 875 2916 vietum,
894 2821 992 2894 lame
1009 2825 1046 2894 et
1062 2819 1129 2912 ira,
1150 2818 1314 2914 possimis
1338 2818 1620 2913 consultoribus,
1640 2819 1834 2917 instigante
1843 2812 1894 2914 (⁶),

724 2949 891 3017 annuatur
926 2947 1051 3016 contra
1080 2941 1167 3035 jura
1198 2945 1353 3013 naturae.
1379 2939 1472 3014 Nam
1503 2946 1693 3035 assumpto
1717 2919 1894 3016 infantulo

723 3083 837 3157 quem
871 3061 1028 3135 lactabat
1058 3059 1182 3132 dicere
1213 3058 1342 3153 erepit:
1379 3058 1527 3134 infelicis
1560 3059 1688 3132 matris
1720 3060 1895 3136 infelicior

724 3181 791 3256 lili:
819 3183 856 3254 iu
882 3180 987 3272 bello,
1016 3180 1123 3271 laura,
1151 3178 1277 3272 rapina
1303 3180 1487 3254 latronum
1515 3180 1573 3253 cui
1605 3186 1643 3252 te
1671 3182 1894 3255 reservabat

724 3305 816 3377 Narn
843 3303 871 3375 si
900 3301 973 3374 vita
1000 3299 1139 3395 sperari
1162 3297 1284 3393 possit,
1298 3299 1391 3394 jugo
1418 3318 1581 3372 romanae
1606 3299 1790 3374 servitutis
1814 3321 1894 3376 ser⁴

724 3443 879 3516 samur3
906 3421 969 3495 sed
989 3421 1067 3515 jam
1090 3439 1188 3493 nuno
1205 3419 1320 3514 ipsam
1340 3420 1556 3494 servitutem
1575 3421 1690 3496 tames
1706 3423 1892 3516 prevenit,

723 3550 761 3618 ot
795 3541 984 3638 predones
1019 3539 1161 3635 peiores
1194 3539 1292 3613 tame
1323 3544 1361 3614 et
1394 3539 1573 3613 servitute
1610 3561 1677 3614 nos
1709 3549 1891 3635 premunt

723 3663 813 3738 Veni
840 3682 930 3758 ergo
946 3651 1006 3768 (⁰),
1024 3660 1073 3733 mi
1095 3659 1156 3753 fili,
1173 3665 1253 3734 esto
1270 3659 1379 3733 matri
1396 3659 1510 3752 cibus,
1528 3659 1761 3755 predonibus
1778 3661 1893 3756 luror,

723 3784 865 3859 saeculis
895 3782 1028 3875 tabula,
1056 3801 1140 3875 quae
1165 3781 1244 3854 sola
1268 3779 1460 3854 deficiebat
1491 3780 1646 3854 miseriis
1670 3780 1892 3876 judaeorumr

723 3907 767 3980 nt
792 3925 877 3980 curn
904 3905 983 3976 lraeo
1007 3901 1166 3994 dixisset,
1184 3902 1293 3974 simul
1312 3901 1427 3974 fllium
1446 3901 1641 3997 jugulavit,
1667 3909 1706 3976 et
1729 3901 1891 3976 medium

722 4026 866 4118 assavit,
885 4031 923 4099 et
944 4022 1126 4117 reliquum
1147 4021 1359 4097 reservavit.
1377 4021 1422 4094 Et
1438 4041 1525 4096 ecce
1543 4021 1732 4117 predones
1757 4022 1892 4096 incitati

722 4147 839 4221 odore
862 4143 992 4236 carnis,
1019 4148 1176 4216 mortem
1206 4143 1385 4216 minantes
1412 4142 1477 4216 nisi
1508 4142 1632 4216 cibum
1663 4163 1775 4236 quern
1807 4161 1893 4218 sen·

721 4272 845 4342 serant
869 4265 985 4339 daret.
1004 4264 1107 4337 Tunc
1123 4262 1183 4335 illa
1203 4261 1373 4336 iniuriata
1392 4261 1500 4336 dixit:
1518 4273 1619 4338 certe
1636 4269 1777 4358 partem
1798 4263 1892 4357 opti-

721 4407 822 4461 mam
851 4369 1054 4476 reservari3
1072 4389 1109 4456 et
1135 4382 1310 4456 contiuuo
1326 4381 1463 4456 deterit
1484 4383 1652 4456 membra
1678 4372 1890 4476 inlantts(⁷);

721 4508 784 4584 sed
812 4505 859 4580 illi
885 4503 1054 4598 quamvis
1080 4503 1249 4577 crudeles
1272 4501 1389 4576 territi
1415 4508 1502 4575 sunt
1526 4502 1645 4596 nimis,
1668 4521 1736 4575 uec
1760 4507 1892 4597 poure-

722 4607 811 4702 runt
835 4626 957 4700 lacere
977 4624 1147 4716 verbum,
1165 4623 1334 4696 vincente
1360 4623 1517 4696 naturali
1540 4622 1685 4716 pietate.
1711 4622 1774 4696 Illa
1800 4641 1892 4697 vero

783 4905 811 4967 (¹)
827 4905 858 4954 E.
875 4904 1037 4954 sermonibus
1052 4903 1190 4967 explicare,
1207 4904 1319 4970 quaudo.
1387 4901 1414 4965 (¹)
1431 4904 1462 4953 li.
1478 4916 1590 4953 sumere.

784 4973 810 5042 (¹)
826 4977 856 5030 Ε.
873 4992 889 5028 e
907 4983 961 5040 117,
979 4984 1168 5044 propterque.
1386 4977 1413 5040 (⁸)
1430 4979 1460 5028 ll.
1476 4991 1491 5028 e
1508 4978 1533 5028 S.
1550 4977 1734 5029 miserleordln.

665 5067 675 5092 ⁰
783 5057 812 5118 (¹)
828 5055 859 5106 E.
875 5055 1061 5118 instigantibus.
1388 5053 1416 5117 (⁸)
1431 5051 1462 5105 n.
1479 5067 1495 5104 e
1510 5053 1536 5104 S.
1553 5065 1617 5118 ergo
1631 5067 1710 5115 nunc,
1726 5053 1763 5102 ml
1778 5051 1823 5102 ult.

784 5133 812 5195 (³)
828 5133 858 5182 E.
875 5131 1010 5194 infantuli3
1027 5136 1053 5182 nt
1068 5131 1115 5183 llll.
