4575 6842
830 972 970 1029 usurus
993 974 1164 1029 ournvus.
1513 962 1581 1030 tet

412 1138 542 1195 nerem
560 1141 606 1195 ex
626 1118 813 1193 influentis
833 1119 929 1213 coeli,
947 1140 993 1194 er
1012 1118 1129 1194 veteri
1155 1119 1433 1214 consuetudine,
1450 1127 1487 1195 et
1508 1120 1584 1194 eol·

411 1240 562 1315 luvione
586 1240 813 1315 advenarum
840 1239 1103 1316 confluentium
1129 1240 1191 1333 ibi,
1216 1242 1416 1313 nettantioo
1446 1261 1584 1331 errore,

411 1358 546 1435 scilieet
569 1358 784 1455 paganismi,
810 1358 874 1452 qui
903 1358 1036 1455 longus
1066 1378 1173 1433 error
1202 1359 1349 1434 duravit
1378 1360 1414 1434 in
1445 1360 1584 1435 mundo

412 1494 531 1574 usque
554 1479 601 1555 ad
626 1479 835 1554 Christum:
862 1485 1006 1553 eaeterae
1030 1480 1128 1554 enim
1155 1486 1285 1575 gentes
1309 1488 1443 1575 praeter
1468 1481 1583 1555 solam

412 1600 600 1675 bebraesm
614 1598 783 1675 eolebu'nt
796 1600 921 1693 plures
932 1599 1033 1691 deos,
1039 1602 1191 1693 suoouno
1204 1619 1326 1693 onore,
1336 1598 1586 1692 idestdiviuos

413 1720 583 1812 honores,
600 1722 639 1793 di
660 1722 818 1812 supripioi
840 1740 860 1791 e
884 1721 923 1792 di
946 1722 1060 1792 oottm
1083 1722 1203 1812 olido,
1233 1718 1337 1812 idest,
1357 1716 1585 1793 orationibus

412 1846 450 1916 et
474 1839 806 1937 supplicationibus,
832 1860 904 1913 non
930 1860 1002 1932 pur
1030 1860 1055 1912 u
1086 1842 1141 1934 tei,
1171 1840 1317 1934 seilicet,
1348 1838 1481 1913 Veneri
1507 1838 1585 1931 soli,

412 1983 473 2035 ma
497 1982 721 2052 mwraoono,
738 1967 914 2054 tauquam
940 1961 1028 2035 deos
1053 1960 1190 2035 eisdem
1217 1959 1346 2035 divinis
1374 1959 1584 2053 honoribus,

412 2085 527 2155 Dione
550 2105 570 2155 e
597 2082 742 2173 Cupido,
766 2080 903 2177 gratiss
927 2087 1079 2177 ugentes
1096 2080 1204 2176 matri
1223 2100 1307 2174 quae
1326 2078 1458 2175 genuit
1473 2079 1582 2153 talem

413 2200 524 2276 filiam
549 2199 981 2296 matrem'geuerationis
1005 2200 1190 2293 bumnnae,
1213 2206 1250 2275 et
1276 2200 1337 2274 tuli
1364 2198 1436 2272 tilio
1456 2198 1585 2295 impel-

413 2322 501 2397 lenti
526 2319 695 2395 bomines
720 2320 766 2394 ad
792 2321 862 2394 boo
886 2339 1002 2415 opus3
1028 2326 1066 2395 et
1090 2320 1240 2415 exponit
1257 2326 1294 2394 et
1311 2320 1429 2416 gloset
1445 2318 1582 2394 dictum

413 2461 538 2533 suum,
562 2440 710 2515 dioeus:
745 2442 859 2531 qnetta
878 2461 946 2532 per
977 2442 1103 2513 madre
1133 2460 1213 2530 sna,
1243 2439 1377 2513 scilicet
1406 2439 1583 2531 Diouem3

411 2568 449 2636 ot
480 2560 598 2655 beue3
624 2560 758 2635 dieitur
788 2560 884 2635 enim
912 2553 1066 2653 Dionl'),
1093 2559 1198 2654 quasi
1222 2557 1297 2632 duo
1328 2566 1488 2654 necteus,
1519 2578 1586 2653 per

412 2682 485 2756 boc·
516 2681 760 2777 intelligentes
791 2679 1085 2753 coniunctionem
1114 2678 1226 2752 maris
1255 2685 1292 2753 et
1318 2678 1476 2752 imminae
1505 2698 1585 2753 esse

411 2822 562 2876 eausam
596 2799 771 2894 libidinis3
805 2806 922 2891 questo
952 2820 1020 2890 per
1048 2801 1161 2891 liptio,
1193 2798 1339 2892 scilicet,
1370 2797 1583 2892 Cupidinem

412 2940 525 3017 quem
547 2922 625 3016 jum
654 2920 797 2995 vocavit
822 2920 943 2995 follem
965 2939 1145 3013 amorem,
1164 2939 1276 3013 quem
1305 2909 1582 3015 potissimum(²)

410 3042 523 3118 deum
550 3043 741 3135 dicebant3
766 3042 812 3116 de
837 3062 913 3135 quo
938 3039 1033 3135 pleni
1058 3047 1143 3114 sunt
1173 3038 1254 3113 libri
1285 3029 1449 3113 om'niunr
1476 3047 1585 3113 euto-

412 3181 510 3256 rnm,
531 3162 592 3236 eui
618 3160 835 3235 sacrificium
861 3160 1016 3235 iacimus
1041 3159 1087 3235 de
1111 3160 1283 3256 lucrymis
1303 3166 1340 3234 et
1352 3150 1391 3251 (³)
1409 3158 1582 3255 suspiriis.

411 3282 497 3359 ldeo
517 3283 611 3357 bene
629 3280 814 3355 Ausonius
831 3288 940 3375 poeta
956 3280 1109 3377 gallicus
1129 3279 1231 3377 fingit
1247 3300 1414 3355 amorem
1433 3288 1582 3375 captum

409 3424 432 3477 a
464 3402 681 3477 mulieribus
711 3402 865 3477 affixum
891 3402 1004 3496 cruci,
1037 3403 1074 3475 iu
1106 3422 1182 3496 quo
1211 3402 1367 3477 ostendit
1396 3402 1583 3477 erueiutus

409 3521 457 3597 ad
482 3542 576 3616 quos
600 3522 702 3597 ducit
725 3542 833 3596 umor
858 3540 989 3615 caecus,
1016 3521 1098 3596 ideo
1122 3522 1254 3618 dignus
1280 3542 1411 3597 cruce:
1439 3528 1476 3597 et
1503 3542 1585 3616 spe-

410 3641 528 3717 oiiieot
552 3643 672 3737 ipsum
691 3642 904 3737 Cupidinem
930 3641 977 3715 ab
1003 3641 1124 3715 officio
1147 3664 1226 3736 suo,
1245 3643 1329 3736 quia
1358 3643 1468 3718 babet
1493 3644 1584 3717 inci-

410 3768 491 3837 tare
516 3762 682 3837 bomines
706 3762 754 3837 ad
787 3761 983 3853 libidinem,
1013 3761 1108 3834 sicut
1137 3761 1240 3856 lingit
1270 3762 1452 3858 Virgilius,
1485 3762 1583 3855 quod

410 3882 535 3955 Venus
547 3887 667 3955 muter
680 3883 788 3957 uneae
807 3879 903 3953 misit
921 3879 1035 3953 tilium
1054 3900 1165 3953 suurn
1180 3880 1393 3975 Cupidinem
1409 3881 1446 3955 iu
1465 3882 1580 3955 torma

410 4000 551 4075 Ascanii
584 3999 631 4076 od
671 4000 933 4075 incendendam
966 3999 1142 4074 Didonem
1190 4000 1227 4073 in
1264 4021 1431 4076 amorem
1472 4001 1583 4097 ipsius

410 4120 530 4195 Enete.
557 4120 660 4195 Unde
685 4120 792 4195 dicit:
818 4141 837 4192 e
860 4122 997 4210 dicrum
1018 4118 1066 4193 illi
1083 4119 1224 4214 antiqui
1242 4121 1375 4216 pagani
1392 4122 1583 4195 credentes

412 4242 517 4321 multi
543 4240 642 4336 quod
668 4240 759 4315 Dido
784 4240 910 4315 luisset
934 4261 1023 4316 rere
1049 4248 1153 4335 copta
1180 4260 1309 4316 amore
1334 4241 1455 4334 linere,
1482 4246 1581 4315 tantu

411 4362 480 4437 init
504 4360 658 4435 duloedo
684 4358 862 4456 lingentis.
888 4360 942 4433 De
967 4359 1105 4433 Didone
1129 4359 1250 4433 adhuc
1276 4359 1407 4433 dicitur
1424 4359 1583 4454 capitulo

411 4480 602 4577 sequenti:
628 4482 725 4552 eti'et
747 4481 870 4553 sedette
893 4482 931 4551 in
954 4480 1099 4571 prembo
1123 4499 1148 4551 a
1177 4480 1271 4553 Dido
1284 4506 1300 4573 ;
1335 4479 1433 4574 quod
1463 4486 1581 4553 totum

411 4611 467 4679 est
490 4601 629 4677 fictum.
643 4604 738 4673 -Ε
760 4602 809 4673 du
832 4603 946 4672 sostei.
977 4599 1042 4672 llic
1067 4603 1175 4693 poeta
1207 4598 1354 4672 adducit
1378 4597 1424 4672 ad
1450 4618 1584 4693 propo-

411 4723 524 4796 situm
547 4720 583 4795 id
609 4719 709 4814 quod
732 4718 822 4793 dixit
847 4718 893 4791 de
919 4718 1073 4811 Venere,
1092 4716 1237 4791 dicens:
1254 4722 1287 4791 u
1298 4720 1517 4811 piptiavuno,
1535 4717 1582 4790 illi

411 4839 564 4934 antiqui,
589 4842 639 4913 da
662 4840 779 4933 sostei,
799 4836 934 4912 scilicet
951 4836 1106 4928 Venere,
1126 4840 1209 4909 ond'
1222 4840 1256 4909 io
1270 4840 1446 4930 principio
1457 4839 1583 4931 piptto,

473 5099 501 5161 (¹)
517 5099 548 5149 It.
565 5099 642 5159 mon,
658 5099 719 5163 quin
734 5099 795 5151 dno.
868 5098 896 5159 [Ἴ
912 5098 944 5149 lt.
961 5098 1175 5162 potentissimum.
1248 5098 1274 5161 ι’)
1291 5098 1322 5149 Ε.
1338 5100 1413 5150 etde
1430 5098 1553 5163 suspiriis.

545 5206 582 5251 tv.
1424 5208 1451 5251 tl
