<?xml version="1.0" encoding="UTF-8"?>
<!DOCTYPE html PUBLIC "-//W3C//DTD XHTML 1.0 Transitional//EN"
    "http://www.w3.org/TR/xhtml1/DTD/xhtml1-transitional.dtd">
<html xmlns="http://www.w3.org/1999/xhtml" xml:lang="en" lang="en">
 <head>
  <title>
</title>
<meta http-equiv="Content-Type" content="text/html;charset=utf-8" />
  <meta name='ocr-system' content='tesseract 3.04.00' />
  <meta name='ocr-capabilities' content='ocr_page ocr_carea ocr_par ocr_line ocrx_word'/>
</head>
<body>
  <div class='ocr_page' id='page_1' title='image "./comentumsuperda00unkngoog_0280.png"; bbox 0 0 4575 6842; ppageno 0'>
   <div class='ocr_carea' id='block_1_1' title="bbox 725 958 1536 1029">
    <p class='ocr_par' dir='ltr' id='par_1_1' title="bbox 725 958 1536 1029">
     <span class='ocr_line' id='line_1_1' title="bbox 725 958 1536 1029; baseline -0.005 -1"><span class='ocrx_word' id='word_1_1' title='bbox 725 958 798 1028; x_wconf 71' lang='lat' dir='ltr'><strong>ita</strong></span> <span class='ocrx_word' id='word_1_2' title='bbox 1086 970 1292 1029; x_wconf 75' lang='lat' dir='ltr'><strong>namuurum</strong></span> <span class='ocrx_word' id='word_1_3' title='bbox 1316 972 1536 1027; x_wconf 79' lang='lat' dir='ltr'><strong>ruaaamnu</strong></span> 
     </span>
    </p>
   </div>
   <div class='ocr_carea' id='block_1_2' title="bbox 722 1116 1902 1334">
    <p class='ocr_par' dir='ltr' id='par_1_2' title="bbox 722 1116 1902 1334">
     <span class='ocr_line' id='line_1_2' title="bbox 722 1116 1898 1215; baseline 0.001 -21"><span class='ocrx_word' id='word_1_4' title='bbox 722 1123 869 1215; x_wconf 84' lang='lat' dir='ltr'><strong>tempus</strong></span> <span class='ocrx_word' id='word_1_5' title='bbox 893 1116 1107 1211; x_wconf 77' lang='lat' dir='ltr'><strong>antichristi,</strong></span> <span class='ocrx_word' id='word_1_6' title='bbox 1132 1136 1203 1192; x_wconf 88' lang='lat' dir='ltr'><strong>nec</strong></span> <span class='ocrx_word' id='word_1_7' title='bbox 1227 1118 1346 1192; x_wconf 92' lang='lat' dir='ltr'><strong>maior</strong></span> <span class='ocrx_word' id='word_1_8' title='bbox 1376 1117 1444 1191; x_wconf 88' lang='lat' dir='ltr'><strong>init</strong></span> <span class='ocrx_word' id='word_1_9' title='bbox 1473 1134 1653 1212; x_wconf 88' lang='lat' dir='ltr'><strong>unquam,</strong></span> <span class='ocrx_word' id='word_1_10' title='bbox 1679 1136 1748 1194; x_wconf 86' lang='lat' dir='ltr'><strong>nec</strong></span> <span class='ocrx_word' id='word_1_11' title='bbox 1773 1120 1898 1195; x_wconf 82' lang='lat' dir='ltr'><strong>iumra</strong></span> 
     </span>
     <span class='ocr_line' id='line_1_3' title="bbox 722 1236 1902 1334; baseline 0.003 -21"><span class='ocrx_word' id='word_1_12' title='bbox 722 1238 868 1313; x_wconf 86' lang='lat' dir='ltr'><strong>videtur</strong></span> <span class='ocrx_word' id='word_1_13' title='bbox 893 1236 1128 1332; x_wconf 79' lang='lat' dir='ltr'><strong>abominatio,</strong></span> <span class='ocrx_word' id='word_1_14' title='bbox 1147 1236 1333 1332; x_wconf 71' lang='lat' dir='ltr'><strong>desolatio,</strong></span> <span class='ocrx_word' id='word_1_15' title='bbox 1352 1238 1411 1312; x_wconf 89' lang='lat' dir='ltr'><strong>vel</strong></span> <span class='ocrx_word' id='word_1_16' title='bbox 1429 1236 1550 1313; x_wconf 89' lang='lat' dir='ltr'><strong>maius</strong></span> <span class='ocrx_word' id='word_1_17' title='bbox 1570 1238 1756 1334; x_wconf 78' lang='lat' dir='ltr'><strong>flagellum</strong></span> <span class='ocrx_word' id='word_1_18' title='bbox 1780 1240 1902 1316; x_wconf 90' lang='lat' dir='ltr'><strong>eccle·</strong></span> 
     </span>
    </p>
   </div>
   <div class='ocr_carea' id='block_1_3' title="bbox 721 1356 2040 1454">
    <p class='ocr_par' dir='ltr' id='par_1_3' title="bbox 721 1356 2040 1454">
     <span class='ocr_line' id='line_1_4' title="bbox 721 1356 2040 1454; baseline 0.003 -22"><span class='ocrx_word' id='word_1_19' title='bbox 721 1357 785 1433; x_wconf 86' lang='lat' dir='ltr'><strong>siae</strong></span> <span class='ocrx_word' id='word_1_20' title='bbox 815 1358 900 1454; x_wconf 74' lang='lat' dir='ltr'><strong>Dei,</strong></span> <span class='ocrx_word' id='word_1_21' title='bbox 927 1358 977 1433; x_wconf 90' lang='lat' dir='ltr'><strong>ita</strong></span> <span class='ocrx_word' id='word_1_22' title='bbox 1007 1357 1107 1452; x_wconf 81' lang='lat' dir='ltr'><strong>quod</strong></span> <span class='ocrx_word' id='word_1_23' title='bbox 1138 1358 1185 1433; x_wconf 87' lang='lat' dir='ltr'><strong>de</strong></span> <span class='ocrx_word' id='word_1_24' title='bbox 1214 1358 1457 1433; x_wconf 89' lang='lat' dir='ltr'><strong>llachometto</strong></span> <span class='ocrx_word' id='word_1_25' title='bbox 1489 1356 1719 1433; x_wconf 79' lang='lat' dir='ltr'><strong>reridcatnm</strong></span> <span class='ocrx_word' id='word_1_26' title='bbox 1753 1360 1900 1436; x_wconf 86' lang='lat' dir='ltr'><strong>ridetur</strong></span> <span class='ocrx_word' id='word_1_27' title='bbox 2037 1448 2040 1451; x_wconf 37' lang='grc'><em>,</em></span> 
     </span>
    </p>
   </div>
   <div class='ocr_carea' id='block_1_4' title="bbox 713 1470 1898 3864">
    <p class='ocr_par' dir='ltr' id='par_1_4' title="bbox 713 1470 1898 3864">
     <span class='ocr_line' id='line_1_5' title="bbox 721 1470 1898 1574; baseline 0.001 -21"><span class='ocrx_word' id='word_1_28' title='bbox 721 1478 822 1573; x_wconf 82' lang='lat' dir='ltr'><strong>quod</strong></span> <span class='ocrx_word' id='word_1_29' title='bbox 837 1470 873 1571; x_wconf 79' lang='lat'><strong>(¹)</strong></span> <span class='ocrx_word' id='word_1_30' title='bbox 913 1478 960 1554; x_wconf 89' lang='lat' dir='ltr'><strong>de</strong></span> <span class='ocrx_word' id='word_1_31' title='bbox 991 1478 1144 1554; x_wconf 86' lang='lat' dir='ltr'><strong>ismaele</strong></span> <span class='ocrx_word' id='word_1_32' title='bbox 1174 1476 1325 1552; x_wconf 80' lang='lat' dir='ltr'><strong>Genesis</strong></span> <span class='ocrx_word' id='word_1_33' title='bbox 1350 1477 1452 1551; x_wconf 61' lang='lat' dir='ltr'><strong>xvir</strong></span> <span class='ocrx_word' id='word_1_34' title='bbox 1478 1480 1547 1551; x_wconf 78' lang='lat' dir='ltr'><strong>isia</strong></span> <span class='ocrx_word' id='word_1_35' title='bbox 1570 1481 1639 1552; x_wconf 75' lang='lat' dir='ltr'><strong>etit</strong></span> <span class='ocrx_word' id='word_1_36' title='bbox 1658 1483 1757 1573; x_wconf 80' lang='lat' dir='ltr'><strong>serto</strong></span> <span class='ocrx_word' id='word_1_37' title='bbox 1781 1482 1898 1574; x_wconf 81' lang='lat' dir='ltr'><strong>inmo,</strong></span> 
     </span>
     <span class='ocr_line' id='line_1_6' title="bbox 721 1600 1894 1692; baseline 0.003 -21"><span class='ocrx_word' id='word_1_38' title='bbox 721 1618 848 1673; x_wconf 82' lang='lat' dir='ltr'><strong>manas</strong></span> <span class='ocrx_word' id='word_1_39' title='bbox 873 1602 947 1675; x_wconf 79' lang='lat' dir='ltr'><strong>cias</strong></span> <span class='ocrx_word' id='word_1_40' title='bbox 971 1606 1097 1673; x_wconf 72' lang='lat' dir='ltr'><strong>canoa</strong></span> <span class='ocrx_word' id='word_1_41' title='bbox 1122 1615 1254 1692; x_wconf 73' lang='lat' dir='ltr'><strong>omncs,</strong></span> <span class='ocrx_word' id='word_1_42' title='bbox 1273 1605 1308 1671; x_wconf 87' lang='lat' dir='ltr'><strong>et</strong></span> <span class='ocrx_word' id='word_1_43' title='bbox 1326 1618 1452 1672; x_wconf 76' lang='lat' dir='ltr'><strong>marnas</strong></span> <span class='ocrx_word' id='word_1_44' title='bbox 1475 1600 1631 1675; x_wconf 71' lang='lat' dir='ltr'><strong>ommam</strong></span> <span class='ocrx_word' id='word_1_45' title='bbox 1656 1606 1782 1673; x_wconf 82' lang='lat' dir='ltr'><strong>matra</strong></span> <span class='ocrx_word' id='word_1_46' title='bbox 1807 1620 1894 1677; x_wconf 83' lang='lat' dir='ltr'><strong>eam.</strong></span> 
     </span>
     <span class='ocr_line' id='line_1_7' title="bbox 722 1716 1897 1813; baseline 0.003 -20"><span class='ocrx_word' id='word_1_47' title='bbox 722 1719 766 1793; x_wconf 82' lang='lat' dir='ltr'><strong>tit</strong></span> <span class='ocrx_word' id='word_1_48' title='bbox 792 1719 925 1795; x_wconf 90' lang='lat' dir='ltr'><strong>merito</strong></span> <span class='ocrx_word' id='word_1_49' title='bbox 950 1718 1031 1793; x_wconf 90' lang='lat' dir='ltr'><strong>talis</strong></span> <span class='ocrx_word' id='word_1_50' title='bbox 1056 1716 1169 1793; x_wconf 85' lang='lat' dir='ltr'><strong>draco</strong></span> <span class='ocrx_word' id='word_1_51' title='bbox 1194 1723 1305 1792; x_wconf 82' lang='lat' dir='ltr'><strong>lantae</strong></span> <span class='ocrx_word' id='word_1_52' title='bbox 1322 1716 1471 1793; x_wconf 74' lang='lat' dir='ltr'><strong>malitiae</strong></span> <span class='ocrx_word' id='word_1_53' title='bbox 1487 1725 1524 1793; x_wconf 89' lang='lat' dir='ltr'><strong>et</strong></span> <span class='ocrx_word' id='word_1_54' title='bbox 1544 1718 1717 1813; x_wconf 79' lang='lat' dir='ltr'><strong>nequitiae</strong></span> <span class='ocrx_word' id='word_1_55' title='bbox 1733 1720 1834 1795; x_wconf 85' lang='lat' dir='ltr'><strong>venit</strong></span> <span class='ocrx_word' id='word_1_56' title='bbox 1851 1720 1897 1797; x_wconf 88' lang='lat' dir='ltr'><strong>de</strong></span> 
     </span>
     <span class='ocr_line' id='line_1_8' title="bbox 721 1838 1897 1933; baseline 0.002 -20"><span class='ocrx_word' id='word_1_57' title='bbox 721 1839 876 1933; x_wconf 78' lang='lat' dir='ltr'><strong>Arabia3</strong></span> <span class='ocrx_word' id='word_1_58' title='bbox 902 1856 989 1913; x_wconf 90' lang='lat' dir='ltr'><strong>nam</strong></span> <span class='ocrx_word' id='word_1_59' title='bbox 1015 1856 1161 1933; x_wconf 87' lang='lat' dir='ltr'><strong>semper</strong></span> <span class='ocrx_word' id='word_1_60' title='bbox 1182 1839 1231 1913; x_wconf 91' lang='lat' dir='ltr'><strong>ab</strong></span> <span class='ocrx_word' id='word_1_61' title='bbox 1248 1838 1401 1933; x_wconf 88' lang='lat' dir='ltr'><strong>antiquo</strong></span> <span class='ocrx_word' id='word_1_62' title='bbox 1417 1839 1549 1914; x_wconf 88' lang='lat' dir='ltr'><strong>arabes</strong></span> <span class='ocrx_word' id='word_1_63' title='bbox 1566 1839 1824 1917; x_wconf 78' lang='lat' dir='ltr'><strong>latrocinantes</strong></span> <span class='ocrx_word' id='word_1_64' title='bbox 1841 1840 1897 1915; x_wconf 86' lang='lat' dir='ltr'><strong>in-</strong></span> 
     </span>
     <span class='ocr_line' id='line_1_9' title="bbox 718 1958 1894 2057; baseline 0.002 -24"><span class='ocrx_word' id='word_1_65' title='bbox 718 1958 837 2035; x_wconf 84' lang='lat' dir='ltr'><strong>sidiati</strong></span> <span class='ocrx_word' id='word_1_66' title='bbox 863 1965 949 2033; x_wconf 91' lang='lat' dir='ltr'><strong>sunt</strong></span> <span class='ocrx_word' id='word_1_67' title='bbox 973 1960 1108 2055; x_wconf 90' lang='lat' dir='ltr'><strong>populo</strong></span> <span class='ocrx_word' id='word_1_68' title='bbox 1126 1958 1203 2054; x_wconf 86' lang='lat' dir='ltr'><strong>Dei,</strong></span> <span class='ocrx_word' id='word_1_69' title='bbox 1220 1966 1264 2033; x_wconf 91' lang='lat' dir='ltr'><strong>ut</strong></span> <span class='ocrx_word' id='word_1_70' title='bbox 1280 1978 1378 2054; x_wconf 78' lang='lat' dir='ltr'><strong>sepe</strong></span> <span class='ocrx_word' id='word_1_71' title='bbox 1394 1966 1495 2055; x_wconf 82' lang='lat' dir='ltr'><strong>patet</strong></span> <span class='ocrx_word' id='word_1_72' title='bbox 1510 1960 1548 2034; x_wconf 94' lang='lat' dir='ltr'><strong>in</strong></span> <span class='ocrx_word' id='word_1_73' title='bbox 1570 1980 1675 2035; x_wconf 89' lang='lat' dir='ltr'><strong>sacra</strong></span> <span class='ocrx_word' id='word_1_74' title='bbox 1692 1960 1894 2057; x_wconf 83' lang='lat' dir='ltr'><strong>scriptura:</strong></span> 
     </span>
     <span class='ocr_line' id='line_1_10' title="bbox 719 2078 1896 2175; baseline 0.003 -20"><span class='ocrx_word' id='word_1_75' title='bbox 719 2085 757 2155; x_wconf 86' lang='lat' dir='ltr'><strong>et</strong></span> <span class='ocrx_word' id='word_1_76' title='bbox 782 2099 881 2155; x_wconf 89' lang='lat' dir='ltr'><strong>nunc</strong></span> <span class='ocrx_word' id='word_1_77' title='bbox 906 2078 1051 2155; x_wconf 85' lang='lat' dir='ltr'><strong>Beatrir</strong></span> <span class='ocrx_word' id='word_1_78' title='bbox 1079 2098 1166 2153; x_wconf 92' lang='lat' dir='ltr'><strong>cum</strong></span> <span class='ocrx_word' id='word_1_79' title='bbox 1193 2080 1269 2155; x_wconf 89' lang='lat' dir='ltr'><strong>suis</strong></span> <span class='ocrx_word' id='word_1_80' title='bbox 1293 2080 1497 2155; x_wconf 86' lang='lat' dir='ltr'><strong>christianis</strong></span> <span class='ocrx_word' id='word_1_81' title='bbox 1517 2086 1660 2175; x_wconf 84' lang='lat' dir='ltr'><strong>poterat</strong></span> <span class='ocrx_word' id='word_1_82' title='bbox 1680 2082 1804 2157; x_wconf 89' lang='lat' dir='ltr'><strong>dicere</strong></span> <span class='ocrx_word' id='word_1_83' title='bbox 1820 2084 1896 2158; x_wconf 84' lang='lat' dir='ltr'><strong>lla-</strong></span> 
     </span>
     <span class='ocr_line' id='line_1_11' title="bbox 718 2191 1897 2293; baseline 0.003 -19"><span class='ocrx_word' id='word_1_84' title='bbox 718 2200 903 2275; x_wconf 89' lang='lat' dir='ltr'><strong>chometto</strong></span> <span class='ocrx_word' id='word_1_85' title='bbox 921 2205 959 2275; x_wconf 85' lang='lat' dir='ltr'><strong>ei</strong></span> <span class='ocrx_word' id='word_1_86' title='bbox 975 2199 1050 2274; x_wconf 91' lang='lat' dir='ltr'><strong>suis</strong></span> <span class='ocrx_word' id='word_1_87' title='bbox 1065 2191 1124 2292; x_wconf 84' lang='lat'>(²):</span> <span class='ocrx_word' id='word_1_88' title='bbox 1142 2203 1304 2291; x_wconf 67' lang='lat' dir='ltr'><strong>iunonem</strong></span> <span class='ocrx_word' id='word_1_89' title='bbox 1321 2202 1429 2292; x_wconf 67' lang='lat' dir='ltr'><strong>coms,</strong></span> <span class='ocrx_word' id='word_1_90' title='bbox 1447 2200 1595 2293; x_wconf 72' lang='lat' dir='ltr'><strong>arudes,</strong></span> <span class='ocrx_word' id='word_1_91' title='bbox 1613 2204 1752 2276; x_wconf 68' lang='lat' dir='ltr'><strong>coasts</strong></span> <span class='ocrx_word' id='word_1_92' title='bbox 1767 2207 1805 2277; x_wconf 85' lang='lat' dir='ltr'><strong>ia</strong></span> <span class='ocrx_word' id='word_1_93' title='bbox 1831 2224 1897 2277; x_wconf 84' lang='lat' dir='ltr'><strong>or-</strong></span> 
     </span>
     <span class='ocr_line' id='line_1_12' title="bbox 718 2320 1894 2416; baseline 0.002 -20"><span class='ocrx_word' id='word_1_94' title='bbox 718 2322 803 2396; x_wconf 80' lang='lat' dir='ltr'><strong>bem.</strong></span> <span class='ocrx_word' id='word_1_95' title='bbox 830 2322 922 2396; x_wconf 89' lang='lat' dir='ltr'><strong>Nota</strong></span> <span class='ocrx_word' id='word_1_96' title='bbox 949 2321 1060 2396; x_wconf 89' lang='lat' dir='ltr'><strong>etiam</strong></span> <span class='ocrx_word' id='word_1_97' title='bbox 1083 2320 1350 2416; x_wconf 85' lang='lat' dir='ltr'><strong>quodquidam</strong></span> <span class='ocrx_word' id='word_1_98' title='bbox 1369 2320 1475 2416; x_wconf 91' lang='lat' dir='ltr'><strong>periti</strong></span> <span class='ocrx_word' id='word_1_99' title='bbox 1493 2342 1560 2415; x_wconf 92' lang='lat' dir='ltr'><strong>per</strong></span> <span class='ocrx_word' id='word_1_100' title='bbox 1579 2322 1678 2397; x_wconf 90' lang='lat' dir='ltr'><strong>hunc</strong></span> <span class='ocrx_word' id='word_1_101' title='bbox 1695 2322 1894 2398; x_wconf 82' lang='lat' dir='ltr'><strong>draconem</strong></span> 
     </span>
     <span class='ocr_line' id='line_1_13' title="bbox 718 2440 1895 2539; baseline 0.002 -23"><span class='ocrx_word' id='word_1_102' title='bbox 718 2442 848 2516; x_wconf 81' lang='lat' dir='ltr'><strong>volunt</strong></span> <span class='ocrx_word' id='word_1_103' title='bbox 872 2440 1022 2537; x_wconf 82' lang='lat' dir='ltr'><strong>intelligi</strong></span> <span class='ocrx_word' id='word_1_104' title='bbox 1041 2440 1183 2536; x_wconf 78' lang='lat' dir='ltr'><strong>Arium,</strong></span> <span class='ocrx_word' id='word_1_105' title='bbox 1205 2462 1317 2537; x_wconf 86' lang='lat' dir='ltr'><strong>quem</strong></span> <span class='ocrx_word' id='word_1_106' title='bbox 1335 2462 1432 2537; x_wconf 86' lang='lat' dir='ltr'><strong>saepe</strong></span> <span class='ocrx_word' id='word_1_107' title='bbox 1448 2442 1674 2539; x_wconf 77' lang='lat' dir='ltr'><strong>Augustinus</strong></span> <span class='ocrx_word' id='word_1_108' title='bbox 1692 2450 1800 2518; x_wconf 83' lang='lat' dir='ltr'><strong>vocat</strong></span> <span class='ocrx_word' id='word_1_109' title='bbox 1817 2464 1895 2520; x_wconf 87' lang='lat' dir='ltr'><strong>ser·</strong></span> 
     </span>
     <span class='ocr_line' id='line_1_14' title="bbox 721 2557 1895 2660; baseline 0.003 -25"><span class='ocrx_word' id='word_1_110' title='bbox 721 2568 888 2659; x_wconf 91' lang='lat' dir='ltr'><strong>pentem;</strong></span> <span class='ocrx_word' id='word_1_111' title='bbox 913 2557 977 2637; x_wconf 91' lang='lat' dir='ltr'><strong>sed</strong></span> <span class='ocrx_word' id='word_1_112' title='bbox 1002 2568 1104 2637; x_wconf 87' lang='lat' dir='ltr'><strong>certe</strong></span> <span class='ocrx_word' id='word_1_113' title='bbox 1120 2562 1386 2637; x_wconf 81' lang='lat' dir='ltr'><strong>lilaclromettos</strong></span> <span class='ocrx_word' id='word_1_114' title='bbox 1406 2562 1474 2636; x_wconf 87' lang='lat' dir='ltr'><strong>luit</strong></span> <span class='ocrx_word' id='word_1_115' title='bbox 1491 2563 1611 2652; x_wconf 79' lang='lat' dir='ltr'><strong>maior</strong></span> <span class='ocrx_word' id='word_1_116' title='bbox 1626 2584 1795 2659; x_wconf 87' lang='lat' dir='ltr'><strong>serpens;</strong></span> <span class='ocrx_word' id='word_1_117' title='bbox 1813 2566 1895 2660; x_wconf 88' lang='lat' dir='ltr'><strong>qui·</strong></span> 
     </span>
     <span class='ocr_line' id='line_1_15' title="bbox 717 2680 1890 2780; baseline 0.003 -24"><span class='ocrx_word' id='word_1_118' title='bbox 717 2681 803 2756; x_wconf 91' lang='lat' dir='ltr'><strong>dam</strong></span> <span class='ocrx_word' id='word_1_119' title='bbox 831 2680 941 2756; x_wconf 90' lang='lat' dir='ltr'><strong>etlam</strong></span> <span class='ocrx_word' id='word_1_120' title='bbox 968 2700 1035 2776; x_wconf 87' lang='lat' dir='ltr'><strong>per</strong></span> <span class='ocrx_word' id='word_1_121' title='bbox 1060 2681 1208 2776; x_wconf 85' lang='lat' dir='ltr'><strong>vulpem</strong></span> <span class='ocrx_word' id='word_1_122' title='bbox 1236 2682 1442 2779; x_wconf 81' lang='lat' dir='ltr'><strong>intelligunt</strong></span> <span class='ocrx_word' id='word_1_123' title='bbox 1463 2684 1764 2779; x_wconf 83' lang='lat' dir='ltr'><strong>Machamettum,</strong></span> <span class='ocrx_word' id='word_1_124' title='bbox 1791 2686 1890 2780; x_wconf 84' lang='lat' dir='ltr'><strong>quod</strong></span> 
     </span>
     <span class='ocr_line' id='line_1_16' title="bbox 716 2799 1891 2899; baseline 0.004 -25"><span class='ocrx_word' id='word_1_125' title='bbox 716 2801 820 2875; x_wconf 91' lang='lat' dir='ltr'><strong>nullo</strong></span> <span class='ocrx_word' id='word_1_126' title='bbox 847 2799 956 2876; x_wconf 93' lang='lat' dir='ltr'><strong>modo</strong></span> <span class='ocrx_word' id='word_1_127' title='bbox 981 2800 1092 2875; x_wconf 90' lang='lat' dir='ltr'><strong>habet</strong></span> <span class='ocrx_word' id='word_1_128' title='bbox 1117 2800 1387 2875; x_wconf 85' lang='lat' dir='ltr'><strong>veritatem-</strong></span> <span class='ocrx_word' id='word_1_129' title='bbox 1403 2805 1497 2892; x_wconf 74' lang='lat' dir='ltr'><strong>orei.</strong></span> <span class='ocrx_word' id='word_1_130' title='bbox 1521 2803 1587 2878; x_wconf 88' lang='lat' dir='ltr'><strong>llic</strong></span> <span class='ocrx_word' id='word_1_131' title='bbox 1611 2811 1717 2899; x_wconf 88' lang='lat' dir='ltr'><strong>poeta</strong></span> <span class='ocrx_word' id='word_1_132' title='bbox 1742 2811 1891 2880; x_wconf 87' lang='lat' dir='ltr'><strong>ostenso</strong></span> 
     </span>
     <span class='ocr_line' id='line_1_17' title="bbox 718 2920 1891 3022; baseline 0.002 -26"><span class='ocrx_word' id='word_1_133' title='bbox 718 2920 818 3016; x_wconf 91' lang='lat' dir='ltr'><strong>quod</strong></span> <span class='ocrx_word' id='word_1_134' title='bbox 843 2922 955 2995; x_wconf 89' lang='lat' dir='ltr'><strong>draco</strong></span> <span class='ocrx_word' id='word_1_135' title='bbox 980 2920 1181 3015; x_wconf 83' lang='lat' dir='ltr'><strong>asportavit</strong></span> <span class='ocrx_word' id='word_1_136' title='bbox 1208 2940 1334 2997; x_wconf 89' lang='lat' dir='ltr'><strong>secum</strong></span> <span class='ocrx_word' id='word_1_137' title='bbox 1362 2922 1397 2995; x_wconf 94' lang='lat' dir='ltr'><strong>in</strong></span> <span class='ocrx_word' id='word_1_138' title='bbox 1423 2942 1590 2997; x_wconf 88' lang='lat' dir='ltr'><strong>ermrem</strong></span> <span class='ocrx_word' id='word_1_139' title='bbox 1610 2944 1783 3022; x_wconf 84' lang='lat' dir='ltr'><strong>magnam</strong></span> <span class='ocrx_word' id='word_1_140' title='bbox 1805 2944 1891 3020; x_wconf 89' lang='lat' dir='ltr'><strong>par·</strong></span> 
     </span>
     <span class='ocr_line' id='line_1_18' title="bbox 716 3041 1889 3138; baseline 0.005 -24"><span class='ocrx_word' id='word_1_141' title='bbox 716 3047 792 3117; x_wconf 91' lang='lat' dir='ltr'><strong>tem</strong></span> <span class='ocrx_word' id='word_1_142' title='bbox 820 3060 966 3135; x_wconf 89' lang='lat' dir='ltr'><strong>currus,</strong></span> <span class='ocrx_word' id='word_1_143' title='bbox 986 3061 1086 3115; x_wconf 90' lang='lat' dir='ltr'><strong>nuno</strong></span> <span class='ocrx_word' id='word_1_144' title='bbox 1102 3041 1260 3117; x_wconf 87' lang='lat' dir='ltr'><strong>ostendit</strong></span> <span class='ocrx_word' id='word_1_145' title='bbox 1285 3042 1384 3137; x_wconf 89' lang='lat' dir='ltr'><strong>quod</strong></span> <span class='ocrx_word' id='word_1_146' title='bbox 1409 3064 1495 3138; x_wconf 89' lang='lat' dir='ltr'><strong>pars</strong></span> <span class='ocrx_word' id='word_1_147' title='bbox 1519 3065 1605 3138; x_wconf 86' lang='lat' dir='ltr'><strong>quae</strong></span> <span class='ocrx_word' id='word_1_148' title='bbox 1625 3045 1801 3119; x_wconf 87' lang='lat' dir='ltr'><strong>remansit</strong></span> <span class='ocrx_word' id='word_1_149' title='bbox 1821 3044 1889 3120; x_wconf 86' lang='lat' dir='ltr'><strong>luit</strong></span> 
     </span>
     <span class='ocr_line' id='line_1_19' title="bbox 717 3160 1887 3257; baseline 0.004 -21"><span class='ocrx_word' id='word_1_150' title='bbox 717 3163 833 3236; x_wconf 87' lang='lat' dir='ltr'><strong>multa</strong></span> <span class='ocrx_word' id='word_1_151' title='bbox 861 3162 985 3237; x_wconf 86' lang='lat' dir='ltr'><strong>vitiata</strong></span> <span class='ocrx_word' id='word_1_152' title='bbox 1010 3160 1217 3257; x_wconf 86' lang='lat' dir='ltr'><strong>cupiditate,</strong></span> <span class='ocrx_word' id='word_1_153' title='bbox 1238 3161 1337 3238; x_wconf 92' lang='lat' dir='ltr'><strong>unde</strong></span> <span class='ocrx_word' id='word_1_154' title='bbox 1358 3164 1557 3238; x_wconf 85' lang='lat' dir='ltr'><strong>revertitur</strong></span> <span class='ocrx_word' id='word_1_155' title='bbox 1582 3164 1628 3239; x_wconf 89' lang='lat' dir='ltr'><strong>ad</strong></span> <span class='ocrx_word' id='word_1_156' title='bbox 1653 3164 1887 3243; x_wconf 86' lang='lat' dir='ltr'><strong>donationem</strong></span> 
     </span>
     <span class='ocr_line' id='line_1_20' title="bbox 715 3280 1892 3381; baseline 0.004 -24"><span class='ocrx_word' id='word_1_157' title='bbox 715 3280 951 3375; x_wconf 83' lang='lat' dir='ltr'><strong>Constantini,</strong></span> <span class='ocrx_word' id='word_1_158' title='bbox 976 3280 1119 3356; x_wconf 89' lang='lat' dir='ltr'><strong>dicens:</strong></span> <span class='ocrx_word' id='word_1_159' title='bbox 1149 3284 1236 3371; x_wconf 74' lang='lat' dir='ltr'><strong>(lael</strong></span> <span class='ocrx_word' id='word_1_160' title='bbox 1258 3284 1318 3355; x_wconf 80' lang='lat' dir='ltr'><strong>cite</strong></span> <span class='ocrx_word' id='word_1_161' title='bbox 1342 3286 1486 3376; x_wconf 65' lang='lat' dir='ltr'><strong>mmasc,</strong></span> <span class='ocrx_word' id='word_1_162' title='bbox 1503 3284 1606 3379; x_wconf 88' lang='lat' dir='ltr'><strong>idest,</strong></span> <span class='ocrx_word' id='word_1_163' title='bbox 1624 3285 1683 3359; x_wconf 90' lang='lat' dir='ltr'><strong>illa</strong></span> <span class='ocrx_word' id='word_1_164' title='bbox 1701 3308 1786 3381; x_wconf 91' lang='lat' dir='ltr'><strong>pars</strong></span> <span class='ocrx_word' id='word_1_165' title='bbox 1802 3306 1892 3362; x_wconf 89' lang='lat' dir='ltr'><strong>cur·</strong></span> 
     </span>
     <span class='ocr_line' id='line_1_21' title="bbox 716 3404 1887 3500; baseline 0.006 -24"><span class='ocrx_word' id='word_1_166' title='bbox 716 3424 781 3476; x_wconf 88' lang='lat' dir='ltr'><strong>rus</strong></span> <span class='ocrx_word' id='word_1_167' title='bbox 807 3420 892 3497; x_wconf 76' lang='lat' dir='ltr'><strong>que</strong></span> <span class='ocrx_word' id='word_1_168' title='bbox 916 3423 991 3477; x_wconf 93' lang='lat' dir='ltr'><strong>non</strong></span> <span class='ocrx_word' id='word_1_169' title='bbox 1016 3408 1072 3477; x_wconf 88' lang='lat' dir='ltr'><strong>est</strong></span> <span class='ocrx_word' id='word_1_170' title='bbox 1096 3409 1222 3477; x_wconf 84' lang='lat' dir='ltr'><strong>secuta</strong></span> <span class='ocrx_word' id='word_1_171' title='bbox 1248 3404 1546 3500; x_wconf 87' lang='lat' dir='ltr'><strong>lllaohomeitum,</strong></span> <span class='ocrx_word' id='word_1_172' title='bbox 1571 3406 1706 3482; x_wconf 85' lang='lat' dir='ltr'><strong>scilicet</strong></span> <span class='ocrx_word' id='word_1_173' title='bbox 1734 3427 1887 3483; x_wconf 88' lang='lat' dir='ltr'><strong>romana</strong></span> 
     </span>
     <span class='ocr_line' id='line_1_22' title="bbox 715 3514 1888 3623; baseline 0.003 -25"><span class='ocrx_word' id='word_1_174' title='bbox 715 3522 881 3615; x_wconf 70' lang='lat' dir='ltr'><strong>suriant</strong></span> <span class='ocrx_word' id='word_1_175' title='bbox 893 3542 985 3618; x_wconf 90' lang='lat' dir='ltr'><strong>papa</strong></span> <span class='ocrx_word' id='word_1_176' title='bbox 998 3530 1035 3597; x_wconf 87' lang='lat' dir='ltr'><strong>et</strong></span> <span class='ocrx_word' id='word_1_177' title='bbox 1048 3514 1307 3616; x_wconf 79' lang='lat' dir='ltr'><strong>cardinales(³),</strong></span> <span class='ocrx_word' id='word_1_178' title='bbox 1318 3544 1402 3618; x_wconf 83' lang='lat' dir='ltr'><strong>quae</strong></span> <span class='ocrx_word' id='word_1_179' title='bbox 1416 3525 1591 3599; x_wconf 83' lang='lat' dir='ltr'><strong>remansit</strong></span> <span class='ocrx_word' id='word_1_180' title='bbox 1610 3526 1647 3599; x_wconf 92' lang='lat' dir='ltr'><strong>in</strong></span> <span class='ocrx_word' id='word_1_181' title='bbox 1661 3526 1731 3601; x_wconf 91' lang='lat' dir='ltr'><strong>lide</strong></span> <span class='ocrx_word' id='word_1_182' title='bbox 1745 3528 1888 3623; x_wconf 83' lang='lat' dir='ltr'><strong>Christi,</strong></span> 
     </span>
     <span class='ocr_line' id='line_1_23' title="bbox 713 3642 1885 3744; baseline 0.005 -28"><span class='ocrx_word' id='word_1_183' title='bbox 713 3644 746 3716; x_wconf 84' lang='lat' dir='ltr'><strong>si</strong></span> <span class='ocrx_word' id='word_1_184' title='bbox 769 3645 946 3736; x_wconf 61' lang='lat' dir='ltr'><strong>respersa</strong></span> <span class='ocrx_word' id='word_1_185' title='bbox 963 3646 1055 3717; x_wconf 85' lang='lat' dir='ltr'><strong>delia</strong></span> <span class='ocrx_word' id='word_1_186' title='bbox 1076 3645 1211 3735; x_wconf 72' lang='lat' dir='ltr'><strong>parma,</strong></span> <span class='ocrx_word' id='word_1_187' title='bbox 1230 3642 1333 3739; x_wconf 82' lang='lat' dir='ltr'><strong>idest,</strong></span> <span class='ocrx_word' id='word_1_188' title='bbox 1350 3644 1445 3719; x_wconf 85' lang='lat' dir='ltr'><strong>dicia</strong></span> <span class='ocrx_word' id='word_1_189' title='bbox 1466 3644 1562 3739; x_wconf 89' lang='lat' dir='ltr'><strong>dote,</strong></span> <span class='ocrx_word' id='word_1_190' title='bbox 1580 3650 1720 3740; x_wconf 75' lang='lat' dir='ltr'><strong>offerta,</strong></span> <span class='ocrx_word' id='word_1_191' title='bbox 1739 3648 1885 3744; x_wconf 90' lang='lat' dir='ltr'><strong>scilicet,</strong></span> 
     </span>
     <span class='ocr_line' id='line_1_24' title="bbox 714 3761 1888 3864; baseline 0.005 -26"><span class='ocrx_word' id='word_1_192' title='bbox 714 3784 737 3838; x_wconf 91' lang='lat' dir='ltr'><strong>a</strong></span> <span class='ocrx_word' id='word_1_193' title='bbox 757 3761 1004 3858; x_wconf 89' lang='lat' dir='ltr'><strong>Constantino,</strong></span> <span class='ocrx_word' id='word_1_194' title='bbox 1030 3784 1126 3837; x_wconf 85' lang='lat' dir='ltr'><strong>come</strong></span> <span class='ocrx_word' id='word_1_195' title='bbox 1152 3771 1251 3837; x_wconf 81' lang='lat' dir='ltr'><strong>terra</strong></span> <span class='ocrx_word' id='word_1_196' title='bbox 1274 3767 1406 3857; x_wconf 79' lang='lat' dir='ltr'><strong>cicccc,</strong></span> <span class='ocrx_word' id='word_1_197' title='bbox 1423 3784 1508 3858; x_wconf 82' lang='lat' dir='ltr'><strong>quae</strong></span> <span class='ocrx_word' id='word_1_198' title='bbox 1533 3771 1590 3840; x_wconf 91' lang='lat' dir='ltr'><strong>est</strong></span> <span class='ocrx_word' id='word_1_199' title='bbox 1612 3766 1660 3850; x_wconf 88' lang='lat' dir='ltr'><strong>de</strong></span> <span class='ocrx_word' id='word_1_200' title='bbox 1686 3788 1726 3843; x_wconf 88' lang='lat' dir='ltr'><strong>se</strong></span> <span class='ocrx_word' id='word_1_201' title='bbox 1751 3769 1888 3864; x_wconf 79' lang='lat' dir='ltr'><strong>fertilis,</strong></span> 
     </span>
    </p>
   </div>
   <div class='ocr_carea' id='block_1_5' title="bbox 715 3880 2041 3981">
    <p class='ocr_par' dir='ltr' id='par_1_5' title="bbox 715 3880 2041 3981">
     <span class='ocr_line' id='line_1_25' title="bbox 715 3880 2041 3981; baseline 0.004 -23"><span class='ocrx_word' id='word_1_202' title='bbox 715 3885 855 3981; x_wconf 82' lang='lat' dir='ltr'><strong>supple,</strong></span> <span class='ocrx_word' id='word_1_203' title='bbox 882 3884 1103 3980; x_wconf 87' lang='lat' dir='ltr'><strong>cooperitur,</strong></span> <span class='ocrx_word' id='word_1_204' title='bbox 1130 3887 1168 3958; x_wconf 87' lang='lat' dir='ltr'><strong>di</strong></span> <span class='ocrx_word' id='word_1_205' title='bbox 1191 3888 1397 3977; x_wconf 79' lang='lat' dir='ltr'><strong>pramipac,</strong></span> <span class='ocrx_word' id='word_1_206' title='bbox 1416 3904 1572 3981; x_wconf 59' lang='lat' dir='ltr'><strong>maman</strong></span> <span class='ocrx_word' id='word_1_207' title='bbox 1596 3880 1695 3960; x_wconf 85' lang='lat' dir='ltr'><strong>enim</strong></span> <span class='ocrx_word' id='word_1_208' title='bbox 1722 3887 1769 3961; x_wconf 91' lang='lat' dir='ltr'><strong>de</strong></span> <span class='ocrx_word' id='word_1_209' title='bbox 1794 3888 1887 3963; x_wconf 89' lang='lat' dir='ltr'><strong>iacili</strong></span> <span class='ocrx_word' id='word_1_210' title='bbox 2034 3893 2041 3909; x_wconf 87' lang='lat'>&#39;</span> 
     </span>
    </p>
   </div>
   <div class='ocr_carea' id='block_1_6' title="bbox 711 4002 1887 4822">
    <p class='ocr_par' dir='ltr' id='par_1_6' title="bbox 711 4002 1887 4822">
     <span class='ocr_line' id='line_1_26' title="bbox 712 4002 1887 4103; baseline 0.003 -24"><span class='ocrx_word' id='word_1_211' title='bbox 712 4002 897 4101; x_wconf 82' lang='lat' dir='ltr'><strong>germinat</strong></span> <span class='ocrx_word' id='word_1_212' title='bbox 930 4011 968 4080; x_wconf 93' lang='lat' dir='ltr'><strong>et</strong></span> <span class='ocrx_word' id='word_1_213' title='bbox 999 4003 1210 4080; x_wconf 87' lang='lat' dir='ltr'><strong>difficillime</strong></span> <span class='ocrx_word' id='word_1_214' title='bbox 1243 4005 1462 4080; x_wconf 85' lang='lat' dir='ltr'><strong>eradicatur.</strong></span> <span class='ocrx_word' id='word_1_215' title='bbox 1497 4005 1542 4080; x_wconf 83' lang='lat' dir='ltr'><strong>lit</strong></span> <span class='ocrx_word' id='word_1_216' title='bbox 1574 4011 1631 4080; x_wconf 89' lang='lat' dir='ltr'><strong>est</strong></span> <span class='ocrx_word' id='word_1_217' title='bbox 1659 4008 1887 4103; x_wconf 90' lang='lat' dir='ltr'><strong>comparatio</strong></span> 
     </span>
     <span class='ocr_line' id='line_1_27' title="bbox 712 4124 1884 4221; baseline 0.002 -22"><span class='ocrx_word' id='word_1_218' title='bbox 712 4124 880 4221; x_wconf 89' lang='lat' dir='ltr'><strong>propria:</strong></span> <span class='ocrx_word' id='word_1_219' title='bbox 908 4130 1047 4220; x_wconf 88' lang='lat' dir='ltr'><strong>quanto</strong></span> <span class='ocrx_word' id='word_1_220' title='bbox 1072 4125 1171 4200; x_wconf 89' lang='lat' dir='ltr'><strong>enim</strong></span> <span class='ocrx_word' id='word_1_221' title='bbox 1198 4131 1299 4200; x_wconf 88' lang='lat' dir='ltr'><strong>terra</strong></span> <span class='ocrx_word' id='word_1_222' title='bbox 1316 4133 1372 4201; x_wconf 91' lang='lat' dir='ltr'><strong>est</strong></span> <span class='ocrx_word' id='word_1_223' title='bbox 1393 4125 1609 4200; x_wconf 87' lang='lat' dir='ltr'><strong>naturaliter</strong></span> <span class='ocrx_word' id='word_1_224' title='bbox 1635 4127 1777 4221; x_wconf 90' lang='lat' dir='ltr'><strong>melior,</strong></span> <span class='ocrx_word' id='word_1_225' title='bbox 1798 4148 1884 4202; x_wconf 90' lang='lat' dir='ltr'><strong>cum</strong></span> 
     </span>
     <span class='ocr_line' id='line_1_28' title="bbox 714 4245 1885 4342; baseline 0.005 -25"><span class='ocrx_word' id='word_1_226' title='bbox 714 4246 811 4319; x_wconf 89' lang='lat' dir='ltr'><strong>malo</strong></span> <span class='ocrx_word' id='word_1_227' title='bbox 837 4245 978 4320; x_wconf 89' lang='lat' dir='ltr'><strong>semine</strong></span> <span class='ocrx_word' id='word_1_228' title='bbox 1002 4245 1061 4319; x_wconf 84' lang='lat' dir='ltr'><strong>vel</strong></span> <span class='ocrx_word' id='word_1_229' title='bbox 1085 4266 1161 4319; x_wconf 90' lang='lat' dir='ltr'><strong>non</strong></span> <span class='ocrx_word' id='word_1_230' title='bbox 1190 4245 1288 4320; x_wconf 90' lang='lat' dir='ltr'><strong>culta</strong></span> <span class='ocrx_word' id='word_1_231' title='bbox 1319 4246 1479 4321; x_wconf 80' lang='lat' dir='ltr'><strong>edicitur</strong></span> <span class='ocrx_word' id='word_1_232' title='bbox 1509 4246 1622 4340; x_wconf 87' lang='lat' dir='ltr'><strong>peior,</strong></span> <span class='ocrx_word' id='word_1_233' title='bbox 1649 4248 1743 4321; x_wconf 90' lang='lat' dir='ltr'><strong>sicut</strong></span> <span class='ocrx_word' id='word_1_234' title='bbox 1774 4269 1885 4342; x_wconf 89' lang='lat' dir='ltr'><strong>supra</strong></span> 
     </span>
     <span class='ocr_line' id='line_1_29' title="bbox 712 4362 1887 4461; baseline 0.003 -23"><span class='ocrx_word' id='word_1_235' title='bbox 712 4363 801 4438; x_wconf 81' lang='lat' dir='ltr'><strong>dixit</strong></span> <span class='ocrx_word' id='word_1_236' title='bbox 826 4364 902 4459; x_wconf 87' lang='lat' dir='ltr'><strong>ipsa</strong></span> <span class='ocrx_word' id='word_1_237' title='bbox 927 4362 1073 4439; x_wconf 87' lang='lat' dir='ltr'><strong>Beatrix</strong></span> <span class='ocrx_word' id='word_1_238' title='bbox 1100 4386 1168 4460; x_wconf 93' lang='lat' dir='ltr'><strong>pro</strong></span> <span class='ocrx_word' id='word_1_239' title='bbox 1195 4364 1271 4459; x_wconf 88' lang='lat' dir='ltr'><strong>ipso</strong></span> <span class='ocrx_word' id='word_1_240' title='bbox 1297 4372 1414 4460; x_wconf 88' lang='lat' dir='ltr'><strong>poeta.</strong></span> <span class='ocrx_word' id='word_1_241' title='bbox 1442 4364 1486 4439; x_wconf 81' lang='lat' dir='ltr'><strong>Et</strong></span> <span class='ocrx_word' id='word_1_242' title='bbox 1506 4366 1611 4441; x_wconf 89' lang='lat' dir='ltr'><strong>dicit:</strong></span> <span class='ocrx_word' id='word_1_243' title='bbox 1635 4373 1733 4461; x_wconf 83' lang='lat' dir='ltr'><strong>forse</strong></span> <span class='ocrx_word' id='word_1_244' title='bbox 1748 4390 1814 4440; x_wconf 81' lang='lat' dir='ltr'><strong>coa</strong></span> <span class='ocrx_word' id='word_1_245' title='bbox 1829 4373 1887 4441; x_wconf 82' lang='lat' dir='ltr'><strong>ia-</strong></span> 
     </span>
     <span class='ocr_line' id='line_1_30' title="bbox 712 4485 1886 4581; baseline 0.002 -21"><span class='ocrx_word' id='word_1_246' title='bbox 712 4489 851 4560; x_wconf 74' lang='lat' dir='ltr'><strong>aazias</strong></span> <span class='ocrx_word' id='word_1_247' title='bbox 874 4506 967 4559; x_wconf 83' lang='lat' dir='ltr'><strong>sano</strong></span> <span class='ocrx_word' id='word_1_248' title='bbox 992 4492 1025 4560; x_wconf 84' lang='lat' dir='ltr'><strong>ct</strong></span> <span class='ocrx_word' id='word_1_249' title='bbox 1048 4487 1211 4578; x_wconf 68' lang='lat' dir='ltr'><strong>decimae,</strong></span> <span class='ocrx_word' id='word_1_250' title='bbox 1230 4486 1315 4581; x_wconf 91' lang='lat' dir='ltr'><strong>quia</strong></span> <span class='ocrx_word' id='word_1_251' title='bbox 1339 4485 1489 4562; x_wconf 87' lang='lat' dir='ltr'><strong>intentio</strong></span> <span class='ocrx_word' id='word_1_252' title='bbox 1514 4486 1676 4561; x_wconf 84' lang='lat' dir='ltr'><strong>Silvestri</strong></span> <span class='ocrx_word' id='word_1_253' title='bbox 1701 4488 1769 4561; x_wconf 86' lang='lat' dir='ltr'><strong>luit</strong></span> <span class='ocrx_word' id='word_1_254' title='bbox 1790 4487 1886 4563; x_wconf 89' lang='lat' dir='ltr'><strong>bona</strong></span> 
     </span>
     <span class='ocr_line' id='line_1_31' title="bbox 711 4606 1886 4703; baseline 0.002 -23"><span class='ocrx_word' id='word_1_255' title='bbox 711 4606 806 4683; x_wconf 87' lang='lat' dir='ltr'><strong>iorte</strong></span> <span class='ocrx_word' id='word_1_256' title='bbox 831 4606 878 4681; x_wconf 87' lang='lat' dir='ltr'><strong>ad</strong></span> <span class='ocrx_word' id='word_1_257' title='bbox 902 4606 1151 4681; x_wconf 75' lang='lat' dir='ltr'><strong>defensionem</strong></span> <span class='ocrx_word' id='word_1_258' title='bbox 1178 4625 1313 4681; x_wconf 89' lang='lat' dir='ltr'><strong>currus</strong></span> <span class='ocrx_word' id='word_1_259' title='bbox 1329 4612 1369 4682; x_wconf 92' lang='lat' dir='ltr'><strong>et</strong></span> <span class='ocrx_word' id='word_1_260' title='bbox 1388 4607 1687 4703; x_wconf 82' lang='lat' dir='ltr'><strong>reintegrandum</strong></span> <span class='ocrx_word' id='word_1_261' title='bbox 1709 4608 1886 4683; x_wconf 87' lang='lat' dir='ltr'><strong>scissuras</strong></span> 
     </span>
     <span class='ocr_line' id='line_1_32' title="bbox 713 4726 1883 4822; baseline 0.002 -21"><span class='ocrx_word' id='word_1_262' title='bbox 713 4734 887 4820; x_wconf 87' lang='lat' dir='ltr'><strong>receptas.</strong></span> <span class='ocrx_word' id='word_1_263' title='bbox 914 4726 1067 4802; x_wconf 87' lang='lat' dir='ltr'><strong>Intentio</strong></span> <span class='ocrx_word' id='word_1_264' title='bbox 1093 4727 1203 4802; x_wconf 90' lang='lat' dir='ltr'><strong>etiam</strong></span> <span class='ocrx_word' id='word_1_265' title='bbox 1226 4726 1448 4802; x_wconf 88' lang='lat' dir='ltr'><strong>Constantini</strong></span> <span class='ocrx_word' id='word_1_266' title='bbox 1474 4726 1543 4801; x_wconf 89' lang='lat' dir='ltr'><strong>init</strong></span> <span class='ocrx_word' id='word_1_267' title='bbox 1567 4734 1680 4822; x_wconf 90' lang='lat' dir='ltr'><strong>recta,</strong></span> <span class='ocrx_word' id='word_1_268' title='bbox 1699 4727 1783 4803; x_wconf 89' lang='lat' dir='ltr'><strong>licet</strong></span> <span class='ocrx_word' id='word_1_269' title='bbox 1803 4748 1883 4803; x_wconf 91' lang='lat' dir='ltr'><strong>ma·</strong></span> 
     </span>
    </p>
   </div>
   <div class='ocr_carea' id='block_1_7' title="bbox 774 4960 1360 5175">
    <p class='ocr_par' dir='ltr' id='par_1_7' title="bbox 774 4960 1360 5175">
     <span class='ocr_line' id='line_1_33' title="bbox 775 4960 1256 5023; baseline 0 -12"><span class='ocrx_word' id='word_1_270' title='bbox 775 4960 803 5022; x_wconf 78' lang='lat'><strong>(¹)</strong></span> <span class='ocrx_word' id='word_1_271' title='bbox 820 4964 875 5017; x_wconf 81' lang='lat' dir='ltr'><strong>lli.</strong></span> <span class='ocrx_word' id='word_1_272' title='bbox 892 4960 961 5023; x_wconf 82' lang='lat' dir='ltr'><strong>quod</strong></span> <span class='ocrx_word' id='word_1_273' title='bbox 978 4960 1073 5011; x_wconf 88' lang='lat' dir='ltr'><strong>dicitur</strong></span> <span class='ocrx_word' id='word_1_274' title='bbox 1088 4960 1120 5011; x_wconf 87' lang='lat' dir='ltr'><strong>dc</strong></span> <span class='ocrx_word' id='word_1_275' title='bbox 1136 4960 1256 5011; x_wconf 76' lang='lat' dir='ltr'><strong>ismaele.</strong></span> 
     </span>
     <span class='ocr_line' id='line_1_34' title="bbox 774 5032 1267 5099; baseline 0 -14"><span class='ocrx_word' id='word_1_276' title='bbox 774 5032 801 5097; x_wconf 77' lang='lat'><strong>(¹)</strong></span> <span class='ocrx_word' id='word_1_277' title='bbox 818 5036 848 5085; x_wconf 88' lang='lat' dir='ltr'><strong>E.</strong></span> <span class='ocrx_word' id='word_1_278' title='bbox 865 5034 917 5085; x_wconf 84' lang='lat' dir='ltr'><strong>suis</strong></span> <span class='ocrx_word' id='word_1_279' title='bbox 933 5034 997 5086; x_wconf 89' lang='lat' dir='ltr'><strong>illud</strong></span> <span class='ocrx_word' id='word_1_280' title='bbox 1014 5036 1122 5086; x_wconf 84' lang='lat' dir='ltr'><strong>Lucani:</strong></span> <span class='ocrx_word' id='word_1_281' title='bbox 1141 5037 1267 5099; x_wconf 77' lang='lat' dir='ltr'><strong>Ipnotum·</strong></span> 
     </span>
     <span class='ocr_line' id='line_1_35' title="bbox 775 5109 1360 5175; baseline 0 -14"><span class='ocrx_word' id='word_1_282' title='bbox 775 5109 801 5175; x_wconf 60' lang='lat' dir='ltr'><strong>(i</strong></span> <span class='ocrx_word' id='word_1_283' title='bbox 818 5110 849 5161; x_wconf 84' lang='lat' dir='ltr'><strong>E.</strong></span> <span class='ocrx_word' id='word_1_284' title='bbox 864 5114 892 5161; x_wconf 85' lang='lat' dir='ltr'><strong>ei</strong></span> <span class='ocrx_word' id='word_1_285' title='bbox 907 5109 1050 5161; x_wconf 79' lang='lat' dir='ltr'><strong>cardinales</strong></span> <span class='ocrx_word' id='word_1_286' title='bbox 1066 5124 1180 5162; x_wconf 72' lang='lat' dir='ltr'><strong>romano</strong></span> <span class='ocrx_word' id='word_1_287' title='bbox 1196 5110 1276 5161; x_wconf 74' lang='lat' dir='ltr'><strong>curia</strong></span> <span class='ocrx_word' id='word_1_288' title='bbox 1291 5124 1360 5175; x_wconf 73' lang='lat' dir='ltr'><strong>que.</strong></span> 
     </span>
    </p>
   </div>
   <div class='ocr_carea' id='block_1_8' title="bbox 0 0 2292 6842">
    <p class='ocr_par' dir='ltr' id='par_1_8' title="bbox 0 0 2292 6842">
     <span class='ocr_line' id='line_1_36' title="bbox 0 0 2292 6842; baseline 0 0"><span class='ocrx_word' id='word_1_289' title='bbox 0 0 2292 6842; x_wconf 95' lang='lat' dir='ltr'><strong> </strong></span> 
     </span>
    </p>
   </div>
  </div>
 </body>
</html>
