<?xml version="1.0" encoding="UTF-8"?>
<!DOCTYPE html PUBLIC "-//W3C//DTD XHTML 1.0 Transitional//EN"
    "http://www.w3.org/TR/xhtml1/DTD/xhtml1-transitional.dtd">
<html xmlns="http://www.w3.org/1999/xhtml" xml:lang="en" lang="en">
 <head>
  <title>
</title>
<meta http-equiv="Content-Type" content="text/html;charset=utf-8" />
  <meta name='ocr-system' content='tesseract 3.04.00' />
  <meta name='ocr-capabilities' content='ocr_page ocr_carea ocr_par ocr_line ocrx_word'/>
</head>
<body>
  <div class='ocr_page' id='page_1' title='image "./comentumsuperda00unkngoog_0490.png"; bbox 0 0 4575 6842; ppageno 0'>
   <div class='ocr_carea' id='block_1_1' title="bbox 708 862 1496 931">
    <p class='ocr_par' dir='ltr' id='par_1_1' title="bbox 708 862 1496 931">
     <span class='ocr_line' id='line_1_1' title="bbox 708 862 1496 931; baseline -0.001 -5"><span class='ocrx_word' id='word_1_1' title='bbox 708 862 779 928; x_wconf 75' lang='grc'><strong>470</strong></span> <span class='ocrx_word' id='word_1_2' title='bbox 1099 873 1304 931; x_wconf 73' lang='lat' dir='ltr'>COMENTUH</span> <span class='ocrx_word' id='word_1_3' title='bbox 1329 874 1496 930; x_wconf 70' lang='lat' dir='ltr'><strong>submisi</strong></span> 
     </span>
    </p>
   </div>
   <div class='ocr_carea' id='block_1_2' title="bbox 702 1010 1882 3399">
    <p class='ocr_par' dir='ltr' id='par_1_2' title="bbox 702 1010 1882 3399">
     <span class='ocr_line' id='line_1_2' title="bbox 706 1010 1879 1115; baseline 0.003 -25"><span class='ocrx_word' id='word_1_4' title='bbox 706 1019 802 1113; x_wconf 71' lang='lat' dir='ltr'><strong>odio,</strong></span> <span class='ocrx_word' id='word_1_5' title='bbox 837 1017 939 1113; x_wconf 84' lang='lat' dir='ltr'><strong>idest,</strong></span> <span class='ocrx_word' id='word_1_6' title='bbox 971 1019 1146 1115; x_wconf 79' lang='lat' dir='ltr'><strong>splendet,</strong></span> <span class='ocrx_word' id='word_1_7' title='bbox 1183 1020 1284 1095; x_wconf 88' lang='lat' dir='ltr'><strong>velut</strong></span> <span class='ocrx_word' id='word_1_8' title='bbox 1314 1019 1394 1094; x_wconf 90' lang='lat' dir='ltr'><strong>tons</strong></span> <span class='ocrx_word' id='word_1_9' title='bbox 1426 1017 1530 1113; x_wconf 89' lang='lat' dir='ltr'><strong>lucis,</strong></span> <span class='ocrx_word' id='word_1_10' title='bbox 1554 1010 1598 1109; x_wconf 82' lang='lat' dir='ltr'><strong>si,</strong></span> <span class='ocrx_word' id='word_1_11' title='bbox 1624 1019 1684 1091; x_wconf 83' lang='lat' dir='ltr'><strong>cle</strong></span> <span class='ocrx_word' id='word_1_12' title='bbox 1709 1020 1879 1114; x_wconf 61' lang='lat' dir='ltr'><strong>dispono</strong></span> 
     </span>
     <span class='ocr_line' id='line_1_3' title="bbox 703 1136 1880 1235; baseline 0.005 -26"><span class='ocrx_word' id='word_1_13' title='bbox 703 1136 806 1231; x_wconf 87' lang='lat' dir='ltr'><strong>idest,</strong></span> <span class='ocrx_word' id='word_1_14' title='bbox 828 1138 984 1233; x_wconf 84' lang='lat' dir='ltr'><strong>explicat</strong></span> <span class='ocrx_word' id='word_1_15' title='bbox 1009 1138 1045 1212; x_wconf 95' lang='lat' dir='ltr'><strong>in</strong></span> <span class='ocrx_word' id='word_1_16' title='bbox 1070 1138 1172 1235; x_wconf 93' lang='lat' dir='ltr'><strong>alios,</strong></span> <span class='ocrx_word' id='word_1_17' title='bbox 1190 1142 1221 1212; x_wconf 84' lang='lat' dir='ltr'><strong>lc</strong></span> <span class='ocrx_word' id='word_1_18' title='bbox 1238 1140 1386 1213; x_wconf 84' lang='lat' dir='ltr'><strong>bettezze</strong></span> <span class='ocrx_word' id='word_1_19' title='bbox 1403 1146 1530 1233; x_wconf 75' lang='lat' dir='ltr'><strong>eterne,</strong></span> <span class='ocrx_word' id='word_1_20' title='bbox 1551 1157 1635 1233; x_wconf 84' lang='lat' dir='ltr'><strong>quae</strong></span> <span class='ocrx_word' id='word_1_21' title='bbox 1661 1143 1747 1211; x_wconf 91' lang='lat' dir='ltr'><strong>sunt</strong></span> <span class='ocrx_word' id='word_1_22' title='bbox 1771 1138 1809 1213; x_wconf 95' lang='lat' dir='ltr'><strong>in</strong></span> <span class='ocrx_word' id='word_1_23' title='bbox 1834 1160 1880 1215; x_wconf 86' lang='lat' dir='ltr'><strong>ea</strong></span> 
     </span>
     <span class='ocr_line' id='line_1_4' title="bbox 704 1252 1881 1356; baseline 0.003 -26"><span class='ocrx_word' id='word_1_24' title='bbox 704 1277 789 1351; x_wconf 83' lang='lat' dir='ltr'><strong>quae</strong></span> <span class='ocrx_word' id='word_1_25' title='bbox 807 1258 1049 1333; x_wconf 76' lang='lat' dir='ltr'><strong>manifestavit</strong></span> <span class='ocrx_word' id='word_1_26' title='bbox 1069 1258 1106 1333; x_wconf 96' lang='lat' dir='ltr'><strong>in</strong></span> <span class='ocrx_word' id='word_1_27' title='bbox 1130 1258 1385 1356; x_wconf 81' lang='lat' dir='ltr'><strong>intelligentiis,</strong></span> <span class='ocrx_word' id='word_1_28' title='bbox 1399 1256 1511 1333; x_wconf 91' lang='lat' dir='ltr'><strong>stellis</strong></span> <span class='ocrx_word' id='word_1_29' title='bbox 1532 1263 1570 1331; x_wconf 92' lang='lat' dir='ltr'><strong>et</strong></span> <span class='ocrx_word' id='word_1_30' title='bbox 1587 1258 1800 1333; x_wconf 88' lang='lat' dir='ltr'><strong>caeteris.—</strong></span> <span class='ocrx_word' id='word_1_31' title='bbox 1812 1252 1881 1333; x_wconf 69' lang='lat' dir='ltr'><strong>cad.</strong></span> 
     </span>
     <span class='ocr_line' id='line_1_5' title="bbox 703 1378 1881 1477; baseline 0.003 -26"><span class='ocrx_word' id='word_1_32' title='bbox 703 1378 768 1453; x_wconf 89' lang='lat' dir='ltr'><strong>llic</strong></span> <span class='ocrx_word' id='word_1_33' title='bbox 794 1378 953 1474; x_wconf 85' lang='lat' dir='ltr'><strong>Beatrix,</strong></span> <span class='ocrx_word' id='word_1_34' title='bbox 972 1386 1068 1454; x_wconf 87' lang='lat' dir='ltr'><strong>tacta</strong></span> <span class='ocrx_word' id='word_1_35' title='bbox 1089 1381 1276 1455; x_wconf 82' lang='lat' dir='ltr'><strong>creatione</strong></span> <span class='ocrx_word' id='word_1_36' title='bbox 1297 1400 1424 1455; x_wconf 93' lang='lat' dir='ltr'><strong>rerum</strong></span> <span class='ocrx_word' id='word_1_37' title='bbox 1451 1379 1489 1451; x_wconf 95' lang='lat' dir='ltr'><strong>in</strong></span> <span class='ocrx_word' id='word_1_38' title='bbox 1513 1378 1690 1477; x_wconf 89' lang='lat' dir='ltr'><strong>generali,</strong></span> <span class='ocrx_word' id='word_1_39' title='bbox 1711 1380 1828 1475; x_wconf 84' lang='lat' dir='ltr'><strong>tangit</strong></span> <span class='ocrx_word' id='word_1_40' title='bbox 1844 1380 1881 1455; x_wconf 93' lang='lat' dir='ltr'><strong>in</strong></span> 
     </span>
     <span class='ocr_line' id='line_1_6' title="bbox 702 1498 1882 1594; baseline 0.003 -22"><span class='ocrx_word' id='word_1_41' title='bbox 702 1498 848 1594; x_wconf 87' lang='lat' dir='ltr'><strong>speciali</strong></span> <span class='ocrx_word' id='word_1_42' title='bbox 882 1499 1107 1575; x_wconf 89' lang='lat' dir='ltr'><strong>creationem</strong></span> <span class='ocrx_word' id='word_1_43' title='bbox 1141 1500 1326 1574; x_wconf 90' lang='lat' dir='ltr'><strong>rationalis</strong></span> <span class='ocrx_word' id='word_1_44' title='bbox 1360 1503 1554 1591; x_wconf 75' lang='lat' dir='ltr'><strong>creaturae,</strong></span> <span class='ocrx_word' id='word_1_45' title='bbox 1580 1498 1641 1573; x_wconf 93' lang='lat' dir='ltr'><strong>cui</strong></span> <span class='ocrx_word' id='word_1_46' title='bbox 1667 1500 1749 1594; x_wconf 91' lang='lat' dir='ltr'><strong>plus</strong></span> <span class='ocrx_word' id='word_1_47' title='bbox 1782 1499 1882 1575; x_wconf 88' lang='lat' dir='ltr'><strong>Deus</strong></span> 
     </span>
     <span class='ocr_line' id='line_1_7' title="bbox 702 1617 1882 1715; baseline 0 -22"><span class='ocrx_word' id='word_1_48' title='bbox 702 1619 800 1694; x_wconf 90' lang='lat' dir='ltr'><strong>dedit</strong></span> <span class='ocrx_word' id='word_1_49' title='bbox 825 1620 871 1695; x_wconf 91' lang='lat' dir='ltr'><strong>de</strong></span> <span class='ocrx_word' id='word_1_50' title='bbox 897 1621 1060 1695; x_wconf 87' lang='lat' dir='ltr'><strong>bonitate</strong></span> <span class='ocrx_word' id='word_1_51' title='bbox 1084 1640 1172 1715; x_wconf 78' lang='lat' dir='ltr'><strong>sua3</strong></span> <span class='ocrx_word' id='word_1_52' title='bbox 1199 1626 1236 1694; x_wconf 89' lang='lat' dir='ltr'><strong>et</strong></span> <span class='ocrx_word' id='word_1_53' title='bbox 1254 1620 1333 1695; x_wconf 87' lang='lat' dir='ltr'><strong>vult</strong></span> <span class='ocrx_word' id='word_1_54' title='bbox 1349 1617 1611 1694; x_wconf 87' lang='lat' dir='ltr'><strong>sententialiter</strong></span> <span class='ocrx_word' id='word_1_55' title='bbox 1628 1618 1763 1713; x_wconf 85' lang='lat' dir='ltr'><strong>dicere,</strong></span> <span class='ocrx_word' id='word_1_56' title='bbox 1782 1618 1882 1712; x_wconf 86' lang='lat' dir='ltr'><strong>quod</strong></span> 
     </span>
     <span class='ocr_line' id='line_1_8' title="bbox 703 1738 1880 1837; baseline -0.002 -22"><span class='ocrx_word' id='word_1_57' title='bbox 703 1760 815 1815; x_wconf 91' lang='lat' dir='ltr'><strong>omne</strong></span> <span class='ocrx_word' id='word_1_58' title='bbox 845 1748 1013 1816; x_wconf 89' lang='lat' dir='ltr'><strong>creatum</strong></span> <span class='ocrx_word' id='word_1_59' title='bbox 1038 1761 1062 1814; x_wconf 86' lang='lat' dir='ltr'><strong>a</strong></span> <span class='ocrx_word' id='word_1_60' title='bbox 1086 1740 1164 1815; x_wconf 89' lang='lat' dir='ltr'><strong>Deo</strong></span> <span class='ocrx_word' id='word_1_61' title='bbox 1195 1740 1273 1815; x_wconf 89' lang='lat' dir='ltr'><strong>sine</strong></span> <span class='ocrx_word' id='word_1_62' title='bbox 1303 1760 1444 1837; x_wconf 88' lang='lat' dir='ltr'><strong>organo</strong></span> <span class='ocrx_word' id='word_1_63' title='bbox 1476 1739 1533 1813; x_wconf 88' lang='lat' dir='ltr'><strong>vel</strong></span> <span class='ocrx_word' id='word_1_64' title='bbox 1563 1738 1683 1813; x_wconf 90' lang='lat' dir='ltr'><strong>medio</strong></span> <span class='ocrx_word' id='word_1_65' title='bbox 1713 1739 1797 1815; x_wconf 87' lang='lat' dir='ltr'><strong>coeli</strong></span> <span class='ocrx_word' id='word_1_66' title='bbox 1824 1745 1880 1814; x_wconf 85' lang='lat' dir='ltr'><strong>est</strong></span> 
     </span>
     <span class='ocr_line' id='line_1_9' title="bbox 704 1854 1879 1957; baseline 0 -23"><span class='ocrx_word' id='word_1_67' title='bbox 704 1867 898 1954; x_wconf 77' lang='lat' dir='ltr'><strong>aeternum,</strong></span> <span class='ocrx_word' id='word_1_68' title='bbox 928 1868 984 1935; x_wconf 91' lang='lat' dir='ltr'><strong>est</strong></span> <span class='ocrx_word' id='word_1_69' title='bbox 1017 1860 1188 1935; x_wconf 91' lang='lat' dir='ltr'><strong>liberum.</strong></span> <span class='ocrx_word' id='word_1_70' title='bbox 1215 1860 1309 1935; x_wconf 88' lang='lat' dir='ltr'><strong>Dicit</strong></span> <span class='ocrx_word' id='word_1_71' title='bbox 1340 1880 1455 1957; x_wconf 87' lang='lat' dir='ltr'><strong>ergo:</strong></span> <span class='ocrx_word' id='word_1_72' title='bbox 1491 1854 1551 1933; x_wconf 80' lang='lat' dir='ltr'><strong>t&#39;ld</strong></span> <span class='ocrx_word' id='word_1_73' title='bbox 1575 1862 1635 1933; x_wconf 79' lang='lat' dir='ltr'><strong>elne</strong></span> <span class='ocrx_word' id='word_1_74' title='bbox 1667 1862 1796 1933; x_wconf 61' lang='lat' dir='ltr'><strong>(lotitia</strong></span> <span class='ocrx_word' id='word_1_75' title='bbox 1829 1861 1879 1934; x_wconf 81' lang='lat' dir='ltr'><strong>da</strong></span> 
     </span>
     <span class='ocr_line' id='line_1_10' title="bbox 704 1978 1879 2075; baseline -0.002 -20"><span class='ocrx_word' id='word_1_76' title='bbox 704 1982 761 2072; x_wconf 77' lang='lat' dir='ltr'><strong>lei,</strong></span> <span class='ocrx_word' id='word_1_77' title='bbox 778 1980 881 2074; x_wconf 92' lang='lat' dir='ltr'><strong>idest,</strong></span> <span class='ocrx_word' id='word_1_78' title='bbox 899 1980 1085 2054; x_wconf 89' lang='lat' dir='ltr'><strong>emanavit</strong></span> <span class='ocrx_word' id='word_1_79' title='bbox 1110 1979 1158 2055; x_wconf 88' lang='lat' dir='ltr'><strong>ab</strong></span> <span class='ocrx_word' id='word_1_80' title='bbox 1185 1980 1245 2054; x_wconf 87' lang='lat' dir='ltr'><strong>illa</strong></span> <span class='ocrx_word' id='word_1_81' title='bbox 1270 1980 1393 2055; x_wconf 88' lang='lat' dir='ltr'><strong>divina</strong></span> <span class='ocrx_word' id='word_1_82' title='bbox 1418 1978 1591 2073; x_wconf 90' lang='lat' dir='ltr'><strong>bonitate,</strong></span> <span class='ocrx_word' id='word_1_83' title='bbox 1612 2000 1722 2052; x_wconf 83' lang='lat' dir='ltr'><strong>senza</strong></span> <span class='ocrx_word' id='word_1_84' title='bbox 1743 2000 1879 2075; x_wconf 79' lang='lat' dir='ltr'><strong>ntezzo,</strong></span> 
     </span>
     <span class='ocr_line' id='line_1_11' title="bbox 702 2099 1882 2195; baseline 0 -22"><span class='ocrx_word' id='word_1_85' title='bbox 702 2100 806 2192; x_wconf 90' lang='lat' dir='ltr'><strong>idest,</strong></span> <span class='ocrx_word' id='word_1_86' title='bbox 839 2100 1085 2174; x_wconf 88' lang='lat' dir='ltr'><strong>instrumento</strong></span> <span class='ocrx_word' id='word_1_87' title='bbox 1117 2101 1212 2195; x_wconf 78' lang='lat' dir='ltr'><strong>coeli,</strong></span> <span class='ocrx_word' id='word_1_88' title='bbox 1239 2100 1333 2176; x_wconf 91' lang='lat' dir='ltr'><strong>sicut</strong></span> <span class='ocrx_word' id='word_1_89' title='bbox 1364 2100 1488 2175; x_wconf 92' lang='lat' dir='ltr'><strong>anima</strong></span> <span class='ocrx_word' id='word_1_90' title='bbox 1518 2100 1717 2194; x_wconf 89' lang='lat' dir='ltr'><strong>rationalis,</strong></span> <span class='ocrx_word' id='word_1_91' title='bbox 1751 2099 1882 2174; x_wconf 87' lang='lat' dir='ltr'><strong>inlelli-</strong></span> 
     </span>
     <span class='ocr_line' id='line_1_12' title="bbox 703 2220 1879 2317; baseline 0.001 -22"><span class='ocrx_word' id='word_1_92' title='bbox 703 2220 836 2317; x_wconf 87' lang='lat' dir='ltr'><strong>gentiae</strong></span> <span class='ocrx_word' id='word_1_93' title='bbox 870 2228 1062 2296; x_wconf 89' lang='lat' dir='ltr'><strong>moventes</strong></span> <span class='ocrx_word' id='word_1_94' title='bbox 1095 2222 1208 2296; x_wconf 88' lang='lat' dir='ltr'><strong>coelos</strong></span> <span class='ocrx_word' id='word_1_95' title='bbox 1238 2228 1276 2296; x_wconf 93' lang='lat' dir='ltr'><strong>et</strong></span> <span class='ocrx_word' id='word_1_96' title='bbox 1305 2221 1371 2316; x_wconf 84' lang='lat' dir='ltr'><strong>ipsi</strong></span> <span class='ocrx_word' id='word_1_97' title='bbox 1402 2220 1594 2316; x_wconf 71' lang='lat' dir='ltr'><strong>coeliaco</strong></span> <span class='ocrx_word' id='word_1_98' title='bbox 1627 2222 1674 2293; x_wconf 80' lang='lat' dir='ltr'><strong>lto</strong></span> <span class='ocrx_word' id='word_1_99' title='bbox 1705 2225 1769 2315; x_wconf 82' lang='lat' dir='ltr'><strong>poi</strong></span> <span class='ocrx_word' id='word_1_100' title='bbox 1796 2224 1879 2317; x_wconf 80' lang='lat' dir='ltr'><strong>fine,</strong></span> 
     </span>
     <span class='ocr_line' id='line_1_13' title="bbox 704 2336 1882 2436; baseline 0.001 -21"><span class='ocrx_word' id='word_1_101' title='bbox 704 2348 742 2416; x_wconf 90' lang='lat' dir='ltr'><strong>et</strong></span> <span class='ocrx_word' id='word_1_102' title='bbox 767 2361 855 2416; x_wconf 87' lang='lat' dir='ltr'><strong>ecce</strong></span> <span class='ocrx_word' id='word_1_103' title='bbox 888 2342 1089 2417; x_wconf 91' lang='lat' dir='ltr'><strong>rationem:</strong></span> <span class='ocrx_word' id='word_1_104' title='bbox 1115 2336 1312 2434; x_wconf 70' lang='lat' dir='ltr'><strong>percheto</strong></span> <span class='ocrx_word' id='word_1_105' title='bbox 1348 2362 1414 2415; x_wconf 83' lang='lat' dir='ltr'><strong>sna</strong></span> <span class='ocrx_word' id='word_1_106' title='bbox 1445 2344 1632 2434; x_wconf 78' lang='lat' dir='ltr'><strong>imprcntn,</strong></span> <span class='ocrx_word' id='word_1_107' title='bbox 1662 2341 1772 2436; x_wconf 90' lang='lat' dir='ltr'><strong>idest,</strong></span> <span class='ocrx_word' id='word_1_108' title='bbox 1810 2342 1882 2416; x_wconf 92' lang='lat' dir='ltr'><strong>im·</strong></span> 
     </span>
     <span class='ocr_line' id='line_1_14' title="bbox 705 2460 1880 2557; baseline 0.001 -22"><span class='ocrx_word' id='word_1_109' title='bbox 705 2462 844 2557; x_wconf 87' lang='lat' dir='ltr'><strong>pressio</strong></span> <span class='ocrx_word' id='word_1_110' title='bbox 870 2462 1011 2557; x_wconf 82' lang='lat' dir='ltr'><strong>iormae,</strong></span> <span class='ocrx_word' id='word_1_111' title='bbox 1031 2483 1105 2536; x_wconf 86' lang='lat' dir='ltr'><strong>non</strong></span> <span class='ocrx_word' id='word_1_112' title='bbox 1128 2466 1161 2535; x_wconf 85' lang='lat' dir='ltr'><strong>sl</strong></span> <span class='ocrx_word' id='word_1_113' title='bbox 1184 2483 1319 2554; x_wconf 80' lang='lat' dir='ltr'><strong>manoe,</strong></span> <span class='ocrx_word' id='word_1_114' title='bbox 1338 2462 1441 2556; x_wconf 91' lang='lat' dir='ltr'><strong>idest,</strong></span> <span class='ocrx_word' id='word_1_115' title='bbox 1462 2482 1536 2535; x_wconf 92' lang='lat' dir='ltr'><strong>non</strong></span> <span class='ocrx_word' id='word_1_116' title='bbox 1561 2460 1726 2536; x_wconf 92' lang='lat' dir='ltr'><strong>subiacet</strong></span> <span class='ocrx_word' id='word_1_117' title='bbox 1751 2462 1880 2557; x_wconf 89' lang='lat' dir='ltr'><strong>motui,</strong></span> 
     </span>
     <span class='ocr_line' id='line_1_15' title="bbox 704 2582 1881 2678; baseline 0.002 -23"><span class='ocrx_word' id='word_1_118' title='bbox 704 2585 835 2673; x_wconf 79' lang='lat' dir='ltr'><strong>onand’</strong></span> <span class='ocrx_word' id='word_1_119' title='bbox 849 2586 929 2676; x_wconf 86' lang='lat' dir='ltr'><strong>ella,</strong></span> <span class='ocrx_word' id='word_1_120' title='bbox 958 2583 1105 2678; x_wconf 91' lang='lat' dir='ltr'><strong>scilicet,</strong></span> <span class='ocrx_word' id='word_1_121' title='bbox 1130 2582 1252 2658; x_wconf 88' lang='lat' dir='ltr'><strong>divina</strong></span> <span class='ocrx_word' id='word_1_122' title='bbox 1287 2583 1442 2677; x_wconf 87' lang='lat' dir='ltr'><strong>bonitas,</strong></span> <span class='ocrx_word' id='word_1_123' title='bbox 1473 2585 1603 2675; x_wconf 70' lang='lat' dir='ltr'><strong>sigillo,</strong></span> <span class='ocrx_word' id='word_1_124' title='bbox 1633 2582 1736 2676; x_wconf 90' lang='lat' dir='ltr'><strong>idest,</strong></span> <span class='ocrx_word' id='word_1_125' title='bbox 1767 2582 1881 2657; x_wconf 86' lang='lat' dir='ltr'><strong>inion-</strong></span> 
     </span>
     <span class='ocr_line' id='line_1_16' title="bbox 708 2701 1881 2799; baseline 0.001 -24"><span class='ocrx_word' id='word_1_126' title='bbox 708 2708 795 2777; x_wconf 90' lang='lat' dir='ltr'><strong>mat.</strong></span> <span class='ocrx_word' id='word_1_127' title='bbox 822 2702 866 2777; x_wconf 85' lang='lat' dir='ltr'><strong>Et</strong></span> <span class='ocrx_word' id='word_1_128' title='bbox 889 2702 989 2777; x_wconf 89' lang='lat' dir='ltr'><strong>addit</strong></span> <span class='ocrx_word' id='word_1_129' title='bbox 1013 2702 1122 2777; x_wconf 88' lang='lat' dir='ltr'><strong>aliam</strong></span> <span class='ocrx_word' id='word_1_130' title='bbox 1142 2702 1437 2799; x_wconf 85' lang='lat' dir='ltr'><strong>praerogativam,</strong></span> <span class='ocrx_word' id='word_1_131' title='bbox 1455 2701 1590 2777; x_wconf 92' lang='lat' dir='ltr'><strong>scilicet</strong></span> <span class='ocrx_word' id='word_1_132' title='bbox 1616 2702 1803 2796; x_wconf 85' lang='lat' dir='ltr'><strong>libertatis,</strong></span> <span class='ocrx_word' id='word_1_133' title='bbox 1826 2703 1881 2777; x_wconf 91' lang='lat' dir='ltr'><strong>di-</strong></span> 
     </span>
     <span class='ocr_line' id='line_1_17' title="bbox 704 2815 1878 2919; baseline 0.001 -22"><span class='ocrx_word' id='word_1_134' title='bbox 704 2843 803 2917; x_wconf 92' lang='lat' dir='ltr'><strong>cens,</strong></span> <span class='ocrx_word' id='word_1_135' title='bbox 831 2824 1030 2918; x_wconf 84' lang='lat' dir='ltr'><strong>repetendo</strong></span> <span class='ocrx_word' id='word_1_136' title='bbox 1047 2824 1176 2898; x_wconf 89' lang='lat' dir='ltr'><strong>eadem</strong></span> <span class='ocrx_word' id='word_1_137' title='bbox 1196 2823 1321 2918; x_wconf 89' lang='lat' dir='ltr'><strong>verba,</strong></span> <span class='ocrx_word' id='word_1_138' title='bbox 1339 2815 1392 2897; x_wconf 72' lang='grc' dir='ltr'><strong>οἱὸ</strong></span> <span class='ocrx_word' id='word_1_139' title='bbox 1408 2825 1584 2915; x_wconf 74' lang='lat' dir='ltr'><strong>cleptore</strong></span> <span class='ocrx_word' id='word_1_140' title='bbox 1600 2825 1649 2897; x_wconf 89' lang='lat' dir='ltr'><strong>do</strong></span> <span class='ocrx_word' id='word_1_141' title='bbox 1666 2845 1758 2916; x_wconf 85' lang='lat' dir='ltr'><strong>esso,</strong></span> <span class='ocrx_word' id='word_1_142' title='bbox 1774 2823 1878 2919; x_wconf 88' lang='lat' dir='ltr'><strong>idest,</strong></span> 
     </span>
     <span class='ocr_line' id='line_1_18' title="bbox 703 2942 1880 3040; baseline 0.003 -24"><span class='ocrx_word' id='word_1_143' title='bbox 703 2942 867 3038; x_wconf 89' lang='lat' dir='ltr'><strong>procedit</strong></span> <span class='ocrx_word' id='word_1_144' title='bbox 891 2942 939 3016; x_wconf 94' lang='lat' dir='ltr'><strong>ab</strong></span> <span class='ocrx_word' id='word_1_145' title='bbox 965 2944 1094 3018; x_wconf 92' lang='lat' dir='ltr'><strong>eadem</strong></span> <span class='ocrx_word' id='word_1_146' title='bbox 1120 2944 1296 3037; x_wconf 89' lang='lat' dir='ltr'><strong>bonitate,</strong></span> <span class='ocrx_word' id='word_1_147' title='bbox 1321 2963 1429 3017; x_wconf 84' lang='lat' dir='ltr'><strong>senza</strong></span> <span class='ocrx_word' id='word_1_148' title='bbox 1454 2964 1588 3038; x_wconf 79' lang='lat' dir='ltr'><strong>mezzo,</strong></span> <span class='ocrx_word' id='word_1_149' title='bbox 1617 2943 1719 3038; x_wconf 90' lang='lat' dir='ltr'><strong>idest,</strong></span> <span class='ocrx_word' id='word_1_150' title='bbox 1738 2963 1880 3040; x_wconf 87' lang='lat' dir='ltr'><strong>organo</strong></span> 
     </span>
     <span class='ocr_line' id='line_1_19' title="bbox 703 3060 1881 3159; baseline 0.003 -23"><span class='ocrx_word' id='word_1_151' title='bbox 703 3062 798 3157; x_wconf 86' lang='lat' dir='ltr'><strong>coeli,</strong></span> <span class='ocrx_word' id='word_1_152' title='bbox 825 3060 846 3137; x_wconf 73' lang='lat' dir='ltr'><strong>e*</strong></span> <span class='ocrx_word' id='word_1_153' title='bbox 869 3069 951 3137; x_wconf 84' lang='lat' dir='ltr'><strong>tutto</strong></span> <span class='ocrx_word' id='word_1_154' title='bbox 976 3065 1098 3156; x_wconf 83' lang='lat' dir='ltr'><strong>libero,</strong></span> <span class='ocrx_word' id='word_1_155' title='bbox 1123 3064 1172 3138; x_wconf 92' lang='lat' dir='ltr'><strong>ab</strong></span> <span class='ocrx_word' id='word_1_156' title='bbox 1197 3064 1298 3138; x_wconf 93' lang='lat' dir='ltr'><strong>omni</strong></span> <span class='ocrx_word' id='word_1_157' title='bbox 1325 3064 1572 3159; x_wconf 86' lang='lat' dir='ltr'><strong>corruptione,</strong></span> <span class='ocrx_word' id='word_1_158' title='bbox 1598 3063 1645 3137; x_wconf 94' lang='lat' dir='ltr'><strong>ab</strong></span> <span class='ocrx_word' id='word_1_159' title='bbox 1671 3064 1772 3138; x_wconf 91' lang='lat' dir='ltr'><strong>omni</strong></span> <span class='ocrx_word' id='word_1_160' title='bbox 1794 3084 1881 3139; x_wconf 87' lang='lat' dir='ltr'><strong>coa·</strong></span> 
     </span>
     <span class='ocr_line' id='line_1_20' title="bbox 703 3179 1881 3277; baseline 0.001 -20"><span class='ocrx_word' id='word_1_161' title='bbox 703 3182 844 3277; x_wconf 84' lang='lat' dir='ltr'><strong>ctione3</strong></span> <span class='ocrx_word' id='word_1_162' title='bbox 871 3188 908 3258; x_wconf 89' lang='lat' dir='ltr'><strong>et</strong></span> <span class='ocrx_word' id='word_1_163' title='bbox 933 3203 1020 3257; x_wconf 89' lang='lat' dir='ltr'><strong>ecce</strong></span> <span class='ocrx_word' id='word_1_164' title='bbox 1046 3184 1248 3258; x_wconf 92' lang='lat' dir='ltr'><strong>rationem:</strong></span> <span class='ocrx_word' id='word_1_165' title='bbox 1271 3179 1401 3276; x_wconf 69' lang='lat' dir='ltr'><strong>perciti</strong></span> <span class='ocrx_word' id='word_1_166' title='bbox 1423 3204 1494 3257; x_wconf 84' lang='lat' dir='ltr'><strong>non</strong></span> <span class='ocrx_word' id='word_1_167' title='bbox 1519 3187 1683 3275; x_wconf 69' lang='lat' dir='ltr'><strong>segniore</strong></span> <span class='ocrx_word' id='word_1_168' title='bbox 1708 3185 1781 3257; x_wconf 86' lang='lat' dir='ltr'><strong>olla</strong></span> <span class='ocrx_word' id='word_1_169' title='bbox 1806 3186 1881 3258; x_wconf 80' lang='lat' dir='ltr'><strong>va&#39;r-</strong></span> 
     </span>
     <span class='ocr_line' id='line_1_21' title="bbox 703 3302 1882 3399; baseline 0.002 -22"><span class='ocrx_word' id='word_1_170' title='bbox 703 3305 795 3393; x_wconf 78' lang='lat' dir='ltr'><strong>tnde,</strong></span> <span class='ocrx_word' id='word_1_171' title='bbox 821 3302 958 3377; x_wconf 91' lang='lat' dir='ltr'><strong>scilicet</strong></span> <span class='ocrx_word' id='word_1_172' title='bbox 983 3303 1238 3397; x_wconf 79' lang='lat' dir='ltr'><strong>informativae,</strong></span> <span class='ocrx_word' id='word_1_173' title='bbox 1264 3306 1351 3377; x_wconf 85' lang='lat' dir='ltr'><strong>delle</strong></span> <span class='ocrx_word' id='word_1_174' title='bbox 1379 3325 1458 3377; x_wconf 86' lang='lat' dir='ltr'><strong>cose</strong></span> <span class='ocrx_word' id='word_1_175' title='bbox 1482 3324 1607 3398; x_wconf 78' lang='lat' dir='ltr'><strong>nuovo,</strong></span> <span class='ocrx_word' id='word_1_176' title='bbox 1636 3303 1773 3378; x_wconf 89' lang='lat' dir='ltr'><strong>scilicet</strong></span> <span class='ocrx_word' id='word_1_177' title='bbox 1803 3302 1882 3399; x_wconf 85' lang='lat' dir='ltr'><strong>pla·</strong></span> 
     </span>
    </p>
   </div>
   <div class='ocr_carea' id='block_1_3' title="bbox 565 3423 1881 3517">
    <p class='ocr_par' dir='ltr' id='par_1_3' title="bbox 565 3423 1881 3517">
     <span class='ocr_line' id='line_1_22' title="bbox 565 3423 1881 3517; baseline 0.002 -22"><span class='ocrx_word' id='word_1_178' title='bbox 565 3442 568 3448; x_wconf 68' lang='grc'>’</span> <span class='ocrx_word' id='word_1_179' title='bbox 703 3427 875 3497; x_wconf 86' lang='lat' dir='ltr'><strong>netarum</strong></span> <span class='ocrx_word' id='word_1_180' title='bbox 901 3430 940 3497; x_wconf 91' lang='lat' dir='ltr'><strong>et</strong></span> <span class='ocrx_word' id='word_1_181' title='bbox 964 3424 1166 3517; x_wconf 90' lang='lat' dir='ltr'><strong>stellarum,</strong></span> <span class='ocrx_word' id='word_1_182' title='bbox 1194 3442 1280 3517; x_wconf 83' lang='lat' dir='ltr'><strong>quae</strong></span> <span class='ocrx_word' id='word_1_183' title='bbox 1304 3423 1350 3499; x_wconf 92' lang='lat' dir='ltr'><strong>de</strong></span> <span class='ocrx_word' id='word_1_184' title='bbox 1376 3444 1472 3499; x_wconf 87' lang='lat' dir='ltr'><strong>novo</strong></span> <span class='ocrx_word' id='word_1_185' title='bbox 1498 3430 1634 3499; x_wconf 85' lang='lat' dir='ltr'><strong>creatae</strong></span> <span class='ocrx_word' id='word_1_186' title='bbox 1651 3429 1736 3496; x_wconf 89' lang='lat' dir='ltr'><strong>sunt</strong></span> <span class='ocrx_word' id='word_1_187' title='bbox 1753 3429 1790 3497; x_wconf 89' lang='lat' dir='ltr'><strong>el</strong></span> <span class='ocrx_word' id='word_1_188' title='bbox 1808 3443 1881 3498; x_wconf 91' lang='lat' dir='ltr'><strong>non</strong></span> 
     </span>
    </p>
   </div>
   <div class='ocr_carea' id='block_1_4' title="bbox 700 3541 1881 5084">
    <p class='ocr_par' dir='ltr' id='par_1_4' title="bbox 700 3541 1881 5084">
     <span class='ocr_line' id='line_1_23' title="bbox 703 3541 1881 3639; baseline 0 -24"><span class='ocrx_word' id='word_1_189' title='bbox 703 3548 789 3615; x_wconf 91' lang='lat' dir='ltr'><strong>sunt</strong></span> <span class='ocrx_word' id='word_1_190' title='bbox 815 3541 862 3615; x_wconf 93' lang='lat' dir='ltr'><strong>ab</strong></span> <span class='ocrx_word' id='word_1_191' title='bbox 888 3547 1037 3617; x_wconf 84' lang='lat' dir='ltr'><strong>aeterno.</strong></span> <span class='ocrx_word' id='word_1_192' title='bbox 1064 3543 1108 3616; x_wconf 87' lang='lat' dir='ltr'><strong>Et</strong></span> <span class='ocrx_word' id='word_1_193' title='bbox 1134 3542 1193 3617; x_wconf 92' lang='lat' dir='ltr'><strong>bic</strong></span> <span class='ocrx_word' id='word_1_194' title='bbox 1215 3548 1300 3617; x_wconf 85' lang='lat' dir='ltr'><strong>nota</strong></span> <span class='ocrx_word' id='word_1_195' title='bbox 1327 3542 1426 3637; x_wconf 85' lang='lat' dir='ltr'><strong>quod</strong></span> <span class='ocrx_word' id='word_1_196' title='bbox 1450 3563 1607 3639; x_wconf 87' lang='lat' dir='ltr'><strong>corpora</strong></span> <span class='ocrx_word' id='word_1_197' title='bbox 1633 3542 1796 3617; x_wconf 88' lang='lat' dir='ltr'><strong>coelestia</strong></span> <span class='ocrx_word' id='word_1_198' title='bbox 1826 3542 1881 3617; x_wconf 91' lang='lat' dir='ltr'><strong>in·</strong></span> 
     </span>
     <span class='ocr_line' id='line_1_24' title="bbox 703 3662 1880 3757; baseline 0.001 -20"><span class='ocrx_word' id='word_1_199' title='bbox 703 3663 823 3737; x_wconf 83' lang='lat' dir='ltr'><strong>fluunt</strong></span> <span class='ocrx_word' id='word_1_200' title='bbox 848 3662 883 3735; x_wconf 95' lang='lat' dir='ltr'><strong>in</strong></span> <span class='ocrx_word' id='word_1_201' title='bbox 911 3664 1100 3738; x_wconf 89' lang='lat' dir='ltr'><strong>terrestria</strong></span> <span class='ocrx_word' id='word_1_202' title='bbox 1132 3668 1169 3738; x_wconf 90' lang='lat' dir='ltr'><strong>et</strong></span> <span class='ocrx_word' id='word_1_203' title='bbox 1199 3664 1439 3740; x_wconf 89' lang='lat' dir='ltr'><strong>elementaria</strong></span> <span class='ocrx_word' id='word_1_204' title='bbox 1470 3671 1651 3757; x_wconf 86' lang='lat' dir='ltr'><strong>quantum</strong></span> <span class='ocrx_word' id='word_1_205' title='bbox 1681 3665 1728 3739; x_wconf 93' lang='lat' dir='ltr'><strong>ad</strong></span> <span class='ocrx_word' id='word_1_206' title='bbox 1753 3663 1880 3738; x_wconf 90' lang='lat' dir='ltr'><strong>distin-</strong></span> 
     </span>
     <span class='ocr_line' id='line_1_25' title="bbox 702 3783 1879 3881; baseline 0 -22"><span class='ocrx_word' id='word_1_207' title='bbox 702 3783 862 3859; x_wconf 89' lang='lat' dir='ltr'><strong>ctionem</strong></span> <span class='ocrx_word' id='word_1_208' title='bbox 897 3790 1109 3878; x_wconf 88' lang='lat' dir='ltr'><strong>temporum</strong></span> <span class='ocrx_word' id='word_1_209' title='bbox 1145 3790 1182 3857; x_wconf 91' lang='lat' dir='ltr'><strong>et</strong></span> <span class='ocrx_word' id='word_1_210' title='bbox 1220 3784 1499 3879; x_wconf 86' lang='lat' dir='ltr'><strong>productionem</strong></span> <span class='ocrx_word' id='word_1_211' title='bbox 1538 3784 1804 3881; x_wconf 84' lang='lat' dir='ltr'><strong>generabilium</strong></span> <span class='ocrx_word' id='word_1_212' title='bbox 1841 3792 1879 3859; x_wconf 89' lang='lat' dir='ltr'><strong>et</strong></span> 
     </span>
     <span class='ocr_line' id='line_1_26' title="bbox 702 3902 1879 3999; baseline -0.001 -21"><span class='ocrx_word' id='word_1_213' title='bbox 702 3903 1017 3999; x_wconf 65' lang='lat' dir='ltr'><strong>corruptibilium</strong></span> <span class='ocrx_word' id='word_1_214' title='bbox 1036 3925 1108 3979; x_wconf 93' lang='lat' dir='ltr'><strong>non</strong></span> <span class='ocrx_word' id='word_1_215' title='bbox 1129 3910 1254 3979; x_wconf 85' lang='lat' dir='ltr'><strong>tamen</strong></span> <span class='ocrx_word' id='word_1_216' title='bbox 1279 3904 1437 3977; x_wconf 89' lang='lat' dir='ltr'><strong>intluunt</strong></span> <span class='ocrx_word' id='word_1_217' title='bbox 1464 3924 1575 3999; x_wconf 88' lang='lat' dir='ltr'><strong>super</strong></span> <span class='ocrx_word' id='word_1_218' title='bbox 1600 3903 1758 3978; x_wconf 89' lang='lat' dir='ltr'><strong>liberum</strong></span> <span class='ocrx_word' id='word_1_219' title='bbox 1778 3902 1879 3977; x_wconf 91' lang='lat' dir='ltr'><strong>arbi-</strong></span> 
     </span>
     <span class='ocr_line' id='line_1_27' title="bbox 701 4022 1878 4119; baseline 0.001 -23"><span class='ocrx_word' id='word_1_220' title='bbox 701 4024 815 4098; x_wconf 90' lang='lat' dir='ltr'><strong>trium</strong></span> <span class='ocrx_word' id='word_1_221' title='bbox 842 4023 1002 4119; x_wconf 85' lang='lat' dir='ltr'><strong>pervim</strong></span> <span class='ocrx_word' id='word_1_222' title='bbox 1024 4023 1353 4118; x_wconf 90' lang='lat' dir='ltr'><strong>constellationum,</strong></span> <span class='ocrx_word' id='word_1_223' title='bbox 1376 4045 1488 4118; x_wconf 90' lang='lat' dir='ltr'><strong>quam</strong></span> <span class='ocrx_word' id='word_1_224' title='bbox 1508 4024 1657 4119; x_wconf 91' lang='lat' dir='ltr'><strong>quidam</strong></span> <span class='ocrx_word' id='word_1_225' title='bbox 1680 4022 1878 4118; x_wconf 84' lang='lat' dir='ltr'><strong>philosophi</strong></span> 
     </span>
     <span class='ocr_line' id='line_1_28' title="bbox 701 4143 1880 4239; baseline -0.002 -21"><span class='ocrx_word' id='word_1_226' title='bbox 701 4144 876 4219; x_wconf 84' lang='lat' dir='ltr'><strong>dixerunt</strong></span> <span class='ocrx_word' id='word_1_227' title='bbox 903 4144 1052 4238; x_wconf 87' lang='lat' dir='ltr'><strong>tactum,</strong></span> <span class='ocrx_word' id='word_1_228' title='bbox 1072 4164 1139 4218; x_wconf 90' lang='lat' dir='ltr'><strong>nec</strong></span> <span class='ocrx_word' id='word_1_229' title='bbox 1160 4151 1246 4217; x_wconf 92' lang='lat' dir='ltr'><strong>sunt</strong></span> <span class='ocrx_word' id='word_1_230' title='bbox 1264 4151 1364 4219; x_wconf 89' lang='lat' dir='ltr'><strong>certa</strong></span> <span class='ocrx_word' id='word_1_231' title='bbox 1385 4143 1490 4239; x_wconf 89' lang='lat' dir='ltr'><strong>signa</strong></span> <span class='ocrx_word' id='word_1_232' title='bbox 1506 4143 1720 4219; x_wconf 81' lang='lat' dir='ltr'><strong>futurorum</strong></span> <span class='ocrx_word' id='word_1_233' title='bbox 1739 4144 1880 4219; x_wconf 90' lang='lat' dir='ltr'><strong>contin-</strong></span> 
     </span>
     <span class='ocr_line' id='line_1_29' title="bbox 700 4262 1876 4369; baseline -0.003 -30"><span class='ocrx_word' id='word_1_234' title='bbox 700 4264 882 4361; x_wconf 90' lang='lat' dir='ltr'><strong>gentium,</strong></span> <span class='ocrx_word' id='word_1_235' title='bbox 898 4270 1027 4339; x_wconf 86' lang='lat' dir='ltr'><strong>contra</strong></span> <span class='ocrx_word' id='word_1_236' title='bbox 1041 4285 1125 4358; x_wconf 74' lang='lat' dir='ltr'><strong>quaa</strong></span> <span class='ocrx_word' id='word_1_237' title='bbox 1143 4264 1255 4337; x_wconf 91' lang='lat' dir='ltr'><strong>borno</strong></span> <span class='ocrx_word' id='word_1_238' title='bbox 1274 4270 1391 4369; x_wconf 78' lang='lat' dir='ltr'><strong>potest</strong></span> <span class='ocrx_word' id='word_1_239' title='bbox 1408 4284 1475 4358; x_wconf 92' lang='lat' dir='ltr'><strong>per</strong></span> <span class='ocrx_word' id='word_1_240' title='bbox 1492 4263 1650 4339; x_wconf 93' lang='lat' dir='ltr'><strong>liberum</strong></span> <span class='ocrx_word' id='word_1_241' title='bbox 1665 4262 1876 4338; x_wconf 89' lang='lat' dir='ltr'><strong>arbitrium:</strong></span> 
     </span>
     <span class='ocr_line' id='line_1_30' title="bbox 702 4382 1880 4482; baseline -0.003 -21"><span class='ocrx_word' id='word_1_242' title='bbox 702 4386 799 4461; x_wconf 91' lang='lat' dir='ltr'><strong>unde</strong></span> <span class='ocrx_word' id='word_1_243' title='bbox 825 4386 985 4482; x_wconf 89' lang='lat' dir='ltr'><strong>optimus</strong></span> <span class='ocrx_word' id='word_1_244' title='bbox 1010 4386 1219 4481; x_wconf 80' lang='lat' dir='ltr'><strong>astrologus</strong></span> <span class='ocrx_word' id='word_1_245' title='bbox 1236 4384 1265 4457; x_wconf 92' lang='lat' dir='ltr'><strong>si</strong></span> <span class='ocrx_word' id='word_1_246' title='bbox 1284 4384 1492 4479; x_wconf 83' lang='lat' dir='ltr'><strong>praeviderit</strong></span> <span class='ocrx_word' id='word_1_247' title='bbox 1512 4384 1573 4459; x_wconf 92' lang='lat' dir='ltr'><strong>illa</strong></span> <span class='ocrx_word' id='word_1_248' title='bbox 1590 4389 1708 4480; x_wconf 88' lang='lat' dir='ltr'><strong>potest</strong></span> <span class='ocrx_word' id='word_1_249' title='bbox 1728 4382 1880 4459; x_wconf 88' lang='lat' dir='ltr'><strong>obviare</strong></span> 
     </span>
     <span class='ocr_line' id='line_1_31' title="bbox 701 4500 1881 4603; baseline -0.004 -21"><span class='ocrx_word' id='word_1_250' title='bbox 701 4508 766 4601; x_wconf 92' lang='lat' dir='ltr'><strong>eis,</strong></span> <span class='ocrx_word' id='word_1_251' title='bbox 793 4512 834 4581; x_wconf 90' lang='lat' dir='ltr'><strong>ut</strong></span> <span class='ocrx_word' id='word_1_252' title='bbox 858 4506 943 4582; x_wconf 91' lang='lat' dir='ltr'><strong>dicit</strong></span> <span class='ocrx_word' id='word_1_253' title='bbox 968 4505 1070 4603; x_wconf 84' lang='lat' dir='ltr'><strong>llaly.</strong></span> <span class='ocrx_word' id='word_1_254' title='bbox 1085 4546 1135 4559; x_wconf 97' lang='lat'><em>-</em></span> <span class='ocrx_word' id='word_1_255' title='bbox 1149 4500 1224 4579; x_wconf 77' lang='lat' dir='ltr'><strong>Piri.</strong></span> <span class='ocrx_word' id='word_1_256' title='bbox 1244 4504 1309 4579; x_wconf 91' lang='lat' dir='ltr'><strong>llic</strong></span> <span class='ocrx_word' id='word_1_257' title='bbox 1332 4504 1480 4579; x_wconf 86' lang='lat' dir='ltr'><strong>Beatrix</strong></span> <span class='ocrx_word' id='word_1_258' title='bbox 1506 4503 1649 4579; x_wconf 88' lang='lat' dir='ltr'><strong>reducit</strong></span> <span class='ocrx_word' id='word_1_259' title='bbox 1673 4500 1720 4577; x_wconf 90' lang='lat' dir='ltr'><strong>ad</strong></span> <span class='ocrx_word' id='word_1_260' title='bbox 1745 4523 1881 4598; x_wconf 90' lang='lat' dir='ltr'><strong>propo-</strong></span> 
     </span>
     <span class='ocr_line' id='line_1_32' title="bbox 701 4624 1880 4722; baseline -0.004 -20"><span class='ocrx_word' id='word_1_261' title='bbox 701 4628 812 4702; x_wconf 90' lang='lat' dir='ltr'><strong>situm</strong></span> <span class='ocrx_word' id='word_1_262' title='bbox 839 4628 874 4702; x_wconf 92' lang='lat' dir='ltr'><strong>id</strong></span> <span class='ocrx_word' id='word_1_263' title='bbox 900 4628 998 4722; x_wconf 89' lang='lat' dir='ltr'><strong>quod</strong></span> <span class='ocrx_word' id='word_1_264' title='bbox 1025 4626 1114 4701; x_wconf 87' lang='lat' dir='ltr'><strong>dirit</strong></span> <span class='ocrx_word' id='word_1_265' title='bbox 1139 4627 1187 4701; x_wconf 92' lang='lat' dir='ltr'><strong>de</strong></span> <span class='ocrx_word' id='word_1_266' title='bbox 1220 4625 1388 4699; x_wconf 85' lang='lat' dir='ltr'><strong>rationali</strong></span> <span class='ocrx_word' id='word_1_267' title='bbox 1420 4632 1604 4721; x_wconf 90' lang='lat' dir='ltr'><strong>creatura,</strong></span> <span class='ocrx_word' id='word_1_268' title='bbox 1636 4629 1678 4697; x_wconf 91' lang='lat' dir='ltr'><strong>ut</strong></span> <span class='ocrx_word' id='word_1_269' title='bbox 1712 4644 1779 4720; x_wconf 87' lang='lat' dir='ltr'><strong>per</strong></span> <span class='ocrx_word' id='word_1_270' title='bbox 1811 4624 1880 4698; x_wconf 94' lang='lat' dir='ltr'><strong>boc</strong></span> 
     </span>
     <span class='ocr_line' id='line_1_33' title="bbox 701 4743 1881 4843; baseline -0.005 -20"><span class='ocrx_word' id='word_1_271' title='bbox 701 4747 868 4824; x_wconf 87' lang='lat' dir='ltr'><strong>ostendat</strong></span> <span class='ocrx_word' id='word_1_272' title='bbox 894 4749 993 4843; x_wconf 89' lang='lat' dir='ltr'><strong>quod</strong></span> <span class='ocrx_word' id='word_1_273' title='bbox 1020 4750 1131 4823; x_wconf 92' lang='lat' dir='ltr'><strong>bomo</strong></span> <span class='ocrx_word' id='word_1_274' title='bbox 1158 4746 1320 4821; x_wconf 86' lang='lat' dir='ltr'><strong>manime</strong></span> <span class='ocrx_word' id='word_1_275' title='bbox 1345 4746 1483 4842; x_wconf 89' lang='lat' dir='ltr'><strong>gaudet</strong></span> <span class='ocrx_word' id='word_1_276' title='bbox 1511 4745 1570 4819; x_wconf 92' lang='lat' dir='ltr'><strong>tali</strong></span> <span class='ocrx_word' id='word_1_277' title='bbox 1597 4744 1798 4840; x_wconf 86' lang='lat' dir='ltr'><strong>privilegio,</strong></span> <span class='ocrx_word' id='word_1_278' title='bbox 1824 4743 1881 4817; x_wconf 88' lang='lat' dir='ltr'><strong>di·</strong></span> 
     </span>
     <span class='ocr_line' id='line_1_34' title="bbox 701 4864 1878 4963; baseline -0.007 -19"><span class='ocrx_word' id='word_1_279' title='bbox 701 4889 808 4944; x_wconf 89' lang='lat' dir='ltr'><strong>cens:</strong></span> <span class='ocrx_word' id='word_1_280' title='bbox 832 4864 893 4962; x_wconf 76' lang='lat' dir='ltr'><strong>pici</strong></span> <span class='ocrx_word' id='word_1_281' title='bbox 917 4872 968 4962; x_wconf 73' lang='lat' dir='ltr'><strong>ylt</strong></span> <span class='ocrx_word' id='word_1_282' title='bbox 991 4864 1014 4944; x_wconf 66' lang='lat' dir='ltr'><strong>e*</strong></span> <span class='ocrx_word' id='word_1_283' title='bbox 1035 4872 1227 4963; x_wconf 79' lang='lat' dir='ltr'><strong>conforme,</strong></span> <span class='ocrx_word' id='word_1_284' title='bbox 1256 4866 1359 4960; x_wconf 90' lang='lat' dir='ltr'><strong>idest,</strong></span> <span class='ocrx_word' id='word_1_285' title='bbox 1385 4885 1497 4940; x_wconf 92' lang='lat' dir='ltr'><strong>omne</strong></span> <span class='ocrx_word' id='word_1_286' title='bbox 1522 4864 1595 4939; x_wconf 89' lang='lat' dir='ltr'><strong>tale</strong></span> <span class='ocrx_word' id='word_1_287' title='bbox 1620 4882 1685 4939; x_wconf 89' lang='lat' dir='ltr'><strong>ens</strong></span> <span class='ocrx_word' id='word_1_288' title='bbox 1710 4868 1878 4938; x_wconf 91' lang='lat' dir='ltr'><strong>creatum</strong></span> 
     </span>
     <span class='ocr_line' id='line_1_35' title="bbox 701 4985 1876 5084; baseline -0.004 -21"><span class='ocrx_word' id='word_1_289' title='bbox 701 5010 725 5063; x_wconf 86' lang='lat' dir='ltr'><strong>a</strong></span> <span class='ocrx_word' id='word_1_290' title='bbox 750 4990 827 5064; x_wconf 88' lang='lat' dir='ltr'><strong>Deo</strong></span> <span class='ocrx_word' id='word_1_291' title='bbox 853 4988 1065 5065; x_wconf 88' lang='lat' dir='ltr'><strong>immediate</strong></span> <span class='ocrx_word' id='word_1_292' title='bbox 1086 4989 1203 5084; x_wconf 86' lang='lat' dir='ltr'><strong>magis</strong></span> <span class='ocrx_word' id='word_1_293' title='bbox 1223 4985 1478 5062; x_wconf 76' lang='lat' dir='ltr'><strong>conformatur</strong></span> <span class='ocrx_word' id='word_1_294' title='bbox 1503 4985 1582 5081; x_wconf 92' lang='lat' dir='ltr'><strong>sibi,</strong></span> <span class='ocrx_word' id='word_1_295' title='bbox 1604 5004 1716 5079; x_wconf 92' lang='lat' dir='ltr'><strong>quam</strong></span> <span class='ocrx_word' id='word_1_296' title='bbox 1743 4990 1876 5058; x_wconf 81' lang='lat' dir='ltr'><strong>caetera</strong></span> 
     </span>
    </p>
   </div>
   <div class='ocr_carea' id='block_1_5' title="bbox 0 0 2292 6837">
    <p class='ocr_par' dir='ltr' id='par_1_5' title="bbox 0 0 2292 6837">
     <span class='ocr_line' id='line_1_36' title="bbox 0 0 2292 6837; baseline 0 0"><span class='ocrx_word' id='word_1_297' title='bbox 0 0 2292 6837; x_wconf 95' lang='lat' dir='ltr'><strong> </strong></span> 
     </span>
    </p>
   </div>
  </div>
 </body>
</html>
