4575 6842
741 961 812 1029 238
1099 972 1303 1028 coumruu
1327 962 1547 1027 runorronu

738 1116 933 1193 Christum.
961 1119 1004 1191 Et
1028 1117 1150 1192 subdit
1175 1117 1263 1211 quid
1288 1116 1419 1191 viderit
1438 1116 1477 1190 in
1493 1115 1563 1189 iiiis
1587 1115 1703 1191 oeulis
1722 1134 1789 1211 per
1805 1114 1911 1191 nobi·

738 1238 811 1313 lem
829 1238 1156 1335 comparationem,
1174 1237 1318 1312 dicens:
1336 1240 1374 1310 lo
1393 1238 1525 1330 doppio
1538 1238 1643 1330 floro,
1661 1235 1807 1328 seilicet,
1823 1256 1911 1331 gry-

738 1358 844 1453 phus,
862 1358 925 1453 qui
942 1367 997 1434 est
1017 1358 1140 1452 aquila
1166 1364 1205 1433 et
1227 1357 1298 1451 ieo,
1318 1357 1419 1451 idest,
1437 1357 1537 1432 Deus
1562 1363 1600 1431 et
1625 1357 1747 1449 bomo,
1768 1358 1804 1428 oi
1821 1376 1911 1447 ruy-

738 1482 863 1571 9tooo,
899 1500 963 1576 per
996 1479 1251 1572 reflexionem,
1285 1482 1428 1571 daubo,
1466 1477 1616 1572 scilicet,
1651 1476 1748 1550 intra
1784 1476 1911 1551 ocutos

739 1598 923 1692 Beatricis,
958 1598 1038 1671 oon
1064 1601 1263 1691 attributati,
1291 1597 1394 1692 idest,
1421 1597 1598 1690 similiter,
1624 1617 1721 1670 come
1743 1600 1771 1670 u
1792 1599 1852 1669 sol
1873 1600 1910 1669 in

739 1723 906 1813 speculato,
932 1718 1069 1815 supple,
1093 1718 1227 1813 radiat3
1254 1724 1291 1793 et
1322 1724 1378 1792 est
1405 1717 1655 1813 propriissime
1684 1716 1910 1813 comparatio

740 1840 786 1914 de
802 1833 838 1932 (¹)
865 1839 941 1913 soie
965 1838 1011 1911 ad
1037 1837 1234 1930 Christum,
1252 1837 1316 1932 qui
1340 1845 1396 1913 est
1421 1837 1474 1912 sol
1495 1838 1658 1934 jastitiae,
1675 1845 1714 1912 et
1730 1837 1777 1913 de
1795 1835 1910 1911 oculis

740 1958 912 2034 Beatrieis
937 1958 982 2031 ad
1008 1957 1212 2053 specuium,
1239 1957 1326 2051 quia
1351 1957 1482 2032 ocuius
1510 1963 1567 2031 est
1596 1956 1643 2033 de
1668 1965 1801 2032 natura
1826 1976 1910 2053 spe·

739 2079 823 2153 cuii.
850 2079 894 2152 Et
918 2077 1022 2153 dicit:
1049 2098 1093 2151 or
1118 2099 1185 2151 con
1209 2081 1282 2169 ani,
1303 2099 1348 2151 or
1366 2098 1433 2151 coa
1456 2080 1543 2151 arm
1565 2081 1782 2169 reanimati,
1806 2076 1910 2171 idest,

738 2200 848 2273 variis
869 2206 906 2275 et
922 2199 1073 2274 diversis
1090 2198 1425 2293 comparationibus
1435 2189 1485 2292 (²),
1505 2198 1591 2292 quia
1608 2219 1707 2273 nunc
1727 2198 1909 2293 humanis,

737 2341 836 2393 nunc
861 2319 1001 2413 divinis,
1027 2319 1087 2395 vel
1118 2340 1216 2394 nunc
1247 2320 1447 2415 iiteraiiter,
1473 2320 1532 2394 vei
1565 2340 1663 2394 nunc
1695 2319 1910 2416 figuraliter,

736 2439 836 2534 quod
862 2439 1054 2514 videbatur
1087 2440 1256 2515 mirabile
1288 2440 1405 2514 oculis
1434 2440 1529 2533 suis;
1561 2439 1644 2514 ideo
1674 2440 1909 2536 apostropbat

737 2559 894 2635 invitans
919 2558 1126 2633 auditorem
1153 2560 1200 2633 ad
1224 2558 1551 2635 considerationem
1578 2558 1631 2635 rei
1652 2560 1837 2654 mirabilis,
1855 2558 1909 2635 di·

739 2700 843 2756 oens:
863 2700 885 2752 o
902 2682 1015 2773 letbr,
1032 2700 1143 2772 ponsa
1159 2683 1233 2753 s'io
1246 2683 1295 2753 mi
1310 2684 1548 2775 traoootiooo,
1563 2680 1602 2755 in
1620 2687 1754 2775 mente,
1768 2683 1909 2773 quando

739 2802 846 2873 vedeo
872 2804 908 2874 tb
932 2822 1029 2892 cosa,
1046 2800 1193 2894 scilieet,
1211 2801 1453 2896 gryphonem,
1470 2808 1547 2873 stor
1565 2809 1666 2893 quero
1692 2804 1729 2875 ia
1753 2822 1802 2894 se,
1823 2801 1909 2894 quia

740 2940 813 2993 non
839 2921 1063 3014 mutabatur,
1097 2923 1172 2993 esi
1199 2928 1443 2995 transmeabo
1472 2923 1656 2994 nelt’tdoto
1687 2942 1764 3011 suo,
1797 2942 1909 3016 appa·

740 3049 844 3115 rente
869 3041 906 3115 in
931 3042 1046 3116 oculis
1071 3041 1265 3116 Beatricis:
1287 3047 1342 3115 est
1367 3042 1464 3116 enim
1492 3042 1628 3115 idolum
1654 3042 1774 3116 forma
1799 3062 1909 3136 appa·

739 3181 825 3236 rens
851 3161 886 3234 in
907 3182 1003 3255 aqua
1023 3163 1082 3236 vel
1099 3162 1247 3257 speculo
1264 3183 1311 3237 en
1330 3162 1628 3237 reverberatione
1644 3162 1682 3235 in
1702 3161 1908 3256 obiectum3

739 3301 824 3354 nam
852 3281 940 3377 ydos
965 3302 1098 3377 graece,
1117 3282 1227 3356 latine
1247 3282 1386 3356 forma:
1409 3282 1519 3357 fiebat
1537 3282 1635 3356 enim
1653 3282 1910 3357 transmutatio

739 3398 777 3473 in
801 3400 961 3495 speculo,
989 3400 1075 3495 quia
1098 3401 1265 3475 videmus
1291 3400 1328 3475 in
1353 3423 1458 3476 sacra
1483 3402 1665 3497 scriptura
1690 3403 1787 3495 quod
1805 3402 1910 3476 Chri·

738 3526 816 3593 stus
841 3521 1038 3615 aliquando
1065 3520 1223 3596 babebat
1246 3528 1352 3596 actus
1376 3516 1568 3615 humanos,
1586 3522 1735 3615 seilicet,
1752 3543 1836 3598 eum
1855 3523 1909 3597 ia·

739 3641 876 3734 mebat,
896 3641 1055 3735 sitiebat3
1074 3642 1269 3736 aliquando
1294 3641 1445 3736 divinos,
1466 3640 1562 3716 sicut
1578 3663 1663 3718 eum
1682 3642 1909 3738 pavitouin·

739 3780 813 3853 que
834 3760 944 3835 miliia
962 3758 1154 3835 bominum
1170 3751 1207 3853 (³)
1225 3768 1293 3836 ete.
1307 3802 1357 3816 -
1370 3766 1514 3836 Moatra.
1533 3762 1598 3836 Hic
1613 3770 1722 3858 poeta
1741 3761 1910 3837 describit

740 3880 1035 3955 intercessionem
1061 3882 1218 3956 aliarum
1253 3882 1364 3956 trium
1396 3882 1582 3979 virginum
1616 3884 1662 3956 ad
1693 3883 1908 3975 Beatrioem,

740 4007 781 4075 ut
798 3998 964 4075 ostendat
981 4022 1020 4075 se
1038 4001 1180 4097 plenius
1203 4001 1323 4077 amico
1349 4023 1440 4097 sue,
1468 4009 1504 4077 et
1529 4003 1649 4097 primo
1673 4010 1826 4099 apparat
1848 4022 1910 4076 eas
2010 4016 2016 4025 ·

739 4120 785 4197 ad
811 4122 993 4197 orandum
1019 4119 1214 4197 ostendens
1238 4144 1369 4197 earum
1396 4122 1662 4198 excellentiam.
1680 4122 1774 4197 Dicit
1798 4142 1908 4219 ergo:

739 4246 776 4315 L’
789 4244 879 4316 altre
902 4252 968 4335 tre,
1002 4242 1148 4337 seilicet,
1178 4242 1348 4337 dominae,
1374 4246 1648 4318 dimostraadosi
1679 4246 1717 4317 oi
1744 4239 1808 4336 piri
1838 4246 1909 4317 olto

738 4362 840 4457 tribu,
875 4363 960 4457 quia
994 4362 1212 4438 videbantur
1248 4363 1295 4439 de
1327 4363 1493 4439 nobiliori
1526 4385 1676 4460 genere,
1709 4364 1795 4459 quia
1829 4364 1910 4439 aiiae

739 4489 825 4556 sunt
850 4483 1034 4577 bumanae,
1060 4482 1138 4557 istae
1163 4504 1254 4559 vero
1279 4481 1422 4579 divinae,
1447 4486 1541 4575 aeoli
1563 4488 1639 4575 otti,
1657 4490 1838 4577 quantum
1864 4483 1910 4558 ad

739 4602 970 4697 operationes
995 4624 1145 4697 earum3
1172 4610 1311 4698 quanto
1341 4603 1438 4678 enim
1472 4604 1588 4677 tribus
1613 4604 1727 4697 Judae,
1759 4604 1806 4679 de
1835 4624 1909 4699 qua

740 4720 808 4795 init
830 4720 945 4797 David
971 4704 1007 4799 et
1032 4723 1079 4798 de
1103 4744 1179 4817 qua
1204 4722 1387 4799 descendit
1403 4723 1579 4817 Christus,
1597 4722 1664 4797 fuit
1683 4723 1791 4797 altior
1816 4723 1905 4817 aliis,

698 4830 701 4839 ⁴
739 4846 840 4914 tanto
866 4840 944 4915 istae
969 4847 1043 4917 tres
1068 4850 1154 4916 sunt
1177 4841 1325 4917 altiores
1351 4842 1418 4916 iliis
1435 4851 1616 4936 quatuor,
1633 4846 1665 4915 si
1677 4848 1757 4937 sero
1774 4846 1907 4935 avant,

801 5024 829 5085 (¹)
845 5022 876 5073 li.
892 5022 992 5074 seilicet
1008 5024 1040 5075 da
1055 5024 1119 5077 sole.
1412 5024 1441 5090 (¹)
1456 5028 1518 5078 Ε.ε
1536 5031 1590 5088 tir,
1605 5028 1804 5091 omnuonibus

803 5100 830 5163 (¹)
846 5100 877 5151 Ε.
894 5098 1030 5151 bominum
1045 5114 1078 5152 ex
1093 5102 1194 5153 numm
1203 5100 1317 5166 bissibus
1327 5106 1355 5153 et
1364 5103 1477 5168 quinque
1493 5104 1609 5167 panibus,
1617 5109 1645 5154 ot
1655 5104 1792 5154 similin-
1800 5104 1907 5157 Mmm.
