4575 6842
719 970 789 1035 alo
1008 1036 1012 1043 ,
1082 974 1287 1036 conducunt
1310 974 1530 1031 runouronu

717 1124 857 1207 dicant:
889 1143 935 1197 ex
963 1120 1082 1219 gratia
1112 1119 1257 1215 speciali
1288 1118 1537 1214 supplicamus
1562 1117 1637 1213 tibi,
1664 1118 1751 1212 quia
1777 1119 1887 1193 etiam

718 1245 878 1319 multum
898 1263 965 1317 uos
981 1240 1104 1335 coluit,
1125 1243 1186 1313 elic
1202 1242 1341 1334 diseede,
1362 1240 1464 1333 idest,
1486 1239 1645 1336 detegas,
1665 1242 1701 1313 le
1722 1242 1810 1313 nnn
1826 1245 1886 1311 deu

716 1387 741 1439 u
766 1368 834 1459 lni;
859 1364 953 1439 sicut
978 1362 1076 1437 enim
1103 1361 1219 1456 patuit
1245 1382 1357 1455 supra
1382 1359 1529 1435 Beatrir
1555 1366 1636 1435 erat
1660 1360 1780 1435 velata
1806 1359 1889 1434 velo

716 1486 800 1561 albo
825 1505 938 1580 snpra
964 1483 1121 1575 vultum,
1140 1488 1178 1557 et
1202 1481 1319 1557 cincta
1345 1500 1480 1556 corona
1507 1481 1613 1554 olivae
1636 1479 1733 1556 circa
1758 1485 1888 1574 caput3

716 1606 801 1682 ideo
823 1609 955 1701 rogant
979 1622 1061 1677 eam
1090 1601 1190 1696 tides,
1209 1622 1293 1696 spes
1317 1608 1356 1677 et
1380 1600 1524 1693 caritas,
1543 1606 1585 1673 ut
1600 1600 1747 1696 detegat
1764 1600 1882 1673 visum

717 1748 841 1819 snum,
868 1726 917 1799 ita
943 1729 984 1796 ut
1014 1722 1119 1796 Danti
1145 1727 1271 1817 pateat
1295 1720 1483 1816 plenitudo
1512 1726 1550 1795 et
1586 1719 1757 1815 splendor
1781 1719 1884 1794 faciei

717 1870 806 1941 suae,
819 1846 921 1939 illest,
935 1843 1161 1939 profunditas
1177 1862 1292 1916 sacrae
1312 1841 1515 1936 scripturae.
1533 1840 1636 1916 Unde
1657 1839 1764 1915 dicit:
1781 1832 1812 1913 si
1827 1842 1888 1912 clte

717 1972 890 2057 decenn,
904 1965 1006 2060 idest,
1021 1964 1230 2039 discernere
1246 1962 1371 2057 possit,
1381 1964 1417 2035 le
1433 1963 1585 2035 seconde
1601 1962 1756 2034 bettezzn
1772 1962 1831 2032 cte
1848 1966 1884 2033 tu

715 2094 796 2179 cele,
813 2087 903 2161 idest
922 2086 1012 2182 tegis
1033 2083 1102 2158 sub
1120 2085 1212 2157 velo.
1232 2084 1276 2155 Et
1298 2083 1355 2157 tric
1374 2088 1459 2157 nota
1477 2082 1577 2175 quod
1602 2080 1748 2155 Beatrix
1775 2080 1886 2154 habet

715 2207 897 2303 duplicem
925 2204 1225 2299 pulcritudinem3
1260 2223 1346 2275 nam
1380 2202 1500 2296 primo
1537 2207 1669 2275 tractat
1698 2199 1745 2273 de
1775 2199 1888 2273 rebus

715 2325 900 2418 humanis,
922 2324 1056 2399 scilicet
1076 2321 1234 2397 devitiis
1253 2327 1292 2396 et
1311 2320 1518 2414 virtutibus,
1537 2326 1575 2395 et
1599 2320 1706 2394 istam
1728 2318 1887 2414 primam

716 2444 1002 2545 pulcritudinem
1023 2444 1101 2539 jam
1129 2442 1218 2517 vidit
1241 2448 1349 2537 poeta
1374 2440 1613 2516 describendo
1638 2440 1822 2515 infernum
1849 2446 1887 2515 et

717 2566 997 2664 purgatorium:
1027 2564 1189 2639 secundo
1224 2568 1356 2637 tractat
1389 2561 1436 2638 de
1472 2561 1601 2635 divinis
1633 2542 1671 2636 et
1704 2539 1886 2635 altissimis

717 2689 812 2765 sicut
828 2688 874 2762 de
889 2687 966 2760 lieo
984 2685 1188 2781 clangens,
1206 2690 1244 2759 et
1264 2684 1370 2757 istam
1383 2682 1667 2777 pulcritudinem
1685 2681 1885 2755 secundam

716 2809 837 2883 statim
864 2806 1020 2882 ostendit
1046 2806 1104 2879 hic
1128 2804 1275 2879 Beatrix
1300 2804 1338 2876 in
1363 2803 1526 2896 contuso,
1545 2822 1658 2896 quam
1675 2803 1786 2898 paulo
1803 2809 1886 2897 post

715 2928 851 3004 videbit
875 2926 1079 3022 specialiter
1096 2932 1133 3001 et
1149 2924 1330 3022 gradatim
1350 2943 1496 3018 semper
1515 2930 1741 2999 crescentem
1763 2923 1801 2997 in
1820 2944 1886 3018 pa-

716 3049 847 3124 radiso.
861 3052 957 3121 -0
981 3048 1159 3138 splendor.
1185 3045 1250 3119 Hic
1275 3043 1406 3118 ultimo
1431 3050 1538 3140 poeta
1555 3043 1711 3118 ostendit
1728 3044 1886 3137 qualiter

715 3167 863 3243 Beatrix
888 3173 987 3240 mota
1014 3164 1183 3260 precibus
1210 3165 1354 3238 illarum
1381 3164 1616 3238 dominarum
1642 3164 1799 3239 ostendit
1818 3162 1884 3237 sibi

714 3286 996 3384 pulcritudinem
1024 3285 1222 3359 secundam
1249 3283 1324 3359 oris
1349 3284 1418 3377 sui,
1436 3282 1571 3358 scilicet
1587 3284 1830 3359 divinitatem:
1848 3290 1885 3357 et

715 3408 841 3483 volens
865 3406 1059 3480 ostendere
1085 3404 1340 3479 excellentiam
1358 3403 1459 3478 istius
1474 3396 1511 3495 (⁴)
1531 3403 1780 3498 pulcritudinis
1801 3403 1886 3477 lacit

714 3527 882 3623 pulcram
908 3524 1212 3600 exclamationem
1239 3544 1325 3597 cum
1352 3522 1595 3599 admiratione
1625 3523 1672 3597 ad
1703 3542 1884 3598 excusan-

714 3648 803 3722 dum
830 3667 870 3721 se
896 3645 926 3720 si
943 3666 1015 3719 non
1033 3644 1116 3719 lacit
1135 3644 1193 3718 hic
1208 3642 1489 3737 descriptionem
1506 3641 1617 3716 huius
1634 3642 1884 3737 pulcritudinis

714 3767 948 3845 admirande.
980 3766 1025 3839 Et
1060 3764 1145 3839 dicit
1175 3763 1437 3839 sententialiter
1457 3755 1506 3857 (²),
1537 3763 1636 3858 quod
1668 3763 1790 3837 nullus
1809 3762 1886 3868 ‘luit

716 3908 881 3982 unquam
901 3892 975 3959 tam
989 3886 1172 3960 studiosus
1185 3890 1293 3979 poeta
1310 3890 1347 3959 et
1364 3889 1507 3977 acutus,
1525 3882 1589 3977 qui
1607 3904 1680 3957 non
1698 3882 1884 3957 videretur

715 4006 816 4081 rudis
841 4012 878 4081 et
895 4006 1045 4101 ignarus
1062 4005 1092 4080 si
1109 4009 1353 4100 presumeret
1369 4002 1578 4077 describere
1599 4001 1882 4097 pulcritudinem

715 4146 828 4221 quam
850 4146 948 4199 nunc
974 4125 1110 4199 meruit
1127 4124 1262 4198 videre.
1282 4123 1373 4197 Dicit
1390 4143 1498 4219 ergo:
1522 4126 1553 4197 0
1568 4126 1736 4217 splendor
1751 4126 1789 4196 dt
1804 4126 1884 4196 eice

715 4248 788 4320 lnce
803 4252 937 4337 cerne,
949 4245 1089 4339 idest‚o
1109 4243 1268 4337 Beatrix,
1282 4264 1366 4337 quae
1385 4262 1425 4317 es
1444 4242 1594 4335 quidam
1612 4244 1737 4318 radius
1752 4242 1883 4317 divinae

714 4367 817 4463 lucis²
843 4388 917 4461 qna
944 4371 1019 4441 tnta
1045 4365 1113 4439 ista
1138 4362 1265 4438 militia
1291 4363 1489 4438 irradiatur
1502 4354 1552 4457 (³),
1582 4366 1649 4456 cti,
1674 4364 1776 4457 idest,
1802 4364 1884 4457 quis

715 4502 880 4583 uuquam
899 4492 1005 4582 poeta
1024 4506 1191 4581 magum,
1204 4486 1236 4557 si
1248 4486 1322 4578 fece
1337 4474 1527 4575 sipeltido,
1540 4503 1618 4578 prae
1635 4482 1747 4556 nimio
1763 4482 1884 4557 studio

715 4609 814 4703 quod
839 4608 1002 4683 manime
1027 4611 1191 4681 macerat
1215 4625 1349 4701 corpus
1374 4610 1580 4700 poetarum,
1603 4609 1644 4676 ut
1664 4609 1763 4698 patet
1786 4602 1884 4698 apud

714 4728 881 4804 Persium
908 4733 946 4802 et
973 4728 1110 4802 multos
1125 4714 1177 4820 (⁴),
1201 4732 1289 4799 sotto
1314 4726 1476 4799 tonna
1492 4728 1530 4798 di
1545 4730 1723 4815 Parnaso,
1744 4723 1806 4817 qui
1830 4729 1885 4796 est

714 4868 820 4923 mons
844 4852 1050 4942 poetarum,
1077 4845 1140 4920 ubi
1166 4844 1437 4920 coronabantur
1461 4854 1590 4938 poetae,
1614 4846 1756 4917 oleove
1769 4838 1830 4935 piel
1846 4844 1884 4915 tn

777 5036 804 5097 (¹)
821 5040 875 5096 ¹¹7,
892 5036 979 5099 ipsius.
1292 5029 1319 5093 (¹)
1336 5035 1390 5091 117,
1408 5032 1529 5083 breviter.

779 5111 805 5176 (¹)
822 5116 876 5175 lli,
893 5112 1046 5164 illustratur.
1292 5110 1319 5173 (¹)
1336 5113 1390 5172 117,
1406 5109 1505 5161 multos
1520 5109 1592 5160 alios.
