4575 6842
719 963 789 1030 12l
1052 973 1259 1028 compununt
1284 973 1503 1028 runosronn

716 1119 811 1193 bello
832 1117 1001 1213 judaico:
1028 1119 1233 1214 Pentapolis
1257 1118 1344 1192 olim
1371 1126 1446 1192 tam
1470 1117 1648 1193 lructibus
1669 1140 1783 1213 quam
1800 1119 1889 1193 sub-

715 1237 846 1313 stantia
871 1239 1060 1314 civitatum
1087 1240 1284 1334 lortunata,
1302 1259 1401 1314 nunc
1421 1245 1498 1313 tota
1520 1246 1650 1314 exusta
1677 1239 1890 1314 fulminibus

715 1359 847 1435 arsisse
872 1366 1113 1435 memoratur.
1131 1361 1259 1435 lldbuc
1285 1360 1321 1434 in
1348 1381 1393 1436 ea
1414 1361 1500 1435 licet
1515 1359 1641 1435 videre
1660 1360 1832 1456 reliquias
1848 1353 1885 1453 (¹)

716 1480 810 1577 ignis
834 1486 872 1554 et
895 1487 1082 1555 terrarum
1108 1481 1285 1577 imagines
1316 1486 1352 1556 et
1383 1487 1616 1554 renascentes
1641 1481 1678 1554 in
1705 1481 1889 1556 cineribus

716 1599 870 1694 fructus
897 1600 959 1695 qui
985 1601 1108 1676 colore
1133 1601 1281 1694 quidem
1308 1605 1394 1674 sunt
1419 1601 1616 1674 virentium
1636 1601 1783 1695 similes,
1805 1621 1889 1676 car-

716 1722 881 1815 pentium
914 1741 1004 1796 vero
1034 1721 1205 1795 manibus
1242 1721 1279 1795 in
1314 1721 1459 1795 lumum
1493 1721 1742 1796 dissolvuntur
1767 1729 1805 1796 et
1836 1721 1888 1795 ci-

609 1862 611 1866 ’
716 1862 834 1917 neres.
862 1842 960 1917 Idem
984 1842 1072 1916 dicit
1100 1841 1336 1938 Augustinus.
1366 1843 1410 1916 Et
1443 1841 1542 1936 quod
1573 1863 1646 1916 non
1676 1843 1797 1915 minus
1819 1843 1889 1915 mi-

716 1963 874 2038 randum
901 1962 1045 2036 videtur
1062 1962 1148 2036 dicit
1167 1963 1423 2058 Hieronymus,
1447 1962 1546 2056 quod
1565 1969 1761 2057 nocteque
1780 1967 1887 2036 natus

716 2091 771 2159 est
796 2083 958 2157 Christus
982 2083 1172 2157 sodomitae
1198 2083 1345 2158 extincti
1372 2091 1470 2177 sunt,
1489 2103 1535 2157 ne
1549 2075 1587 2175 (²)
1610 2083 1773 2158 Christus
1799 2105 1886 2158 cum
1996 2123 1998 2128 ·

715 2205 814 2278 venit
839 2204 877 2277 in
903 2204 1023 2278 lucem
1049 2203 1230 2278 inveniret
1255 2209 1426 2278 naturam
1452 2207 1651 2279 humanam
1675 2209 1750 2278 tarn
1768 2207 1887 2299 pollu-

715 2329 803 2398 tam.
830 2325 874 2397 Et
899 2324 1002 2398 dicit:
1032 2347 1051 2398 c
1083 2327 1228 2417 Falco,
1261 2325 1407 2418 scilicet,
1433 2344 1525 2420 gens
1558 2325 1675 2418 prima
1706 2326 1888 2400 clamabat

715 2445 889 2541 detegens
914 2466 1026 2518 suum
1051 2446 1242 2542 llagitium,
1260 2445 1406 2540 scilicet,
1424 2446 1659 2540 bestialitatis,
1686 2446 1886 2521 extendeus

715 2587 822 2640 suam
854 2565 1039 2639 libidinem
1073 2566 1121 2639 ad
1153 2572 1356 2660 utrumque
1388 2587 1539 2658 sexum,
1577 2569 1706 2660 Posise,
1739 2557 1887 2659 unorl³l

715 2685 843 2758 Minois
869 2691 1025 2780 urgente
1051 2686 1201 2760 llammu
1228 2685 1397 2779 luxuriae,
1426 2679 1526 2759 enlrd
1549 2688 1643 2759 nella
1668 2707 1787 2780 vacca,
1817 2687 1887 2762 sci·

718 2806 811 2899 licet,
829 2805 1070 2900 artificialem,
1082 2801 1213 2898 percle
1229 2809 1254 2879 'l
1277 2809 1412 2896 lorello,
1431 2806 1577 2900 scilicet,
1595 2828 1732 2902 parvus
1757 2813 1886 2881 murus

712 2925 870 3021 juvenis,
897 2925 1043 3020 scilicet,
1069 2925 1218 3020 vitulus,
1244 2947 1353 2998 corra
1378 2947 1402 2997 a
1426 2947 1492 2998 suo
1513 2928 1679 3018 lossurio,
1707 2926 1805 3020 quod
1832 2926 1887 3000 vi-

715 3045 823 3120 detur
848 3067 982 3120 verum
1007 3045 1128 3120 luisse.
1156 3045 1258 3119 Unde
1284 3045 1450 3120 Valerius
1478 3045 1601 3119 scribit
1631 3047 1730 3141 quod
1757 3052 1887 3121 taurus

715 3167 813 3262 apud
825 3167 1025 3262 Syracusas
1042 3167 1253 3262 compulsus
1271 3173 1326 3240 est
1343 3165 1390 3240 ad
1407 3186 1573 3241 amorem
1592 3173 1630 3240 et
1647 3167 1884 3241 concubitum

715 3306 828 3362 aeneae
853 3306 976 3360 vaccae
1003 3285 1124 3359 uimiae
1150 3284 1391 3359 similitudinis
1409 3285 1803 3360 incitamento—Pol.
1822 3287 1886 3361 llic

715 3407 845 3482 ultimo
861 3414 970 3503 poeta
986 3408 1089 3502 pouit
1105 3427 1291 3482 recessum
1308 3405 1454 3482 illarum
1471 3407 1681 3482 animarum
1700 3429 1766 3503 per
1784 3429 1887 3483 com·

714 3529 943 3623 parationem
977 3527 1165 3624 propriam
1200 3531 1236 3601 et
1268 3527 1424 3620 claram,
1454 3527 1504 3602 ita
1535 3527 1632 3602 enirn
1666 3527 1887 3602 recedebant

714 3654 816 3722 recta
840 3648 937 3722 linea
962 3667 1092 3722 versus
1116 3646 1280 3721 diversas
1305 3652 1427 3741 partes
1453 3647 1546 3721 sicut
1571 3653 1760 3720 venerant.
1785 3647 1887 3722 Unde

714 3768 819 3843 dicit:
852 3772 918 3842 Poi
949 3771 972 3842 l’
984 3789 1057 3842 roto
1084 3775 1196 3860 percle,
1230 3787 1314 3862 quae
1344 3766 1562 3843 secundario
1591 3767 1815 3842 advenerant
1837 3757 1887 3860 (⁴),

714 3909 776 3962 scu
800 3911 858 3981 oo,
885 3889 986 3984 idest,
1013 3889 1163 3983 recedit,
1189 3891 1332 3980 latta,
1362 3888 1508 3982 scilicet,
1536 3887 1666 3982 prima,
1691 3909 1751 3960 sen
1778 3889 1885 3978 mene,

715 4015 757 4084 ut
781 4010 1009 4085 reinveniaut
1026 4030 1093 4084 nus
1118 4013 1156 4083 et
1181 4009 1332 4083 audiant
1358 4029 1419 4082 me
1444 4010 1667 4103 loquentem,
1685 4029 1782 4081 come
1799 4029 1888 4099 proc

713 4133 775 4203 cle
799 4134 955 4204 volasscr
976 4138 1080 4222 porte
1097 4131 1165 4202 olle
1182 4137 1370 4220 meumque
1386 4133 1473 4224 Risc.
1492 4129 1568 4202 Hoc
1586 4134 1641 4202 est
1657 4128 1781 4202 dicere
1799 4148 1884 4202 ver·-

714 4274 778 4326 sus
803 4250 1108 4347 septentrionem;
1127 4257 1271 4325 montes
1288 4250 1385 4324 enirn
1405 4250 1520 4344 riphei
1546 4256 1632 4323 sunt
1657 4249 1694 4321 in
1719 4249 1884 4344 partibus

712 4373 892 4468 aquilonis
918 4373 987 4446 sub
1012 4379 1138 4446 nostro
1164 4372 1267 4466 polo;
1291 4378 1395 4464 parte
1422 4367 1523 4444 incer
1553 4373 1709 4461 turcae,
1735 4369 1882 4464 scilicet,

714 4492 929 4587 meridiem;
959 4499 1085 4584 poeste,
1119 4491 1266 4584 scilicet,
1300 4511 1384 4585 quae
1418 4491 1542 4564 volant
1575 4509 1706 4564 versus
1740 4508 1882 4585 arenas,

712 4617 817 4707 sctise
836 4616 893 4688 del
911 4617 1015 4707 picto,
1035 4612 1138 4706 idest,
1158 4612 1313 4686 vitantes
1338 4611 1454 4708 frigus
1480 4610 1745 4706 septentrionis,
1763 4613 1884 4702 puelle,

712 4733 858 4825 scilicet,
889 4755 973 4827 quae
1007 4733 1131 4806 volant
1163 4752 1293 4808 versus
1328 4737 1470 4806 montes
1505 4731 1660 4826 ripheos,
1694 4733 1799 4823 scltfe
1830 4733 1887 4804 del

775 4961 802 5022 (¹)
819 4968 873 5020 lll.
889 4965 987 5028 aliquas
1002 4965 1067 5028 ignis
1082 4970 1109 5014 et
1125 4971 1257 5015 terrarum
1275 4963 1406 5027 imagines.

776 5038 804 5100 ζ’)
820 5041 851 5089 Ε.
866 5054 900 5090 ne
915 5041 1041 5091 Dominus
1056 5047 1144 5091 nosler
1161 5041 1235 5090 lesus
1250 5040 1375 5090 Christus.

777 5117 802 5177 (Ἴ
820 5117 850 5165 Ε.
867 5131 933 5167 uxor
949 5118 1017 5182 regis
1032 5118 1135 5170 Minois.
1323 5117 1350 5180 (¹)
1367 5117 1397 5168 E.
1414 5117 1561 5169 advenerat.
