4575 6842
718 943 797 1012 370.
1109 955 1314 1012 counurun
1337 957 1506 1011 rnnuorsr

717 1107 774 1176 est
798 1101 974 1177 remotior
999 1123 1021 1177 a
1047 1103 1167 1198 primo
1193 1102 1319 1177 mobili
1344 1108 1383 1177 et
1407 1101 1560 1176 vicinior
1584 1107 1708 1196 tnrrae,
1728 1121 1813 1195 quae
1836 1109 1892 1177 est

715 1219 912 1296 immobilis
944 1228 982 1298 et
1013 1225 1149 1321 gravis,
1175 1225 1234 1299 vet
1264 1224 1352 1320 quia
1377 1223 1464 1299 iacit
1493 1223 1628 1298 turdos.
1642 1227 1746 1297 -Lt
1767 1227 1890 1298 nostri.

716 1339 781 1415 Hic
794 1332 831 1434 (¹)
860 1342 1036 1418 Pichnrda
1071 1344 1267 1441 respondet
1299 1343 1492 1439 questioni
1524 1343 1654 1438 tacitae,
1681 1343 1768 1438 quia
1793 1343 1906 1420 enim.

717 1460 852 1537 Dentes
883 1469 1027 1556 poterut
1056 1469 1202 1559 petere:
1234 1464 1421 1560 quomodo
1454 1484 1577 1540 noune
1608 1463 1802 1538 tristamini
1828 1483 1892 1540 vos

718 1601 799 1658 esse
824 1583 860 1657 in
886 1584 1037 1659 bassiori
1063 1585 1144 1660 ioco
1174 1585 1353 1681 parvioris
1385 1586 1568 1681 plnuetaet
1592 1584 1799 1680 Respondet
1832 1584 1891 1659 Pi·

719 1703 868 1797 charde,
894 1704 994 1798 quod
1019 1705 1138 1800 potius
1164 1707 1346 1781 taetantur.
1373 1705 1465 1780 Dicit
1496 1725 1606 1802 ergo:
1632 1708 1674 1780 Li
1697 1707 1811 1779 cosm
1833 1709 1891 1800 us-

716 1825 803 1916 setti,
824 1823 926 1918 idest,
944 1823 1166 1920 affectiones,
1179 1829 1240 1899 clue
1254 1847 1344 1899 sono
1364 1829 1574 1920 infiammoti
1587 1829 1665 1900 soto
1680 1829 1740 1899 nel
1750 1829 1894 1920 procero

720 1945 810 2018 delto
826 1947 956 2036 Spiritu
981 1953 1096 2036 cuuto,
1115 1951 1264 2041 formati
1292 1950 1350 2021 det
1371 1969 1436 2020 suo
1460 1951 1585 2022 ordine
1609 1950 1763 2037 letiziun
1788 1947 1902 2041 idest·

719 2063 901 2138 iaetuntur.
927 2066 971 2138 Et
996 2065 1117 2140 subdit
1142 2066 1319 2140 Pichnrdn
1343 2067 1533 2142 declarans
1557 2067 1645 2142 ittud
1671 2067 1769 2162 quod
1789 2066 1900 2142 dixe.

720 2191 777 2259 rat
802 2205 927 2281 supra,
953 2185 1088 2261 scilicet
1114 2187 1213 2281 quod
1243 2194 1351 2262 ernnt
1380 2187 1438 2262 tric
1468 2187 1642 2283 relegatae
1670 2207 1717 2262 ex
1746 2187 1890 2262 deiectu

718 2305 805 2400 voti,
833 2307 932 2400 quod
957 2307 1096 2382 dictum
1121 2307 1316 2382 ridebatur
1339 2308 1554 2402 obscurum,
1572 2308 1658 2402 quin
1682 2329 1756 2382 non
1781 2319 1894 2404 appu·

720 2426 824 2500 rebat
849 2413 879 2500 si
905 2435 1034 2523 sponte
1058 2428 1300 2524 neglexerant
1325 2434 1467 2522 votum,
1484 2429 1544 2504 uei
1562 2435 1689 2502 utrum
1707 2429 1744 2503 in
1762 2435 1892 2524 totum,

721 2546 779 2620 rel
806 2567 873 2641 pro
899 2554 1014 2642 purte,
1041 2548 1123 2623 ideo
1154 2548 1258 2623 dicit:
1285 2569 1388 2644 ergo,
1414 2571 1433 2620 c
1457 2555 1577 2641 questo
1605 2555 1713 2640 sore,
1744 2548 1892 2644 scilicet,

721 2665 802 2761 loci,
828 2669 888 2740 cte
906 2689 982 2760 pur
1005 2663 1065 2760 pit
1089 2669 1249 2764 (cuncto,
1280 2668 1367 2763 quia
1396 2669 1496 2743 uuita
1528 2676 1585 2744 est
1617 2669 1779 2763 interior,
1805 2661 1893 2762 perd

720 2784 790 2862 n’d
812 2790 910 2881 datu,
936 2788 983 2863 ab
1008 2788 1137 2864 ordine
1160 2789 1293 2864 divinae
1304 2789 1466 2885 justitiae,
1481 2785 1611 2882 perede
1632 2792 1658 2862 n·
1679 2793 1794 2862 nosci
1810 2793 1892 2878 uoti,

722 2907 857 2983 scilicet
871 2901 909 3001 (¹)
942 2909 1185 3002 continentie,
1216 2930 1301 3003 quae
1338 2909 1546 2985 feceramus
1583 2909 1620 2982 in
1659 2909 1894 3003 mondolio

612 3019 614 3024 ’
720 3031 858 3120 neplctti
881 3051 900 3102 e
926 3026 1006 3123 odii,
1036 3029 1140 3120 idest,
1168 3049 1286 3104 vacua
1315 3036 1353 3103 et
1385 3049 1459 3102 nou
1487 3029 1694 3124 adimpleto,
1724 3033 1763 3102 in
1791 3031 1894 3103 utem

720 3157 834 3245 conto,
864 3149 966 3244 idest,
993 3149 1177 3243 ioniique
1204 3156 1308 3244 parte
1333 3148 1401 3243 sui,
1427 3148 1522 3224 sicut
1553 3150 1660 3244 piene
1683 3149 1893 3225 declaratur

721 3269 758 3342 in
784 3269 944 3365 capitulo
968 3269 1147 3364 sequenti.
1174 3269 1218 3342 Et
1243 3289 1316 3344 non
1348 3269 1519 3366 intellige,
1544 3270 1671 3364 lector,
1698 3270 1797 3365 quod
1826 3270 1893 3344 ista

721 3388 930 3482 simpliciter
957 3389 1131 3484 intelligat
1157 3409 1198 3463 se
1222 3409 1303 3464 esse
1320 3389 1473 3484 positam
1495 3389 1709 3485 incorpore
1729 3390 1891 3464 tuuaeex

720 3507 864 3583 deiectu
891 3509 976 3602 voti,
1003 3509 1097 3584 sicut
1121 3509 1271 3604 quidum
1300 3509 1389 3584 tatso
1415 3516 1625 3605 exponunt3
1651 3532 1738 3584 unm
1764 3529 1894 3584 omnes

721 3633 856 3702 sanctae
883 3628 1041 3725 virgines
1066 3635 1153 3702 sunt
1177 3629 1214 3703 in
1240 3630 1339 3724 tuuc,
1355 3630 1450 3704 sicut
1468 3637 1570 3725 potes
1590 3631 1716 3706 ridere
1732 3630 1770 3704 in
1786 3630 1893 3706 bonu

721 3749 839 3839 Clara,
865 3769 949 3844 quae
975 3757 1030 3824 est
1056 3750 1092 3823 in
1118 3750 1249 3834 cedern
1275 3772 1394 3845 spera,
1419 3758 1457 3826 ct
1482 3758 1608 3827 tamen
1633 3772 1708 3826 non
1732 3750 1894 3848 neglexit

721 3875 863 3963 votum,
889 3869 962 3944 imo
989 3871 1349 3965 perseverantissime
1380 3871 1550 3946 serravit.
1578 3873 1679 3949 Sicut
1711 3871 1810 3948 enim
1836 3873 1902 3948 'soi

722 3989 784 4083 qui
798 3996 864 4064 cst
889 3996 993 4085 pater
1019 3991 1150 4066 catoris
1170 3991 1256 4066 iacit
1275 3991 1374 4065 viros
1391 3991 1583 4087 sapientes,
1601 3992 1650 4068 ite
1668 3993 1756 4067 tuna
1774 4000 1895 4068 muter

722 4109 888 4185 humoris
920 4111 1005 4186 iacit
1038 4111 1212 4186 mutieres
1245 4112 1426 4187 honestus.
1458 4111 1530 4186 Sed
1562 4113 1642 4188 vult
1673 4112 1798 4188 dicere
1826 4113 1894 4188 ista

721 4228 826 4326 virgo
852 4231 951 4325 quod
985 4238 1040 4306 est
1070 4230 1253 4326 posituin
1281 4230 1406 4306 intima
1436 4236 1542 4327 purte
1572 4231 1681 4327 tune,
1707 4233 1893 4327 quianon

721 4351 881 4426 solverat
907 4352 1049 4449 integro
1074 4351 1238 4426 debitum
1261 4351 1352 4445 uoti,
1376 4352 1471 4427 sicut
1491 4352 1569 4448 jum
1601 4352 1739 4429 dictum
1766 4361 1831 4429 cst.
1847 4394 1896 4409 -

726 4475 873 4546 Ond'io.
900 4473 965 4548 Hic
990 4479 1100 4548 autor
1124 4478 1276 4547 excusat
1301 4493 1342 4548 se
1365 4474 1414 4548 ab
1439 4493 1485 4549 eo
1511 4475 1610 4569 quod
1637 4496 1710 4550 non
1734 4476 1807 4551 cito
1833 4497 1895 4552 re·

722 4593 893 4689 cognovit
906 4614 989 4668 eum
1005 4599 1154 4690 propter
1167 4595 1421 4669 exceltentiam
1436 4594 1744 4689 luminis,dioens:
1764 4601 1896 4672 ondin

760 5019 766 5030 ·
785 4941 811 5004 (¹)
827 4943 858 4993 E.
874 4943 924 4994 Hic
940 4949 1015 5008 poete
1031 4905 1103 5008 pontt
1114 4943 1308 5008 responsionem
1318 4945 1391 4998 titius
1400 4947 1534 4998 Pichnrdo
1543 4948 1645 4999 cuidam
1658 4951 1741 5000 tacita
1751 4951 1896 5015 unctioni,
2041 4995 2044 4997 c

723 5033 782 5083 qun
798 5031 878 5070 curm.

785 5093 813 5156 (¹)
828 5095 859 5146 Ε.
875 5095 974 5149 ncittcet
989 5101 1049 5149 rou
1065 5097 1237 5149 continentie.
