4575 6842
708 957 755 1024 ta
1070 965 1273 1022 commun
1298 967 1519 1022 ronanaunu

704 1387 870 1456 CANTUS
892 1389 1124 1458 VIGESIMUS
1148 1387 1381 1469 SECUNDUS,
1404 1389 1441 1454 in
1462 1409 1522 1473 quo
1545 1390 1693 1455 tractarit
1722 1387 1879 1474 l'irpilr‘us

584 1479 644 1521 ⁴·
782 1522 852 1568 oum
873 1499 1770 1582 Statiodelocoauolimdi,etdcmoltiasapreottlms
1791 1501 1879 1566 onti-

781 1615 868 1698 qtu's,·
897 1619 927 1680 et
951 1612 1073 1680 Statim
1100 1612 1183 1678 dicit
1210 1609 1346 1696 Virgdio
1367 1611 1493 1677 modum
1514 1631 1582 1679 aue
1603 1613 1822 1692 mwcrormrd,
1846 1617 1879 1678 et

781 1724 862 1791 sicot
883 1723 1006 1792 §tatius
1026 1727 1194 1790 veteratum
1214 1727 1262 1788 est
1289 1719 1468 1806 Virgilium.

781 1984 891 2151 Gr}
921 2095 985 2148 ero
1015 2075 1037 2146 l'
1047 2075 1152 2163 angel
1173 2074 1286 2147 dietro
1309 2093 1335 2145 o
1359 2076 1421 2146 noi
1443 2075 1587 2146 nmmo.
1614 2073 1812 2166 Postquam
1838 2072 1877 2148 in

703 2195 920 2294 precedenti
938 2193 1096 2288 capitulo
1113 2199 1221 2288 poeta
1239 2200 1363 2268 noster
1379 2195 1549 2269 tractavit
1561 2185 1600 2286 (¹)
1618 2193 1665 2268 de
1685 2193 1773 2268 vitio
1790 2213 1877 2289 pro-

702 2315 892 2412 digalitatis
921 2314 958 2388 in
989 2331 1145 2409 persona
1175 2312 1290 2407 Statii,
1317 2333 1415 2388 nunc
1448 2319 1718 2409 consequenter
1742 2313 1780 2388 iu
1806 2315 1876 2388 isto

703 2436 861 2531 capitulo
878 2435 976 2508 XXII
1002 2431 1178 2509 terminat
1194 2433 1386 2509 materiam
1406 2434 1667 2531 prodigalitatis
1687 2435 1724 2510 in
1740 2435 1873 2509 eodem

702 2556 842 2652 spiritu,
869 2561 906 2631 et
930 2555 1041 2631 intrat
1065 2554 1262 2630 materiam
1287 2554 1396 2651 gule,
1422 2575 1506 2648 quae
1531 2555 1683 2651 punitur
1707 2555 1746 2628 in
1770 2560 1876 2629 sexto

703 2802 865 2892 quatuor
890 2801 1012 2890 partes
1027 2794 1231 2891 generales.
1249 2794 1289 2866 ln
1307 2793 1425 2889 prima
1442 2813 1604 2887 quarum
1622 2799 1728 2888 poeta
1750 2799 1874 2867 osten·

702 2915 754 2990 dit
779 2915 934 3010 qualiter
959 2914 1130 3011 Virgilius
1155 2913 1306 3008 inquirit
1330 2935 1355 2988 a
1379 2913 1493 2987 Statio
1516 2913 1563 2988 de
1580 2912 1675 2987 illius
1692 2912 1768 2988 vitii
1785 2933 1874 3008 pur·

552 3018 557 3028 ’
701 3037 859 3134 gatione.
875 3037 914 3109 ln
927 3035 1089 3111 secunda
1107 3034 1185 3130 ipse
1196 3033 1367 3130 Virgilius
1383 3033 1534 3128 inquirit
1550 3033 1597 3108 ab
1613 3033 1743 3110 eodem
1758 3035 1872 3110 Statio

700 3156 748 3231 de
765 3155 1004 3231 conversione
1021 3155 1101 3230 eius
1118 3155 1165 3229 ad
1182 3154 1291 3229 iidem
1307 3152 1554 3246 christianam,
1568 3153 1637 3227 ibi:
1660 3159 1713 3228 Or
1728 3157 1872 3247 quondo

701 3283 738 3352 tu
761 3280 919 3352 contorti.
945 3277 986 3350 ln
1010 3276 1119 3350 tertia
1151 3275 1287 3350 Statius
1320 3274 1518 3368 inquirite
1543 3273 1693 3371 Virgilio
1716 3274 1764 3349 de
1788 3274 1875 3370 qui·

700 3396 855 3472 busdam
882 3395 996 3492 poetis
1022 3395 1235 3488 illustribus,
1260 3394 1329 3467 ibi:
1361 3400 1410 3468 tir
1436 3397 1584 3486 dunque.
1610 3396 1650 3467 ln
1675 3400 1808 3488 quarta
1832 3401 1870 3468 et

701 3517 828 3594 ultima
854 3515 929 3613 agit
955 3523 992 3590 et
1017 3521 1150 3590 tractat
1173 3515 1220 3589 de
1245 3513 1462 3611 purgatione
1488 3513 1563 3587 vitii
1581 3512 1689 3609 gulae,
1709 3513 1777 3588 ibi:
1802 3519 1871 3586 Ta·
1913 3494 1916 3501 ’

700 3639 839 3710 cedomi
854 3627 925 3728 ptd.
944 3634 998 3710 nd
1014 3635 1176 3730 primum
1200 3634 1353 3740 ueniens
1378 3633 1471 3727 diro,
1488 3634 1587 3727 quod
1607 3638 1715 3728 poeta
1732 3631 1871 3708 inducit

699 3755 890 3852 Virgilium
918 3755 1164 3848 inquirentem
1189 3752 1236 3829 de
1264 3753 1482 3850 purgatione
1510 3752 1633 3846 Statii3
1659 3752 1723 3827 sed
1748 3751 1869 3846 primo

699 3875 916 3951 continuans
941 3894 981 3948 se
1006 3874 1052 3949 ad
1071 3873 1267 3948 materiam
1284 3873 1552 3968 precedentem
1570 3871 1757 3967 praemittit
1776 3891 1867 3966 pur-

698 3995 884 4092 gationem
910 4016 1016 4069 suam
1037 3993 1170 4068 iactam
1188 3993 1237 4067 ab
1252 3993 1386 4088 angelo
1402 4013 1425 4067 a
1442 3991 1530 4066 vitio
1548 3990 1711 4065 ararit-ira
1727 3996 1765 4064 et
1781 4012 1870 4085 pro·

697 4114 900 4212 digalitatis.
928 4116 972 4188 Et
996 4115 1042 4189 ad
1063 4113 1324 4189 declarandum
1352 4133 1490 4187 novum
1518 4111 1668 4186 modum
1688 4111 1868 4187 scribendi

697 4256 773 4329 quo
799 4235 914 4309 utitur
940 4235 998 4309 hic
1024 4240 1143 4329 poeta,
1161 4239 1217 4308 est
1236 4231 1553 4327 considerandum,
1575 4232 1674 4326 quod
1695 4230 1742 4306 de
1762 4251 1869 4306 more

697 4355 776 4430 eius
790 4360 846 4430 est
863 4354 898 4428 in
916 4353 1088 4429 omnibus
1104 4352 1250 4428 circulis
1262 4351 1360 4427 circa
1375 4351 1484 4426 linem
1499 4351 1733 4426 introducere
1749 4371 1868 4425 unum

696 4475 882 4571 angelum,
907 4474 970 4569 qui
996 4480 1130 4571 purgat
1156 4493 1242 4548 eum
1269 4495 1292 4547 a
1324 4473 1412 4547 vitio
1444 4471 1571 4567 punito
1596 4471 1657 4565 ibi,
1682 4478 1720 4546 et
1745 4470 1869 4567 dirigit

697 4595 855 4669 eumad
886 4594 1001 4668 alium
1035 4593 1227 4668 circulum.
1261 4592 1327 4666 llio
1356 4600 1484 4668 autem
1518 4591 1764 4686 praesupponit
1798 4592 1868 4666 troc

696 4713 832 4788 lactum
852 4735 949 4810 esse3
966 4717 1035 4789 hoc
1051 4705 1087 4808 (¹)
1107 4721 1233 4788 autem
1253 4713 1337 4788 lacit
1349 4720 1392 4786 ut
1406 4712 1514 4788 tacite
1530 4710 1592 4785 det
1610 4709 1759 4806 intelligi
1777 4732 1868 4806 pur·

695 4834 880 4932 gationem
905 4841 1011 4909 suam
1038 4833 1095 4908 iric
1120 4833 1232 4908 luisse
1264 4832 1419 4926 facilem,
1450 4831 1499 4905 ita
1533 4829 1632 4924 quod
1657 4829 1761 4923 quasi
1793 4851 1866 4904 non

757 5095 785 5158 (¹)
802 5100 855 5157 1¹⁷,
872 5098 992 5148 tractcrlt
1006 5101 1033 5146 et
1049 5093 1229 5146 determinavit
1244 5093 1277 5143 de
1294 5093 1365 5144 vitio.
1488 5091 1516 5154 Ρ)
1531 5090 1563 5140 B.
1577 5093 1606 5141 et
1620 5089 1671 5140 hoc
1686 5087 1756 5140 tacit.
