4575 6842
715 956 762 1024 92
1072 966 1277 1024 cummanum
1301 971 1524 1025 runosronn

713 1112 878 1187 mitatem
914 1111 1060 1209 linguae,
1092 1116 1152 1187 aba
1180 1119 1222 1210 sa
1253 1117 1344 1190 colai
1375 1118 1463 1189 ab'a
1493 1118 1590 1190 dica
1620 1119 1885 1212 sargumentu,

713 1231 815 1328 idest,
841 1239 1023 1329 praeparat
1048 1254 1089 1308 se
1113 1234 1160 1308 ad
1185 1234 1399 1332 dicendum3
1425 1258 1447 1310 a
1474 1236 1594 1330 simili,
1617 1240 1720 1330 quala
1743 1240 1771 1311 a
1793 1242 1886 1312 aaa·

712 1359 800 1448 gnin
824 1359 885 1430 obe
909 1359 987 1430 lcoa
1011 1359 1108 1430 l'ala
1122 1379 1190 1450 per
1216 1361 1333 1448 ooplia
1358 1361 1396 1432 di
1420 1362 1590 1449 volares
1615 1379 1687 1432 noa
1711 1362 1884 1434 talanta

713 1478 749 1550 d'
762 1477 997 1550 abbandonar
1022 1481 1056 1551 lo
1081 1480 1177 1570 nido,
1203 1499 1222 1550 e
1246 1473 1306 1568 gib
1327 1481 1364 1551 la
1384 1481 1474 1551 cala.
1502 1480 1545 1551 Et
1569 1478 1629 1552 hic
1654 1485 1741 1554 uota
1767 1501 1886 1574 quan-

714 1603 795 1671 tum
822 1596 1047 1692 comparatio
1068 1603 1123 1671 est
1140 1597 1287 1693 propria
1304 1617 1371 1692 per
1390 1617 1521 1672 omues
1537 1604 1660 1694 partes
1677 1619 1779 1694 suas;
1798 1621 1884 1674 nam

714 1718 884 1814 Virgilius
909 1724 946 1793 et
971 1716 1106 1792 Statius
1131 1719 1193 1792 alti
1218 1725 1336 1815 poetae
1361 1719 1489 1816 tragici
1515 1725 1667 1814 possunt
1692 1719 1885 1794 assimilari

714 1839 862 1914 ciconiis
887 1838 1100 1913 iacientibus
1126 1839 1252 1913 nidum
1278 1839 1315 1912 in
1336 1839 1416 1913 altis
1435 1840 1553 1933 tectis3
1572 1845 1608 1914 et
1626 1840 1759 1914 Dantes
1776 1847 1884 1936 poeta

714 1961 835 2034 minor
850 1955 886 2052 (¹)
915 1966 1015 2066 recte
1031 1960 1253 2033 assimilatur
1278 1959 1351 2035 filio
1377 1961 1536 2035 ciconiae.
1556 1960 1661 2035 blodo
1678 1960 1772 2035 sicut
1788 1961 1883 2035 filius

714 2082 863 2156 ciconiae
887 2080 1069 2155 desiderat
1093 2080 1219 2155 levare
1236 2081 1332 2155 alam
1350 2089 1437 2156 ante
1459 2086 1616 2176 tempus,
1641 2081 1705 2156 sed
1725 2081 1884 2156 sentiens

713 2223 754 2276 se
770 2202 1007 2296 impotentem
1022 2199 1068 2274 ad
1081 2191 1117 2292 (¹)
1134 2201 1297 2274 volatum
1316 2201 1462 2296 deponit
1480 2222 1581 2296 eam3
1600 2201 1649 2275 ita
1663 2201 1807 2296 Dentes,
1822 2199 1886 2294 qui

713 2327 865 2397 venerat
879 2323 976 2395 ultra
989 2321 1144 2396 milliare
1157 2321 1300 2415 tacitus,
1314 2321 1542 2396 desiderabat
1556 2341 1707 2396 movere
1720 2319 1884 2418 linguam

712 2443 818 2519 avide
842 2442 888 2516 ad
914 2443 1025 2517 altam
1053 2442 1315 2537 questionem
1342 2442 1405 2517 sed
1430 2442 1599 2516 dubitans
1628 2448 1715 2518 ante
1740 2450 1885 2538 tempus

713 2564 851 2657 volare,
871 2563 1093 2656 reprimebat
1110 2562 1333 2637 desiderium
1351 2583 1461 2635 suum
1479 2570 1675 2658 expectans
1699 2562 1883 2639 licentiam

713 2683 900 2758 seniorum
915 2674 965 2774 (³).
992 2683 1035 2755 Et
1052 2683 1172 2755 subdit
1194 2683 1375 2756 licentiam
1394 2682 1516 2756 domm
1541 2683 1606 2756 sibi
1624 2704 1647 2757 a
1665 2683 1826 2780 virgilie,
1847 2689 1885 2758 et

714 2826 822 2879 suam
843 2802 1066 2899 petitionem,
1084 2802 1224 2877 dicens:
1243 2805 1277 2876 lo
1294 2805 1391 2877 dolce
1404 2806 1520 2896 padre
1536 2806 1619 2894 mio,
1637 2803 1783 2899 scilicet,
1801 2804 1884 2878 Vir-

713 2925 832 3022 gilius,
865 2945 937 2997 non
962 2916 1081 3016 lasa'b,
1107 2925 1236 3019 supple
1269 2924 1404 3018 dicere,
1429 2946 1497 3017 prr
1529 2927 1551 2997 l’
1563 2927 1685 2998 undar
1709 2929 1768 2998 cle
1789 2931 1884 3021 [osse

712 3052 820 3136 ratto,
845 3045 943 3140 *per
968 3045 1066 3118 illam
1094 3045 1191 3119 viam
1219 3051 1372 3138 arctam,
1399 3066 1459 3116 rna
1482 3046 1590 3118 ause:
1614 3067 1735 3119 scocoa
1760 3049 1782 3119 l'
1796 3067 1883 3119 arco

712 3169 770 3240 det
793 3168 852 3239 dir
875 3168 935 3238 aba
956 3168 1030 3258 pino
1055 3168 1094 3239 al
1113 3170 1216 3260 [erro
1240 3168 1299 3237 bal
1324 3165 1462 3238 tratto*
1477 3153 1527 3259 (⁴),
1551 3167 1655 3260 quasi
1681 3167 1796 3241 dicat:
1814 3189 1884 3242 au·
2029 3195 2032 3201 ¹

712 3286 838 3360 dacter
861 3286 964 3359 solve
989 3285 1153 3381 linguam
1181 3292 1217 3360 et
1242 3285 1367 3359 emitte
1389 3285 1559 3379 verbum,
1582 3287 1680 3379 quod
1700 3287 1779 3381 jam
1807 3293 1884 3362 tra-

712 3405 794 3478 xisti
819 3404 999 3498 usquead
1017 3404 1154 3479 dentes.
1174 3405 1217 3477 Et
1234 3411 1290 3478 est
1305 3404 1451 3500 propria
1470 3406 1706 3499 metaphora:
1724 3407 1881 3481 verbum

712 3526 809 3601 euim
841 3524 922 3600 leve
951 3526 1049 3599 volat
1078 3533 1120 3598 ut
1150 3527 1280 3622 sagitta
1314 3521 1612 3620 irrevocabiliter,
1648 3533 1684 3600 et
1716 3533 1883 3620 penetrat

712 3645 897 3739 usquead
924 3645 1051 3720 intima
1077 3645 1215 3720 cordis:
1243 3650 1280 3720 et
1303 3645 1404 3740 ponit
1426 3645 1611 3740 ellectum,
1631 3645 1770 3720 dicens:
1789 3649 1883 3727 altor

711 3769 940 3839 sioaramrnte
971 3767 1066 3858 april
1091 3767 1127 3837 la
1152 3766 1270 3855 bocca,
1296 3787 1408 3858 quam
1435 3767 1510 3838 sola
1538 3765 1708 3840 timiditas
1735 3767 1882 3841 tenebat

712 3886 887 3979 clausam,
914 3908 932 3958 a
965 3888 1160 3976 caminatas,
1188 3885 1325 3980 supple,
1360 3884 1505 3959 dicere:
1537 3906 1634 3958 came
1663 3887 1695 3959 si
1722 3878 1795 3979 pud
1817 3889 1881 3981 sar
2018 3981 2024 3990 ἱ

711 4028 853 4099 magro,
877 4005 1019 4101 aliquis,
1045 3996 1081 4080 ld
1105 4009 1206 4096 dooe,
1232 4005 1377 4100 scilicet,
1404 4005 1441 4078 in
1466 4005 1671 4102 animabus,
1693 4009 1716 4079 t'
1729 4028 1821 4100 uopo
1845 4011 1883 4082 di

710 4131 851 4220 andra,
879 4126 981 4220 idest,
1007 4147 1100 4220 opus
1125 4125 1321 4219 nutriendi,
1353 4125 1498 4220 scilicet,
1531 4127 1727 4202 comedere
1759 4135 1797 4202 et
1826 4128 1882 4201 bi-

710 4249 810 4342 bere,
835 4269 909 4321 non
936 4254 1060 4320 tocco?
1089 4246 1191 4340 idest,
1218 4265 1292 4320 non
1325 4245 1433 4320 babet
1463 4246 1598 4320 locum.
1631 4247 1675 4319 Et
1703 4247 1760 4322 bio
1794 4255 1881 4324 nota

709 4367 809 4462 quod
833 4367 901 4464 ista
927 4366 1092 4461 quaestio,
1111 4386 1223 4460 quam
1247 4371 1355 4439 autor
1381 4372 1505 4440 noster
1525 4371 1599 4440 tam
1627 4366 1771 4441 curiose
1795 4387 1881 4462 per·

709 4493 851 4581 tractat,
866 4486 924 4561 bic
942 4492 1021 4562 erat
1039 4486 1190 4561 omniuo
1209 4485 1425 4580 necessaria,
1443 4485 1529 4578 quia
1549 4485 1721 4580 quicquid
1741 4485 1879 4561 dictum

708 4614 764 4683 ost
789 4627 854 4702 per
880 4613 997 4680 totum
1025 4607 1062 4680 in
1088 4607 1230 4681 inferno
1256 4613 1294 4680 et
1319 4606 1532 4702 purgatorio
1557 4607 1604 4681 de
1631 4613 1705 4680 lam
1726 4607 1879 4683 diversis

708 4727 824 4823 poenis
849 4723 1058 4800 animarum
1084 4726 1461 4820 videbaturvanum,
1489 4747 1574 4801 cum
1602 4747 1676 4800 non
1703 4735 1881 4822 appareat

709 4869 775 4944 per
801 4848 897 4921 viam
925 4852 1069 4921 natura
1098 4847 1198 4942 quud
1223 4847 1343 4920 anima
1366 4854 1534 4942 separata
1551 4869 1574 4921 a
1594 4868 1749 4942 corpore
1767 4851 1879 4944 possit

771 5036 799 5096 (³)
815 5037 869 5095 117,
882 5036 980 5108 junior.
1105 5035 1132 5098 (Ἴ
1150 5041 1204 5092 117,
1221 5035 1252 5084 ad
1270 5035 1417 5086 volandum.
1542 5035 1569 5097 (⁸1
1586 5037 1617 5085 E.
1633 5036 1806 5099 superiorum.

771 5112 799 5176 (⁸)
814 5113 852 5163 Le
867 5113 956 5176 parole
971 5113 1011 5163 ln
1024 5112 1035 5160 1
1053 5114 1104 5164 due
1120 5113 1252 5164 asteriscbi
1268 5127 1315 5164 sou
1331 5114 1442 5177 supplile
1459 5115 1499 5166 dai
1514 5113 1601 5164 Codici
1617 5115 1723 5163 Estensa
1739 5127 1755 5164 a
1772 5117 1826 5166 117.
