4575 6842
760 973 899 1030 murus
924 975 1114 1031 vrorsruus
1138 975 1322 1031 surrruus.
1558 963 1623 1030 151

451 1115 738 1210 extremitatem,
754 1117 819 1192 sed
843 1123 1038 1213 postquam
1056 1118 1285 1213 pervenitad
1303 1119 1426 1194 locum
1449 1119 1626 1195 felicitatis

454 1254 527 1309 non
551 1242 673 1330 potest
696 1236 854 1331 amplius
878 1237 1022 1312 cadere.

526 1359 621 1428 Poco
639 1363 757 1448 polee.
782 1356 853 1430 lsta
878 1363 934 1432 est
959 1356 1065 1432 tertia
1090 1377 1175 1452 pars
1201 1359 1382 1453 generalis
1407 1359 1554 1454 capituli
1587 1359 1626 1432 in

452 1495 527 1570 qua
553 1480 661 1571 poeta
686 1483 811 1551 noster
839 1476 1011 1552 describit
1039 1475 1162 1550 nobile
1194 1477 1391 1571 somnium,
1417 1478 1516 1572 quod
1542 1477 1626 1552 lecit

452 1598 491 1672 in
517 1596 579 1672 tali
603 1598 685 1671 loco
710 1603 748 1670 et
773 1603 959 1692 tempore3
978 1597 1041 1672 sed
1058 1598 1178 1692 primo
1199 1597 1369 1672 describit
1388 1604 1624 1693 tempusque

453 1716 683 1811 obdormivit,
710 1722 752 1788 ut
775 1716 828 1792 sic
852 1716 1054 1791 ordinatius
1083 1717 1252 1793 deveniat
1281 1718 1327 1794 ad
1357 1719 1555 1793 somnium.
1582 1719 1625 1792 Et

455 1839 533 1912 vult
557 1838 718 1913 breviter
742 1837 877 1931 dicere,
903 1839 1003 1932 quod
1028 1838 1122 1913 lacta
1152 1844 1234 1912 erat
1263 1859 1348 1933 nox,
1375 1839 1461 1934 quia
1486 1842 1624 1915 coelum

453 1965 534 2034 erat
553 1959 633 2053 jam
659 1957 854 2033 stellatum.
881 1958 984 2033 Unde
999 1958 1104 2033 dicit:
1124 1964 1217 2032 Poco
1228 1967 1335 2052 poteo
1348 1981 1461 2053 parer
1475 1954 1499 2034 tt
1516 1964 1573 2035 det
1588 1963 1626 2034 di

450 2080 569 2172 sicum
589 2076 693 2172 quasi
719 2077 826 2171 dicat,
853 2098 900 2152 en
925 2078 986 2152 illa
1003 2079 1062 2153 via
1088 2084 1189 2153 recta
1211 2085 1378 2174 poteram
1398 2080 1523 2155 videre
1544 2101 1626 2156 mo-

453 2199 577 2274 dicum
602 2198 650 2274 de
673 2198 779 2293 coelo,
796 2199 891 2272 sicut
915 2199 944 2272 si
969 2198 1101 2293 aliquis
1125 2206 1221 2275 esset
1246 2200 1283 2273 in
1308 2207 1420 2295 puteo
1446 2207 1484 2276 et
1509 2201 1624 2296 respi-

453 2325 555 2394 ceret
579 2318 728 2412 melum,
754 2338 829 2393 non
854 2318 995 2394 videret
1013 2319 1080 2392 nisi
1097 2339 1250 2413 parvam
1278 2325 1420 2415 partem
1447 2320 1538 2414 eius
1564 2341 1624 2394 mu

447 2460 517 2532 per
541 2441 621 2530 quel
639 2459 730 2531 poco
754 2441 917 2512 oedeo't'o
942 2441 974 2511 le
996 2441 1091 2512 stetu
1113 2440 1232 2512 obiere
1259 2460 1278 2513 e
1302 2442 1479 2531 mueqioru'
1503 2442 1540 2512 di
1570 2441 1627 2513 tor

452 2563 574 2634 solere.
602 2558 722 2633 Stellae
741 2559 959 2634 videbantur
980 2558 1154 2634 clariores
1170 2559 1237 2632 sibi
1262 2566 1300 2634 et
1326 2559 1484 2634 maiores
1508 2547 1625 2654 solito,

453 2680 541 2774 quia
566 2684 647 2754 erat
671 2678 823 2753 vicinior
847 2679 942 2753 coelo
967 2686 1005 2754 et
1028 2679 1065 2753 in
1091 2679 1172 2755 loco
1198 2689 1293 2774 puro
1318 2701 1341 2754 a
1367 2679 1542 2754 nubibus:
1571 2679 1627 2754 di-

453 2798 586 2874 stantia
611 2798 710 2872 enim
736 2798 806 2872 loci
830 2798 915 2873 lacit
940 2800 1061 2874 stellas
1085 2799 1201 2873 videri
1227 2799 1408 2894 minimas,
1431 2820 1514 2894 quae
1540 2806 1627 2873 sunt

455 2919 494 2992 in
517 2939 559 2994 se
584 2917 768 2991 maximae.
794 2916 897 2992 Unde
921 2917 1106 2992 subditzil
1127 2938 1240 2991 sonno
1265 2923 1314 2992 mi
1333 2940 1438 3012 prese
1461 2912 1491 2992 sl
1515 2922 1627 2992 remi-

453 3042 589 3130 ooodo,
615 3038 653 3112 iu
680 3044 804 3112 mente
828 3059 923 3132 mea,
949 3060 968 3110 e
998 3031 1028 3112 si
1061 3040 1226 3112 meando
1258 3043 1296 3112 iu
1329 3043 1450 3131 quelle,
1479 3038 1626 3132 scilicet,

454 3158 578 3251 stellis,
596 3158 642 3232 ad
660 3178 753 3252 quas
778 3158 953 3252 parabam
968 3152 1006 3251 (¹)
1024 3158 1096 3233 cito
1113 3158 1326 3253 pervenire3
1348 3161 1516 3249 deceno,
1533 3158 1626 3254 dico,

453 3282 515 3353 ete
535 3285 686 3369 soveete,
703 3277 806 3371 idest,
827 3299 935 3373 saepe,
952 3299 995 3352 so
1020 3281 1052 3353 le
1074 3280 1208 3352 novelle
1224 3282 1309 3352 anzi
1327 3280 1387 3352 elte
1398 3282 1424 3352 ’l
1444 3280 1534 3374 selle
1550 3283 1627 3374 sia;

455 3398 542 3494 quia
558 3403 667 3494 poeta
691 3397 728 3471 in
754 3397 823 3472 isto
848 3418 978 3472 somno
999 3389 1134 3491 lecitl¹)
1157 3397 1341 3472 somnium
1360 3419 1491 3474 verum
1514 3419 1627 3493 super

455 3538 497 3593 re
521 3524 623 3592 certa
648 3524 686 3592 et
710 3516 955 3614 praecogitata,
981 3538 1069 3593 cum
1093 3517 1306 3592 dellorasset
1334 3537 1382 3592 ex
1407 3517 1488 3592 altis
1514 3518 1626 3613 apici-

455 3640 524 3713 bus
550 3637 751 3733 pulcriores
775 3659 823 3714 ex
851 3638 984 3733 quibus
1009 3643 1223 3714 contexeret
1252 3659 1387 3714 novam
1419 3640 1625 3714 materiam.

454 3761 604 3834 -Nell'
616 3779 696 3832 ora.
728 3759 834 3832 Nunc
867 3764 974 3854 poeta
1004 3757 1176 3832 describit
1208 3757 1328 3852 ipsum
1360 3759 1558 3854 somnium,
1590 3760 1627 3834 in

456 3899 532 3974 quo
557 3879 659 3974 lingit
683 3899 724 3954 se
749 3878 879 3953 vidisse
895 3877 1090 3952 mulierem
1113 3878 1278 3972 pulcram
1296 3882 1334 3952 el
1350 3879 1521 3974 pudicam
1539 3901 1628 3953 can-

358 4018 363 4027 ·
457 4005 605 4074 mntem.
638 3999 693 4074 td
727 3998 1002 4095 intelligentiam
1036 4004 1163 4072 autem
1202 3997 1304 4071 istius
1338 3998 1568 4073 nobilissimae
1591 3989 1627 4091 (³)

456 4119 731 4214 notionisque
762 4118 1010 4195 communiter
1043 4118 1140 4193 mule
1174 4119 1381 4227 exponitur,
1414 4125 1469 4194 est
1508 4119 1627 4215 primo

456 4240 656 4334 sciendum,
683 4240 781 4334 quod
806 4245 913 4334 poeta
937 4238 1108 4314 describit
1132 4237 1190 4312 bic
1215 4238 1358 4314 occulte
1393 4238 1628 4333 praeclarissi-

458 4381 558 4435 mam
576 4361 797 4436 comitissam
815 4359 1031 4453 llatbildim3
1051 4359 1132 4434 ideo
1150 4379 1218 4453 pro
1235 4359 1416 4456 exigentia
1434 4359 1487 4434 rei
1505 4360 1628 4454 aliqua

457 4481 714 4576 compendiose
737 4480 868 4574 dicam,
894 4480 1089 4555 exordiens
1114 4479 1162 4552 ab
1179 4478 1290 4574 ipsius
1307 4486 1403 4553 ortu.
1428 4479 1510 4552 Fuit
1535 4499 1625 4576 crgo

457 4599 607 4695 quidam
634 4601 762 4675 nobilis
779 4601 946 4696 princeps
970 4600 1017 4674 de
1041 4598 1207 4695 partibus
1231 4599 1371 4674 Tusciae
1393 4599 1430 4672 in
1449 4600 1625 4675 comitatu

458 4722 596 4796 lucensi
612 4728 728 4815 ortus,
746 4721 895 4796 studens
916 4720 973 4794 sui
992 4719 1148 4795 nominis
1164 4719 1321 4815 gloriam
1339 4720 1527 4815 ampliare.
1554 4721 1625 4816 lgi-

459 4849 521 4917 tur
545 4842 855 4938 longobardorum
882 4840 973 4915 lines
989 4840 1187 4936 ingressus,
1208 4842 1340 4914 multas
1358 4841 1531 4934 civitates,
1551 4849 1627 4916 ter-

521 5105 548 5167 t¹l
564 5107 618 5163 117,
633 5105 777 5168 mabam
902 5102 929 5165 (¹)
945 5103 976 5154 B.
992 5101 1061 5153 lucil.
1187 5100 1214 5164 (¹)
1233 5106 1286 5164 117,
1302 5101 1482 5153 subtilissime.
