4575 6842
827 997 966 1052 caurus
991 999 1154 1053 ruamus.
1508 987 1580 1055 375

406 1143 535 1238 telam3
561 1149 598 1218 et
623 1143 733 1218 telam
761 1147 869 1217 vocat
893 1141 1007 1237 ipsam
1026 1141 1230 1215 orationem
1253 1161 1338 1236 quoe
1354 1142 1493 1217 texitur
1510 1142 1579 1215 lin·

291 1267 293 1270 ’
404 1282 490 1360 gua.
504 1267 730 1356 -Perscttc
756 1262 861 1335 Nunc
887 1261 1021 1334 [lantes
1041 1259 1142 1355 ponit
1159 1260 1365 1336 orationem
1391 1261 1580 1357 ipsius'Pi·

404 1382 563 1476 cbardoe,
580 1403 665 1477 quae
685 1382 805 1476 primo
821 1380 1051 1455 laudabiliter
1067 1379 1239 1454 describit
1255 1382 1403 1456 beatam
1421 1384 1579 1478 Claram,

405 1503 511 1578 cuius
537 1503 703 1600 regulam
732 1502 808 1596 ipsa
833 1501 1044 1576 intraverat.
1070 1501 1114 1573 Et
1139 1501 1186 1574 ad
1211 1502 1350 1577 claram
1376 1503 1582 1600 intelligen-

406 1625 494 1700 tiam
519 1623 624 1698 istius
638 1616 674 1718 (¹)
701 1623 817 1696 literae
842 1629 898 1696 cst
923 1621 1201 1717 praesciendum,
1224 1623 1323 1717 quod
1350 1623 1456 1698 beata
1474 1624 1581 1698 Clara

406 1744 555 1819 nornine
580 1750 618 1818 et
644 1761 695 1836 re,
722 1742 809 1836 quia
837 1741 977 1839 magnis
1004 1742 1201 1816 virtutibus
1225 1743 1369 1837 claruit,
1394 1743 1463 1817 luit
1492 1763 1582 1818 oon·

406 1872 578 1940 terranea
603 1871 640 1940 et
665 1872 973 1959 contemporanea
1000 1864 1097 1938 beati
1127 1863 1320 1958 Francisci‚
1347 1864 1426 1938 eius
1451 1864 1579 1940 dilecta
1611 1898 1613 1901 ·

407 1991 444 2060 et
468 1984 611 2079 devota,
638 2005 723 2081 quae
748 1985 784 2058 in
810 1984 980 2059 omnibus
1007 1985 1103 2058 illius
1127 1985 1279 2081 vestigia
1299 1986 1413 2059 voluit
1433 1986 1581 2081 imitari,

407 2107 443 2181 io
469 2113 695 2203 paupertate,
713 2105 876 2198 caritate,
899 2105 1113 2199 bumilitate,
1135 2106 1344 2199 sobrietate,
1365 2107 1524 2201 puritate
1544 2114 1582 2182 ct

407 2227 644 2323 simplicitate.
660 2228 746 2301 Haec
764 2246 925 2319 namque
938 2225 1183 2299 sacratissima
1197 2233 1234 2300 et
1246 2227 1447 2301 clarissima
1464 2227 1581 2325 virgo,

408 2347 620 2422 haereditate
646 2347 804 2440 vendita,
830 2345 877 2420 de
907 2345 1024 2441 pretio
1040 2337 1077 2438 (²)
1105 2346 1192 2420 nibil
1226 2367 1432 2442 reservans,
1463 2356 1580 2424 totum

408 2468 629 2565 pauperibus
654 2467 844 2564 erogavit3
870 2473 907 2542 et
931 2487 1099 2543 amorem
1127 2489 1214 2542 cnm
1246 2475 1462 2563 paupertate
1493 2491 1583 2545 con-

409 2587 529 2682 traxit,
556 2594 598 2661 ut
623 2587 710 2660 nibil
736 2592 870 2682 praeter
894 2586 1014 2661 Deum
1041 2588 1179 2662 babere
1204 2587 1323 2682 vellet,
1350 2579 1486 2681 nibill³t
1514 2589 1582 2663 nisi

408 2707 656 2782 necessarium
683 2706 942 2781 vestimentum
961 2713 998 2780 et
1018 2707 1156 2780 victum
1180 2695 1409 2802 permitteret
1434 2730 1457 2782 a
1477 2729 1582 2783 soro·

410 2827 511 2902 ribus
536 2825 657 2921 recipi.
684 2827 839 2900 Etcum
866 2825 1064 2922 Gregorius
1094 2828 1142 2901 lx
1172 2828 1282 2902 vellet
1311 2827 1424 2924 ipsam
1460 2829 1583 2903 absol·

410 2965 497 3022 vere
521 2965 544 3020 a
570 2953 656 3020 voto
678 2952 752 3019 tam
773 2953 887 3021 arctae
903 2947 1139 3042 paupertatis,
1163 2949 1346 3042 respondit
1365 2950 1440 3023 alto
1456 2949 1581 3023 animo

343 3095 345 3100 ·
409 3064 514 3162 virgo
539 3065 726 3161 praeclara‚
753 3087 793 3142 se
818 3067 913 3140 velle
937 3066 1075 3140 absolvi
1100 3087 1123 3140 a
1149 3068 1317 3161 peccatis,
1345 3090 1418 3144 non
1443 3091 1466 3143 a
1492 3089 1582 3143 con-

409 3183 495 3260 siliis
527 3185 611 3260 lesu
648 3186 790 3259 Christi.
826 3185 986 3282 legebat
1023 3185 1135 3281 igitur
1169 3188 1412 3261 tenerrimum
1447 3209 1582 3282 corpu-

410 3306 554 3380 sculum
581 3305 709 3400 simpla
734 3304 897 3380 tunicula
928 3313 965 3379 et
990 3305 1051 3378 vili
1072 3305 1237 3400 palliolo:
1267 3305 1303 3380 in
1337 3307 1436 3382 nuda
1467 3310 1582 3382 humo
1611 3307 1614 3315 '

410 3445 507 3521 saepe
537 3447 649 3521 super
682 3432 868 3500 sarmenta
893 3425 1050 3520 Jacebat,
1078 3432 1114 3499 et
1140 3427 1321 3500 nodosum
1348 3428 1507 3502 cilicium
1534 3449 1580 3503 er

410 3546 488 3642 pilis
504 3546 733 3622 camelorum
760 3546 939 3640 portabat,
958 3545 1024 3619 etsi
1042 3545 1239 3638 aliquando
1266 3548 1410 3622 mollius
1437 3568 1503 3623 usa
1529 3555 1585 3624 est

410 3686 516 3742 sacco
542 3667 744 3762 palearum.
763 3667 856 3742 Cum
883 3672 1008 3739 autem
1035 3665 1139 3739 furor
1165 3665 1337 3742 Friderici
1355 3671 1397 3762 ll,
1414 3670 1477 3764 qui
1496 3678 1585 3744 tunc

410 3786 569 3860 vexabat
586 3805 779 3860 romanam
798 3784 986 3860 ecclesiam
1007 3784 1209 3860 induxisset
1227 3807 1424 3861 saracenos
1440 3788 1487 3863 de
1507 3792 1584 3863 Nu-

412 3906 510 3982 ceria
537 3927 655 3999 usque
680 3906 866 3999 Assisium,
884 3906 963 3979 baec
982 3905 1160 4000 praeclara
1187 3906 1303 4003 virgo,
1325 3907 1491 3982 invocata
1512 3910 1585 3984 lle-

412 4026 496 4124 gina
523 4025 722 4123 virginum,
748 4026 1014 4100 monasterium
1048 4047 1159 4100 suurn
1191 4047 1214 4102 a
1244 4028 1490 4103 barbarorum
1517 4050 1585 4103 sm-

405 4147 499 4223 -vitia
532 4147 700 4222 liberavit
733 4154 770 4221 et
804 4145 987 4221 civitatem
1022 4147 1070 4220 ab
1103 4147 1301 4223 obsidione.
1337 4149 1584 4246 Quadraginta

413 4267 557 4342 dnobus
582 4267 686 4342 annis
712 4270 790 4342 lraec
814 4266 919 4364 virgo
944 4287 1100 4342 currens
1119 4268 1158 4342 in
1177 4268 1305 4363 stadio,
1325 4271 1472 4346 tandem
1498 4273 1585 4345 bra·

413 4387 515 4462 vium
541 4387 774 4462 beatitudinis
799 4393 854 4462 est
878 4389 1026 4483 adepta:
1053 4389 1111 4462 cui
1143 4389 1310 4464 redeunti
1340 4391 1387 4464 ad
1416 4391 1585 4486 patriam,

413 4506 551 4602 Regina
568 4506 786 4603 angelorum
815 4529 949 4604 magna
975 4507 1084 4582 turba
1111 4509 1295 4604 virginum
1322 4511 1495 4585 comitata
1520 4532 1585 4586 oc·

413 4625 542 4720 currit,
567 4632 604 4700 et
629 4646 697 4700 suo
721 4627 879 4722 suscepit
898 4627 935 4700 in
951 4627 1114 4723 gremio:
1133 4649 1246 4722 quarn
1264 4628 1470 4705 Alexander
1486 4631 1532 4704 lV
1547 4621 1584 4725 (ἢ

413 4751 562 4842 propter
586 4745 767 4821 virtutum
794 4747 925 4822 merita
951 4754 989 4822 et
1014 4747 1281 4822 miraculorum
1305 4771 1440 4846 magna
1466 4753 1588 4846 prodi·

413 4867 474 4964 gia
499 4874 710 4940 sanctorum
737 4868 904 4964 catalogo
928 4867 1042 4940 libens
1066 4867 1264 4964 adscripsit.
1292 4871 1397 4945 Nunc
1428 4872 1474 4946 ad
1506 4872 1588 4946 lite-

1422 5013 1586 5022 ————.

477 5057 503 5118 (¹)
518 5056 544 5106 S.
561 5055 638 5106 buius
654 5056 745 5108 litere.
1009 5057 1039 5119 (¹)
1055 5062 1079 5115 l.
1096 5059 1182 5120 pretio
1197 5060 1243 5110 slbl
1261 5061 1333 5110 nibil.

478 5132 506 5196 (ἢ
521 5131 552 5182 li.
568 5135 596 5182 et
610 5131 682 5182 nibil.
1010 5131 1038 5195 (⁸)
1054 5133 1084 5183 Ε.
1100 5139 1210 5198 quartus
1225 5149 1289 5198 papa
1305 5141 1420 5199 propter.
