4575 6842
703 957 773 1026 302
1094 968 1299 1024 couanrunr
1323 968 1492 1022 rnnsnrsr

698 1113 745 1189 ad
773 1114 905 1190 urbem
924 1115 1087 1190 Celaenas
1107 1113 1258 1207 adduxit
1284 1113 1503 1206 exercitum,
1520 1112 1628 1187 cuius
1654 1113 1791 1187 muenia
1820 1113 1878 1187 in-

700 1234 837 1308 teriluit
862 1236 1025 1331 Marsyas
1049 1234 1169 1309 amnis
1199 1233 1372 1309 fabulosis
1402 1235 1619 1310 Graecorum
1651 1232 1877 1308 carminibus
1929 1257 1937 1272 ·

700 1354 867 1451 inclytus.
894 1355 1018 1429 Livius
1043 1362 1169 1430 umen
1193 1355 1279 1430 dicit
1303 1353 1402 1450 quod
1427 1354 1624 1430 Menander
1656 1361 1711 1430 est
1744 1354 1878 1428 fluvius

701 1461 850 1572 grandis
881 1475 1094 1573 navigabilis
1118 1481 1224 1550 ortus
1255 1495 1301 1550 en
1337 1495 1484 1550 summa
1515 1496 1604 1550 arce
1629 1459 1874 1568 Celaenarum,

701 1616 787 1690 quae
804 1594 989 1690 quondam
1009 1594 1077 1669 luit
1102 1600 1214 1691 caput
1230 1594 1398 1692 Pbrygiae
1416 1601 1454 1670 et
1472 1595 1634 1691 Marsyas
1653 1594 1783 1688 amnis,
1803 1614 1876 1668 non

701 1717 812 1812 longe
837 1737 858 1789 a
886 1715 1071 1790 Menandri
1098 1715 1257 1792 lontibus
1282 1716 1417 1808 oriens,
1435 1716 1471 1789 in
1497 1715 1737 1791 Menandrum
1759 1714 1874 1809 cadit-3

701 1836 855 1911 etfama
873 1840 973 1910 tenet
988 1836 1171 1932 Marsyam
1189 1834 1288 1931 apud
1300 1831 1463 1910 Celaenas
1481 1841 1642 1912 certasse
1661 1856 1747 1910 cum
1766 1823 1877 1930 Apol·

701 1957 774 2031 line
800 1956 972 2030 tibiarum
999 1962 1123 2051 cantu,
1150 1962 1187 2031 et
1213 1957 1294 2052 plus
1319 1957 1431 2031 credo
1456 1956 1557 2031 Livio
1583 1978 1695 2051 quarn
1722 1956 1874 2050 Curtio:

700 2055 799 2152 unde
824 2078 995 2151 Lucanus
1015 2097 1175 2172 sequens
1195 2076 1339 2151 Livium
1358 2075 1454 2171 dicit,
1473 2076 1572 2171 quod
1588 2077 1749 2172 Marsyas
1774 2077 1878 2151 velo·

699 2197 790 2273 citer
815 2197 1039 2273 descendens
1066 2181 1168 2274 recto
1194 2219 1306 2274 cursu
1334 2198 1446 2272 intrat
1470 2196 1710 2274 Menandrum
1733 2198 1878 2272 denuo-

699 2341 783 2394 sum
810 2318 927 2394 valde.
954 2319 1008 2393 nd
1034 2318 1179 2394 literam
1206 2339 1297 2416 ergo
1322 2319 1408 2395 dicit
1425 2325 1556 2414 poeta:
1587 2321 1759 2412 OApolio
1776 2324 1878 2390 enda

698 2442 759 2514 nei
782 2445 878 2533 petto
904 2441 987 2530 mio,
1012 2439 1116 2534 idest,
1142 2459 1220 2534 cor,
1250 2445 1288 2514 et
1319 2439 1438 2534 ipsum
1471 2439 1529 2514 iac
1560 2438 1696 2533 audax,
1726 2459 1746 2510 e
1776 2441 1878 2530 spira

702 2569 769 2653 tue,
795 2581 862 2656 pro
889 2565 942 2654 tu,
968 2559 1055 2653 quia
1082 2560 1229 2655 spiritus
1259 2559 1323 2633 ubi
1356 2560 1437 2634 vult
1469 2559 1605 2655 spirat3
1641 2559 1739 2634 unde
1770 2558 1875 2632 multi

705 2681 835 2757 rolant
859 2680 959 2775 quod
984 2687 1092 2777 poeta
1118 2679 1295 2777 intelligat
1320 2679 1379 2754 bic
1395 2679 1442 2755 de
1458 2680 1612 2775 Christo,
1633 2679 1697 2774 qui
1714 2685 1770 2754 est
1786 2700 1876 2754 vera

703 2801 879 2898 sapientia
905 2801 1042 2896 Patris3
1064 2807 1189 2877 tamen
1207 2801 1312 2877 litera
1328 2819 1487 2896 sequens
1502 2800 1658 2875 ostendit
1681 2821 1747 2896 per
1770 2800 1877 2875 labu-

695 2925 790 3018 lam,
817 2923 915 3019 quod
941 2930 1051 2998 autor
1077 2923 1252 3018 loquatur
1277 2921 1429 3018 poetice,
1454 2925 1612 3017 siccome,
1636 2921 1777 3017 supple,
1803 2919 1878 3016 spi-

701 3043 801 3139 ra'sti,
824 3043 960 3119 scilicet
993 3049 1070 3117 tam
1096 3043 1263 3117 valenter
1289 3048 1326 3116 ct
1354 3041 1563 3137 efficaciter,
1590 3045 1732 3134 quondo
1757 3043 1878 3116 traesd

701 3168 854 3260 Marcia,
883 3165 1090 3258 loquacem,
1118 3162 1297 3257 lallacem,
1319 3162 1382 3257 qui
1410 3168 1653 3258 usurpaverat
1678 3161 1745 3237 sibi
1770 3161 1876 3236 listu-

700 3265 775 3359 lam
801 3282 967 3378 Palladis,
1000 3286 1093 3357 della
1122 3285 1255 3373 capim
1287 3285 1373 3356 delle
1404 3283 1561 3355 membro
1587 3303 1668 3376 sae;
1697 3281 1801 3376 idest,
1831 3281 1878 3355 de

701 3407 806 3501 pelle,
833 3425 946 3499 quam
981 3423 1048 3499 per
1086 3403 1252 3498 pulcram
1288 3402 1542 3498 metaphoram
1576 3401 1733 3498 appellat
1772 3400 1876 3497 vagi·

701 3546 802 3620 nam,
828 3544 913 3619 qua
938 3524 1109 3618 continet,
1136 3528 1331 3598 conservat
1355 3529 1393 3597 et
1418 3521 1575 3597 custodit
1598 3521 1877 3616 earnem,‘sicut

705 3641 838 3742 vagina
869 3643 1156 3740 gladium-0
1185 3647 1306 3717 divino
1335 3639 1438 3718 virid.
1469 3643 1574 3717 Nunc
1604 3649 1713 3738 poeta
1743 3641 1878 3716 Dantes

702 3773 746 3840 ut
772 3763 898 3841 reddat
923 3763 1125 3860 Apollinem
1151 3764 1350 3860 propitium
1376 3771 1414 3838 et
1439 3763 1676 3839 favorabilem
1694 3761 1761 3836 sibi
1779 3761 1876 3837 ciria

702 3886 913 3982 petitionem
940 3906 1061 3979 suam,
1077 3885 1257 3981 promittit
1281 3885 1330 3958 illi
1357 3883 1709 3976 remunerationem,
1740 3881 1878 3957 scilicet

703 4005 970 4082 laureatiouem
997 4005 1054 4080 sui
1080 3999 1130 4098 (¹).
1156 4005 1210 4079 nd
1231 4006 1337 4080 cuius
1356 4006 1408 4080 rei
1425 4004 1708 4080 declarationem
1727 4009 1782 4078 est
1799 4004 1877 4079 ala-

702 4127 756 4202 cri
772 4125 897 4201 animo
918 4124 1240 4220 considerandum,
1266 4125 1365 4220 quod
1387 4125 1516 4200 laurus
1541 4125 1651 4203 babet
1667 4123 1713 4198 de
1731 4123 1788 4198 sui
1810 4143 1877 4197 ua-

703 4254 787 4321 tura
821 4246 945 4341 plures
980 4245 1181 4320 laudabiles
1214 4246 1480 4341 proprietates:
1512 4244 1642 4340 primo,
1678 4243 1765 4339 quia
1796 4243 1877 4318 eius

622 4369 625 4376 ⁴
704 4373 836 4442 natura
862 4373 918 4440 est
943 4365 1059 4440 calida
1085 4372 1123 4440 et
1148 4366 1254 4460 sicca,
1280 4366 1362 4442 ideo
1389 4367 1484 4441 bene
1508 4365 1683 4461 competit
1699 4363 1815 4461 poetis
1840 4369 1877 4439 et

702 4485 939 4582 principibus,
966 4485 1030 4579 qui
1057 4485 1181 4561 calore
1197 4486 1333 4582 ingenii
1350 4492 1387 4560 et
1403 4485 1515 4560 animi
1533 4484 1741 4560 avidissime
1761 4484 1876 4580 petie·

703 4613 791 4680 runt
807 4604 968 4700 laudem,
988 4606 1166 4681 bonorem
1187 4612 1225 4680 et
1240 4606 1415 4704 gloriam:
1434 4605 1607 4700 secundo,
1626 4606 1712 4700 quia
1730 4624 1877 4700 semper

702 4724 809 4821 viret,
835 4732 873 4800 ct
896 4725 946 4800 ita
974 4725 1071 4802 lama
1096 4726 1303 4822 principum
1325 4732 1363 4800 et
1383 4731 1576 4821 poetamm
1595 4745 1741 4822 semper
1759 4725 1875 4822 riget3

704 4845 779 4918 imo
804 4843 834 4918 si
860 4850 1002 4919 tantum
1030 4844 1178 4921 dimidia
1202 4844 1315 4921 bacca
1341 4845 1436 4920 lauri
1462 4847 1646 4941 plantetur
1670 4843 1874 4941 germinat:

764 5103 793 5166 (¹1
809 5105 840 5156 E.
857 5117 939 5156 arram.
