4575 6842
806 1009 944 1067 usurus
969 1012 1151 1067 summus.
1363 1000 1365 1003 ’
1497 1002 1568 1069 477

392 1159 448 1229 est
464 1153 629 1229 distincta
642 1152 689 1229 ab
702 1153 788 1249 alia3
804 1155 902 1230 unde
914 1155 1016 1230 dicit:
1033 1162 1155 1230 creato
1168 1158 1209 1249 su
1228 1159 1265 1230 lu
1283 1161 1431 1231 materia
1446 1161 1567 1251 clienti

392 1272 686 1369 tanumscilicet,
706 1275 861 1349 materia
873 1273 1085 1371 praeiacens,
1098 1276 1158 1351 vel
1171 1277 1327 1352 materia
1344 1278 1462 1373 prima
1481 1298 1565 1373 quae

391 1394 524 1471 dicitur
549 1396 609 1493 yle
623 1388 674 1489 (¹),
700 1402 821 1473 meato
842 1400 884 1491 [u
913 1399 951 1470 ta
979 1390 1072 1471 nuti
1105 1400 1330 1491 informate,
1360 1418 1444 1493 quae
1468 1398 1567 1474 dedit

393 1516 549 1591 lormam
576 1514 640 1609 eis,
659 1516 698 1588 in
722 1522 836 1607 quaa
855 1518 950 1591 stelle
965 1517 1178 1591 clte'ntorno
1201 1538 1225 1590 a
1247 1520 1303 1590 lor
1322 1539 1453 1609 nonno,
1478 1516 1566 1612 quia

391 1636 533 1733 soberae
550 1634 719 1711 ooelestes
739 1637 940 1711 volvuntur
958 1637 1056 1713 circa
1074 1638 1226 1735 spherus
1251 1638 1506 1713 elementares.
1518 1679 1567 1693 -

394 1759 575 1832 L'onimo.
603 1756 669 1831 llic
694 1755 844 1831 Beatrix
869 1758 1026 1833 ostendit
1053 1758 1148 1833 idem
1180 1758 1219 1833 in
1247 1760 1442 1835 animabus
1468 1759 1567 1855 quod

386 1878 465 1973 jam
490 1876 646 1953 ostendit
670 1876 707 1950 iu
733 1877 968 1973 corporibus:
995 1885 1031 1953 et
1049 1880 1127 1955 vult
1154 1879 1416 1955 sententialiter
1441 1880 1566 1956 dicere

390 1998 490 2093 quod
523 1997 617 2074 sieut
646 1997 682 2071 iu
717 1997 932 2093 eorporibus
963 1999 1089 2094 aliqua
1120 2006 1207 2075 sunt
1241 2000 1425 2075 mediante
1458 2002 1565 2095 coelo,

389 2119 484 2195 sicut
508 2120 691 2194 elementa
716 2124 754 2193 et
778 2119 1010 2214 elementata,
1036 2120 1160 2215 aliqua
1189 2140 1280 2196 vero
1306 2118 1564 2196 immediatea

389 2238 478 2333 lieo,
495 2237 589 2312 siout
614 2235 681 2333 ipsi
705 2237 807 2332 ooeli3
834 2237 883 2313 ita
908 2238 1042 2333 aliquae
1067 2238 1201 2314 animae
1230 2238 1421 2316 subiacent
1446 2239 1562 2313 motui

388 2358 485 2455 eoeli,
511 2357 593 2433 ideo
618 2359 754 2435 babent
770 2358 881 2433 linem
908 2366 945 2434 et
969 2358 1265 2455 corruptionem3
1284 2360 1452 2455 quaedam
1473 2380 1563 2435 vero

389 2499 462 2554 nou
488 2477 678 2554 subiacent
708 2479 826 2555 motui
857 2478 953 2574 omli,
979 2479 1061 2553 ideo
1090 2485 1177 2554 sunt
1206 2479 1442 2555 immortales.
1469 2479 1562 2554 Dicit

388 2620 499 2697 ergo:
518 2604 568 2673 Lo
583 2602 713 2693 requio
738 2602 794 2675 e't
817 2607 909 2673 moto
934 2602 1020 2673 delle
1040 2602 1233 2690 ruossano,
1252 2597 1560 2692 idestinlluentia

387 2726 426 2795 et
456 2719 573 2795 virtus
605 2720 806 2815 stellarum,
839 2724 922 2813 tiro,
960 2719 1062 2815 idest,
1101 2719 1208 2815 elicit,
1243 2721 1400 2793 tunimo
1432 2722 1559 2812 d'oyni

388 2842 503 2933 muto,
528 2840 630 2935 idest,
656 2860 804 2917 omnem
830 2840 993 2916 animam
1018 2838 1241 2935 sensitivam,
1270 2863 1289 2915 e
1313 2842 1400 2915 uero
1426 2843 1559 2933 pune,

387 2962 490 3057 idest,
516 2982 665 3037 omnem
691 2962 852 3037 animam
879 2960 1137 3059 vegetativam,
1172 2962 1210 3035 di
1238 2964 1465 3053 complession
1489 2983 1560 3057 po-

387 3084 553 3173 mima,
578 3081 665 3175 quia
689 3080 770 3155 talis
794 3080 918 3156 anima
943 3080 1112 3156 educitur
1129 3080 1176 3154 de
1197 3080 1356 3175 potentia
1384 3083 1559 3179 materiae,

386 3201 479 3277 idest
493 3193 530 3295 (¹)
555 3202 666 3276 simul
691 3221 777 3276 eum
803 3221 959 3297 corpore
984 3201 1115 3296 oritur,
1141 3200 1251 3276 simul
1280 3201 1450 3276 moritur.
1477 3204 1557 3277 Non

386 3323 438 3397 sic
458 3328 513 3397 est
537 3321 584 3397 de
607 3321 730 3398 anima
753 3321 932 3416 rationali,
951 3320 1037 3415 quia
1052 3311 1090 3413 (³)
1111 3318 1211 3395 veuit
1227 3321 1274 3395 ab
1293 3327 1409 3415 extra,
1423 3321 1561 3397 scilicet

384 3464 406 3517 a
432 3442 521 3535 Deo,
546 3449 584 3517 et
609 3448 664 3517 est
690 3461 749 3516 res
774 3439 906 3514 divina.
933 3440 1035 3514 Unde
1059 3437 1164 3515 dicit:
1191 3461 1250 3513 mn
1275 3444 1312 3514 lo
1336 3462 1472 3514 somma
1498 3442 1557 3514 be·

384 3566 556 3653 mnonzo,
583 3561 685 3657 idest,
703 3559 959 3635 benevolentia
983 3566 1021 3634 et
1046 3558 1251 3656 benignitas
1274 3560 1351 3655 Dei,
1368 3563 1468 3655 snio
1493 3582 1559 3635 no·

383 3690 462 3758 stro
485 3685 570 3775 vito,
595 3682 687 3757 idest
711 3680 872 3756 animam
907 3680 1109 3753 humanam
1143 3679 1303 3755 creando
1333 3681 1487 3756 infundit
1519 3689 1555 3757 et

384 3801 605 3878 infundendo
630 3807 744 3895 creat,
768 3821 878 3873 senza
904 3820 1039 3893 mezzo,
1067 3798 1147 3873 sine
1172 3801 1384 3895 operatione
1412 3800 1507 3897 cmii,
1538 3824 1557 3876 e

384 3926 421 3996 la
444 3924 636 3995 omamora
660 3922 698 3995 di
721 3916 771 4010 sd,
788 3919 876 4014 quia
893 3916 1070 3994 naturalis
1094 3937 1201 3992 amor
1227 3925 1282 3992 est
1306 3918 1353 3993 ad
1378 3912 1557 4013 meumst

384 4044 444 4119 ele
462 4045 527 4137 poi
550 4061 687 4137 sempre
710 4044 746 4115 lo
771 4043 897 4131 disiru,
915 4038 1001 4133 quia
1020 4058 1226 4132 numquam
1246 4038 1432 4133 quietatur
1449 4060 1557 4116 amor

384 4171 423 4240 et
446 4162 667 4239 desiderium
693 4160 852 4238 bominis
877 4159 944 4234 uisi
960 4160 997 4233 in
1014 4158 1087 4234 fine
1107 4159 1235 4235 redeat
1249 4158 1297 4235 ad
1314 4159 1433 4258 ipsum
1454 4162 1556 4257 priu-

384 4284 530 4381 cipium.
557 4286 601 4358 Et
624 4282 683 4357 bic
709 4288 796 4357 nota
821 4281 920 4378 quod
945 4300 1031 4355 cum
1064 4280 1164 4355 Deus
1193 4300 1339 4355 summe
1373 4281 1492 4357 bouus
1518 4287 1554 4358 et

383 4406 544 4504 perfecte
560 4405 689 4479 beatus
707 4402 928 4477 eternaliter
945 4400 1067 4495 fuerit,
1086 4401 1201 4476 voluit
1219 4400 1340 4477 lacere
1360 4402 1450 4476 alios
1471 4422 1555 4497 par·

383 4526 507 4623 tieipes
522 4522 755 4600 beatitudiuis
767 4512 821 4617 (⁸);
836 4528 873 4597 et
890 4521 975 4617 quia
993 4520 1073 4596 eius
1089 4519 1278 4596 beatitudo
1295 4540 1369 4595 nou
1386 4526 1505 4617 potest
1515 4511 1553 4614 (⁵)

381 4643 587 4743 participari
613 4643 679 4717 nisi
705 4662 769 4738 per
796 4641 1032 4736 intellectum,
1049 4646 1085 4716 et
1111 4646 1250 4735 quanto
1277 4641 1393 4737 magis
1419 4640 1553 4716 intelli·

380 4767 491 4865 gitur,
519 4770 619 4839 tanto
646 4763 762 4860 magis
786 4763 955 4855 babetur,
981 4759 1063 4836 ideo
1088 4758 1173 4836 fecit
1205 4760 1419 4836 rationalem
1446 4782 1552 4837 erea-

381 4895 505 4962 turam
531 4891 574 4958 ut
598 4883 826 4980 intelligeret,
851 4880 1083 4977 intelligendo
1108 4888 1264 4975 amaret,
1284 4879 1444 4956 amando
1467 4902 1552 4977 pos·

444 5078 472 5138 (¹)
489 5075 520 5125 E.
536 5074 588 5126 ilia.
853 5070 927 5134 (⁸)E.
944 5069 1002 5121 ideo
1019 5067 1105 5121 simul.
1176 5067 1203 5131 (⁸)
1220 5068 1251 5121 E.
1267 5082 1283 5119 e
1299 5073 1323 5130 t,
1339 5082 1397 5133 qun
1413 5069 1491 5120 veuit.

444 5154 472 5217 (⁸)
487 5152 519 5204 Ε.
535 5166 589 5203 sua
604 5150 777 5203 beasstudiule.
855 5150 883 5213 (⁸)
898 5148 929 5198 B.
945 5147 1037 5211 potuit.
