4575 6842
738 955 809 1024 etl
1128 963 1332 1020 counurun
1356 965 1524 1018 nnnnnlsr

735 1111 875 1209 garitae,
900 1131 944 1182 ne
968 1111 1124 1182 riocoettc
1143 1130 1213 1201 per
1237 1115 1336 1182 eutro
1354 1111 1411 1200 ec,
1431 1115 1469 1183 et
1494 1129 1582 1184 ecce
1607 1109 1759 1183 modum
1793 1109 1907 1183 mira·

734 1231 859 1322 bilem,
872 1251 967 1302 come
980 1248 1094 1321 acqua
1108 1249 1230 1321 recepe
1250 1231 1380 1320 ruppio
1397 1231 1435 1302 u·
1451 1232 1525 1302 luce
1535 1232 1780 1322 pumuncndo
1796 1231 1906 1320 unito,

735 1351 821 1446 quia
846 1371 944 1444 aqua
969 1369 1044 1423 non
1068 1349 1330 1444 corrumpitur,
1356 1356 1393 1424 et
1426 1349 1549 1423 radius
1578 1349 1664 1423 solis
1694 1349 1833 1424 transit.
1863 1349 1907 1422 Et

737 1471 795 1544 hic
821 1476 905 1545 nota
932 1470 1027 1544 bene
1052 1469 1152 1563 quod
1176 1476 1286 1545 antor
1303 1469 1436 1543 merito
1453 1476 1561 1544 vocat
1577 1470 1703 1544 lunam
1726 1471 1906 1566 margari-

738 1599 812 1666 tam
840 1589 1028 1686 multiplici
1053 1589 1222 1664 ratione:
1246 1610 1332 1663 nam
1360 1591 1583 1686 margarite,
1601 1598 1643 1664 ut
1666 1591 1752 1680 dicit
1775 1590 1905 1665 ulber-

737 1719 796 1786 tus
821 1711 914 1785 libro
939 1709 1166 1802 animalium,
1184 1715 1269 1781 sunt
1286 1708 1333 1783 de
1350 1729 1488 1805 genere
1507 1719 1731 1805 ostreorum,
1749 1717 1786 1786 et
1802 1710 1906 1784 d‘urae

738 1838 841 1906 testae
866 1829 1029 1903 habitant
1046 1829 1083 1902 in
1102 1829 1261 1922 conchis,
1278 1850 1364 1923 quae
1380 1831 1543 1906 colorem
1565 1831 1702 1905 nabent
1725 1831 1906 1928 margari-

736 1959 870 2026 tarum.
897 1950 982 2024 Haec
1007 1956 1129 2024 ostrea
1146 1949 1192 2023 ad
1210 1950 1295 2023 litus
1314 1950 1495 2025 venientia
1514 1952 1724 2046 concipiunt
1747 1952 1794 2027 de
1821 1972 1906 2026 rore

736 2072 839 2164 coeli3
869 2071 961 2146 etsi
988 2091 1047 2145 ros
1081 2070 1126 2144 sit
1156 2071 1299 2145 lucidus
1329 2073 1531 2145 matutinus
1562 2080 1600 2147 et
1628 2076 1762 2169 corpus
1792 2074 1906 2150 ostrei

735 2193 831 2267 bene
864 2191 1079 2265 desecatum
1115 2191 1250 2265 lormat
1288 2191 1528 2287 margaritam
1562 2192 1658 2268 bene
1697 2195 1904 2288 rotundam,

735 2334 819 2407 quae
836 2312 984 2406 perlusa
1001 2319 1056 2386 est
1073 2312 1241 2387 albedine
1257 2313 1483 2407 splendente,
1498 2313 1592 2388 sicut
1609 2321 1665 2388 est
1681 2316 1784 2389 color
1795 2315 1906 2390 clara

736 2433 844 2507 lunae.
872 2431 906 2506 Si
932 2439 1059 2506 autem
1088 2452 1149 2506 ros
1173 2432 1219 2504 sit
1243 2433 1472 2528 vespertinus
1502 2439 1540 2508 et
1562 2440 1708 2528 tempus
1739 2434 1905 2508 nubilum

737 2559 774 2628 et
799 2573 933 2648 corpus
958 2553 1068 2626 ostrei
1094 2551 1315 2627 defectivum
1347 2574 1422 2627 non
1448 2561 1647 2651 purgatum
1673 2556 1840 2651 concipit,
1865 2561 1902 2629 et

738 2673 872 2748 format
899 2672 1081 2746 turbidam
1109 2673 1367 2770 margaritam,
1389 2695 1457 2748 nec
1473 2675 1623 2750 inventa
1647 2682 1702 2750 est
1728 2676 1905 2752 hedenus

739 2794 887 2869 maioris
900 2793 1070 2889 ponderis
1082 2793 1231 2868 dimidia
1251 2794 1370 2869 uncia.
1384 2795 1590 2891 Margarita
1604 2802 1785 2869 vocantur
1799 2797 1904 2871 unio-

738 2935 814 3007 nes,
840 2913 927 3007 quia
953 2920 995 2987 ut
1021 2913 1223 3008 plurimum
1249 2914 1434 2988 invenitur
1459 2936 1545 3008 una,
1563 2922 1601 2988 et
1625 2914 1672 2990 ad
1695 2917 1779 3011 plus
1804 2915 1906 3008 duae3

740 3035 949 3130 margarita
974 3033 1230 3108 deformantur
1262 3034 1414 3121 fulmine
1445 3035 1502 3109 vel
1530 3034 1728 3130 grandine3
1757 3057 1906 3132 margu-

738 3150 858 3248 rital¹)
887 3153 1005 3229 mollis
1029 3160 1085 3228 est
1110 3155 1148 3227 in
1171 3175 1281 3248 aqua,
1297 3155 1429 3230 deinde
1452 3155 1614 3230 durescit
1630 3157 1667 3230 in
1689 3156 1845 3252 lapidem
1855 3148 1906 3248 (ἢ.

737 3277 865 3351 Ostrea
891 3293 958 3370 per
984 3281 1126 3347 turmas
1151 3275 1392 3370 egrediuntur
1416 3275 1463 3349 ad
1489 3295 1614 3350 rorem
1640 3275 1904 3367 hauriendum3

737 3395 774 3469 in
799 3401 903 3469 aceto
931 3394 1166 3469 resolvuntur
1190 3401 1229 3468 et
1258 3395 1486 3470 mollescunt,
1518 3397 1572 3470 De
1604 3397 1813 3492 margaritis
1840 3396 1906 3470 ad-

738 3516 811 3588 huc
840 3514 981 3589 dicetur
1007 3513 1044 3587 in
1070 3515 1245 3611 principio
1274 3515 1461 3608 sequentis
1488 3516 1710 3610 capituli-
1725 3521 1814 3590 S'io.
1844 3517 1909 3591 llic

737 3640 847 3709 antor
874 3640 1041 3709 removet
1067 3654 1179 3708 unam
1206 3634 1472 3710 dubitationem
1498 3636 1659 3730 tacitam,
1677 3637 1764 3730 quia
1790 3644 1909 3732 posset

740 3753 821 3848 quis
834 3759 974 3848 petere:
990 3754 1176 3847 quomodo
1193 3761 1232 3827 tu
1252 3754 1392 3828 intrasti
1410 3776 1545 3850 corpus
1561 3757 1671 3849 lnnae,
1686 3776 1771 3830 cum
1790 3777 1906 3830 unum
1982 3785 1988 3795 ·

739 3893 872 3969 eorpus
897 3874 1053 3949 solidum
1079 3896 1154 3949 non
1179 3875 1290 3970 possit
1320 3875 1460 3950 intrare
1488 3895 1622 3971 corpus
1649 3875 1805 3950 solidum
1831 3875 1910 3950 sine

738 3994 999 4088 corruptione?
1024 3995 1221 4089 respondet
1244 4003 1353 4069 autor
1370 3995 1470 4089 quod
1489 3996 1585 4070 istud
1611 3997 1685 4070 non
1709 4003 1828 4090 potest
1852 3995 1909 4070 in·
1976 4048 1980 4054 -

739 4114 851 4210 telligi
875 4113 913 4188 in
944 4115 1020 4188 istis
1047 4115 1293 4208 naturalibus,
1319 4115 1418 4190 nnde
1443 4115 1547 4190 dicit:
1578 4118 1663 4189 Sto
1692 4137 1757 4188 ero
1785 4137 1908 4209 corpo,

738 4235 843 4330 quasi
868 4235 981 4309 dicat:
1008 4235 1132 4310 nescio
1157 4235 1187 4310 si
1211 4255 1314 4310 eram
1329 4227 1367 4327 (³)
1387 4235 1436 4310 ibi
1453 4236 1490 4310 in
1510 4238 1604 4311 coelo
1629 4257 1715 4323 cum
1741 4230 1909 4332 corpore,

739 4357 838 4452 quod
857 4357 937 4451 jam
962 4354 1037 4429 diri
1063 4375 1125 4430 me
1150 4355 1322 4452 ignorare
1346 4356 1384 4430 in
1410 4357 1910 4452 precedenticapitu103sed

739 4479 767 4553 si
794 4498 910 4570 erum,
927 4499 945 4549 e
963 4479 1022 4568 qut
1036 4496 1109 4549 nou
1124 4479 1157 4549 si
1171 4483 1330 4569 conmpe,
1346 4476 1449 4571 idest,
1467 4477 1526 4551 llic
1543 4477 1695 4553 interius
1712 4479 1749 4552 in
1771 4475 1910 4552 inundo

738 4605 863 4672 nostro
890 4617 962 4672 non
980 4597 1123 4692 capitur
1139 4598 1221 4690 hoc,
1239 4597 1386 4690 scilicet,
1403 4618 1499 4670 cotue
1516 4619 1588 4671 una
1606 4595 1799 4671 dimension
1812 4589 1910 4690 pauo

737 4720 846 4810 oltra,
875 4717 979 4811 idest,
999 4716 1186 4810 quomodo
1212 4737 1328 4789 unum
1346 4737 1481 4812 corpus
1498 4717 1669 4790 sustinuit
1688 4724 1726 4791 et
1745 4717 1910 4812 permisit

737 4836 837 4929 quod
860 4836 960 4910 aliud
985 4856 1119 4930 corpus
1144 4837 1298 4910 intraret
1315 4836 1435 4930 ipsum
1461 4837 1540 4910 sine
1563 4835 1720 4911 laesione.
1739 4835 1793 4910 nd
1810 4835 1909 4929 quod

802 5089 830 5155 (¹)
846 5091 877 5142 E.
894 5091 1032 5155 margarita
1048 5092 1127 5142 etlam
1142 5089 1238 5142 mollis.
1339 5090 1367 5151 (¹)
1383 5092 1414 5141 E.
1430 5093 1457 5143 lu
1473 5091 1566 5155 lapide.
1663 5093 1691 5155 (¹)
1706 5093 1738 5142 E.
1754 5105 1826 5142 eram
1842 5093 1876 5143 ln.
