4575 6842
695 954 742 1019 24
1051 921 1257 1018 cousnruu
1282 963 1501 1018 runesmnu
1607 992 1610 998 ,

692 1113 739 1184 m'
753 1111 896 1182 undana
920 1101 950 1181 si
974 1111 1034 1180 clu
1057 1094 1201 1199 sopuioa
1223 1112 1262 1182 in
1286 1129 1341 1201 su,
1378 1129 1445 1203 per
1469 1110 1607 1183 scalam
1633 1109 1811 1204 quintam,
1838 1112 1865 1182 li

690 1233 804 1324 spiriti
835 1232 954 1320 veloci,
985 1228 1132 1322 seilicet,
1168 1227 1358 1324 Virgilium
1390 1236 1427 1303 et
1458 1228 1626 1322 Statium,
1661 1227 1725 1322 qui
1757 1236 1863 1303 erant

643 1365 645 1370 “
691 1352 769 1426 sine
793 1350 973 1447 gravitate
1003 1349 1133 1442 carnis,
1160 1355 1197 1423 et
1228 1349 1437 1422 babuerunt
1464 1355 1596 1443 prosto
1626 1348 1793 1445 iugenia3
1823 1354 1862 1423 et

691 1473 795 1547 dicit:
826 1492 935 1544 senza
965 1473 1068 1543 alcun
1099 1471 1243 1544 labore:
1275 1469 1453 1567 intelligas
1484 1490 1550 1564 per
1581 1476 1788 1564 respectum
1814 1468 1862 1542 ad

691 1593 782 1667 alios
807 1591 982 1684 circulos3
1009 1601 1046 1667 et
1072 1590 1158 1684 quia
1185 1591 1377 1683 bucusque
1408 1589 1535 1662 habuit
1567 1595 1711 1664 tantum
1743 1608 1860 1663 uuum

693 1712 838 1806 ducem,
865 1711 1056 1806 Virgilium
1070 1703 1120 1803 (¹),
1148 1731 1246 1784 nunc
1272 1729 1362 1784 vero
1389 1708 1546 1784 habebat
1565 1709 1691 1802 alium,
1712 1709 1859 1802 scilieet,

693 1831 861 1925 Statium,
883 1831 946 1926 qui
972 1830 1193 1923 loquebatur
1217 1836 1293 1904 tam
1311 1829 1466 1903 dulciter
1482 1849 1568 1902 cum
1587 1849 1736 1902 summo
1752 1834 1860 1923 poeta

574 2043 578 2052 Ι
693 1951 853 2048 Virgilio,
879 1950 977 2045 qnod
1004 1949 1137 2026 Dentes
1165 1971 1236 2024 uon
1262 1949 1441 2024 sentiebat
1466 1949 1630 2023 laborem
1656 1950 1738 2043 vim,
1755 1951 1861 2043 quasi

692 2078 857 2167 portatus
880 2093 901 2146 a
921 2071 1088 2145 vehiculo
1113 2070 1293 2144 sermonis
1318 2090 1463 2163 eorum,
1480 2069 1659 2144 utstatim
1680 2070 1858 2164 sequitur.

692 2231 742 2244 -
758 2193 916 2280 Quando.
943 2190 1007 2264 llic
1032 2196 1139 2285 poeta
1170 2190 1270 2285 pouit
1298 2188 1458 2264 nobilem
1489 2190 1694 2265 orationem
1722 2189 1860 2287 Virgilii

690 2312 737 2385 ad
755 2311 922 2405 Statium,
941 2309 1004 2404 qui
1023 2310 1142 2405 primo
1158 2310 1205 2384 ad
1222 2310 1437 2405 captandam
1456 2311 1747 2386 benevolentiam
1765 2331 1862 2406 prae·

693 2433 802 2507 mittit
827 2432 1022 2505 notabilem
1050 2430 1266 2506 sententiam
1292 2432 1339 2506 de
1363 2452 1494 2507 amore
1518 2433 1682 2525 honesto,
1701 2452 1785 2526 quae
1805 2437 1862 2505 est

693 2552 793 2648 quod
817 2571 924 2626 amor
950 2551 1093 2658 virtues
1117 2552 1228 2626 habet
1254 2551 1348 2625 hanc
1373 2556 1557 2645 potentem
1585 2551 1858 2645 proprietatem,

694 2672 794 2768 quod
818 2671 914 2768 cogit
939 2691 1084 2766 semper
1109 2676 1275 2744 amatum
1302 2671 1496 2745 redamare
1524 2677 1723 2765 amantem,
1749 2670 1860 2745 dum·

692 2793 802 2867 modo
826 2812 932 2866 amor
957 2797 1131 2886 appareat
1156 2797 1260 2865 extra
1282 2811 1349 2885 per
1368 2791 1516 2886 aliquod
1532 2791 1681 2866 evidens
1700 2791 1857 2888 signum.

692 2913 785 2989 uicit
810 2932 901 3008 ergo
925 2919 1050 3007 poeta:
1077 2912 1126 2984 ita
1144 2911 1243 2984 ibam
1260 2911 1445 3006 velociter,
1464 2915 1606 3008 wando
1632 2916 1775 3004 Virgilio
1798 2933 1860 2985 co-

692 3025 831 3123 minoid,
849 3031 988 3127 supple,
1014 3030 1136 3105 dicere
1162 3051 1291 3105 versus
1315 3031 1493 3105 Statium:
1512 3038 1654 3120 Amore,
1670 3052 1792 3106 aecem
1808 3035 1859 3105 do

692 3149 789 3227 vern
813 3173 949 3244 semprc
966 3155 1050 3224 nini
1064 3173 1194 3241 accuse,
1210 3151 1256 3225 ad
1284 3151 1504 3226 reddendam
1523 3152 1589 3226 sibi
1610 3152 1742 3246 vicem,
1759 3153 1859 3248 quod
1879 3247 1883 3253 .

692 3293 764 3346 non
791 3271 873 3346 lacit
898 3291 1005 3344 amor
1030 3270 1114 3344 boni
1141 3270 1238 3344 utilis
1264 3272 1321 3346 vel
1347 3271 1586 3367 delectabilis3
1611 3281 1649 3347 et
1673 3272 1767 3346 lorte
1792 3273 1859 3346 ista

691 3394 821 3488 regula
848 3411 920 3464 non
945 3397 1000 3464 est
1024 3411 1170 3485 semper
1196 3411 1284 3465 vera
1310 3391 1346 3465 in
1372 3392 1469 3465 bono
1499 3393 1665 3487 bonest03
1693 3399 1729 3466 et
1754 3392 1858 3466 dicit:

685 3533 759 3605 pur
784 3513 845 3584 clu
869 3514 905 3585 la
927 3513 1074 3604 flamma
1090 3531 1170 3601 suo,
1187 3511 1288 3604 idest,
1306 3511 1469 3605 ellectus,
1486 3533 1633 3604 parasse
1653 3515 1770 3606 snore,
1790 3511 1860 3586 sci-
1999 3489 2011 3514 ⁹

689 3632 784 3726 lieet,
811 3651 876 3726 per
901 3651 1025 3726 opera.
1053 3631 1155 3706 Unde
1181 3631 1348 3706 ridemus
1371 3631 1470 3727 quod
1489 3652 1586 3727 saepe
1602 3632 1786 3729 diligimus
1804 3633 1859 3708 vi-

692 3773 776 3826 rum
802 3753 1021 3846 virtuosum,
1048 3751 1218 3845 qrramvis
1243 3772 1316 3825 non
1335 3752 1454 3826 visum
1472 3753 1531 3826 rel
1547 3749 1748 3848 oog'nitum,
1767 3753 1860 3828 sicut

692 3881 729 3948 et
760 3893 830 3969 ego
862 3872 972 3968 diligo
1004 3872 1159 3946 Dantem
1191 3881 1392 3947 mortuum.
1422 3873 1467 3946 Et
1499 3874 1654 3968 applicat
1685 3873 1889 3970 Virgilius¹

691 3993 796 4067 istam
823 3993 1038 4068 sententiam
1068 3991 1114 4066 ad
1146 3993 1384 4088 propositum,
1409 3999 1447 4067 et
1476 3992 1560 4067 dicit
1589 3992 1688 4087 quod
1721 3995 1859 4068 amarit

691 4112 809 4208 ipsum
836 4112 991 4186 Statium
1013 4113 1091 4208 jam
1118 4115 1320 4207 permulta
1339 4114 1484 4206 saeeula,
1503 4113 1672 4206 quamvis
1697 4134 1770 4188 non
1795 4135 1859 4189 co-

690 4233 834 4329 gnitum
860 4233 925 4304 sibi
952 4232 1018 4306 nisi
1046 4232 1223 4306 relatione
1247 4232 1410 4306 alterius.
1436 4231 1527 4306 llicit
1550 4253 1660 4329 ergo:
1679 4237 1771 4307 oudo
1787 4238 1859 4309 mio

691 4354 970 4443 bnteooplicnza,
997 4358 1139 4444 mutua,
1163 4355 1261 4444 seire
1278 4372 1380 4424 verso
1395 4360 1441 4443 te,
1459 4351 1551 4445 talis,
1576 4355 1691 4445 quale,
1711 4354 1858 4449 scilicet,

690 4473 954 4566 benevolentia,
980 4475 1017 4544 di
1038 4491 1194 4564 persono
1222 4492 1295 4545 noir
1326 4473 1429 4560 oble,
1465 4491 1539 4545 non
1571 4471 1667 4565 visae,
1694 4493 1766 4546 non
1792 4494 1857 4549 oo-

689 4591 820 4686 gnitae,
833 4587 896 4684 piri
920 4596 1046 4665 sinoce
1071 4594 1156 4683 mai,
1186 4591 1349 4685 aliquem
1381 4572 1588 4684 amaulem3
1623 4592 1721 4666 uude
1752 4593 1858 4667 dicit:

687 4705 718 4784 si
742 4714 793 4785 cb'
806 4733 850 4784 or
875 4717 924 4786 mi
939 4733 1084 4805 parran
1100 4719 1196 4785 corte
1211 4719 1327 4805 queste
1341 4713 1446 4803 scole,
1471 4732 1556 4805 qum
1573 4718 1711 4787 restant
1727 4735 1857 4790 asceu-

688 4823 881 4926 dendae('l,
915 4816 1092 4927 ita'quod
1125 4833 1251 4907 saliam
1282 4832 1415 4908 amodo
1445 4831 1523 4907 siue
1548 4833 1684 4908 labore.
1715 4835 1759 4907 Et
1788 4836 1858 4910 hoe

751 5083 778 5148 (¹)
795 5085 825 5135 ll.
842 5085 940 5135 scilicet
956 5084 1100 5148 Virgilium.
1358 5085 1386 5149 ρ)
1402 5088 1433 5138 R
1449 5089 1476 5138 ιη
1492 5087 1661 5140 affluendo,
