4575 6842
693 938 774 1003 456
1093 944 1299 1001 conturbat
1322 946 1490 999 conuulsi

698 1097 875 1185 nostram,
891 1083 922 1163 si
938 1092 1001 1164 olle
1013 1110 1088 1163 nou
1110 1093 1143 1164 si
1155 1098 1259 1183 puoto
1275 1098 1391 1165 torccr
1406 1094 1577 1183 piammon·
1591 1093 1642 1165 ud
1659 1093 1792 1165 ‚olom
1811 1112 1873 1165 ne·

696 1214 828 1305 prtiziu,
846 1210 948 1305 idest,
975 1231 1055 1285 rem
1080 1210 1266 1305 iniquam3
1292 1211 1395 1306 quasi
1421 1211 1536 1286 dicat:
1563 1232 1637 1286 nou
1661 1216 1782 1307 potest
1807 1230 1874 1306 ap-

699 1332 833 1428 petitus
858 1332 895 1404 in
921 1330 1025 1406 nobis
1051 1351 1132 1407 esse
1157 1351 1363 1426 perversus.
1381 1332 1425 1405 Et
1447 1331 1504 1406 bic
1525 1337 1612 1407 nota
1637 1330 1737 1426 quod
1763 1330 1874 1407 etiam

694 1454 834 1550 iustitia
861 1455 1025 1528 bumana
1050 1451 1248 1547 aliquando
1281 1452 1366 1527 lacit
1397 1453 1539 1527 animos
1572 1452 1764 1528 bominum
1796 1472 1876 1528 esse

700 1580 891 1649 contentos
915 1574 953 1647 in
977 1572 1217 1647 diminutione
1243 1572 1300 1647 vel
1327 1572 1575 1647 subtractione
1601 1572 1754 1668 praemii,
1780 1572 1876 1647 sicut

703 1694 820 1789 patuit
843 1714 954 1789 supra
981 1694 1017 1766 in
1043 1692 1217 1766 militibus
1243 1692 1404 1767 liberatis
1431 1714 1453 1767 a
1486 1692 1708 1787 Cincinnato,
1740 1692 1874 1788 quibus

704 1836 778 1889 non
796 1813 895 1888 dedit
914 1819 1056 1908 partem
1083 1812 1226 1907 praedae,
1244 1812 1307 1906 qui
1326 1819 1450 1887 tamen
1469 1814 1687 1888 laetabantur
1710 1812 1756 1888 de
1782 1813 1874 1887 libe·

705 1936 846 2010 ratione
864 1954 948 2028 sua3
975 1935 1093 2008 multo
1118 1933 1236 2030 magis
1261 1934 1317 2007 isti
1335 1940 1597 2009 contentantur
1612 1933 1659 2009 de
1676 1934 1874 2009 salvatione
1898 1930 1901 1937 ’

703 2075 782 2149 sua,
801 2054 883 2128 licet
902 2054 1020 2149 gloria
1039 2055 1241 2128 multorum
1268 2054 1305 2127 in
1331 2054 1425 2128 coelo
1442 2054 1488 2127 sit
1506 2053 1635 2128 maior.
1655 2054 1698 2127 Et
1714 2054 1876 2128 declarat

703 2175 773 2249 boc
798 2194 863 2269 per
888 2174 1053 2269 pulcram
1086 2180 1125 2247 et
1155 2173 1339 2268 propriam
1373 2174 1686 2268 comparationem
1713 2172 1876 2247 diversa·

703 2316 786 2369 rum
816 2314 962 2389 vocum,
989 2314 1073 2388 quae
1097 2294 1194 2369 bene
1227 2293 1511 2389 proportionata
1535 2293 1572 2367 iu
1597 2299 1708 2367 cantu
1740 2292 1876 2368 iaciunt

702 2415 909 2491 mirabilem
938 2414 1143 2489 melodiam.
1171 2414 1262 2488 Dicit
1287 2434 1397 2511 ergo:
1425 2416 1562 2489 dionae
1587 2417 1676 2504 voci,
1697 2413 1733 2487 in
1761 2413 1875 2488 choro

703 2537 925 2629 canentium,
948 2540 1016 2632 son
1040 2538 1175 2609 diverse
1197 2543 1291 2628 'uote,
1317 2529 1410 2629 quae'
1433 2534 1656 2609 concordant
1685 2533 1731 2609 ad
1758 2556 1875 2608 unum

704 2661 874 2750 cantum3
905 2649 989 2750 cosi,
1021 2655 1123 2749 idest,
1156 2656 1205 2731 ita
1237 2677 1259 2731 a
1292 2655 1410 2749 simili,
1444 2658 1575 2730 diuersi
1604 2658 1741 2747 scanni,
1774 2654 1876 2748 idest,

704 2777 809 2853 sedes
826 2777 1032 2871 beatorum,
1052 2779 1189 2851 rendou
1205 2780 1303 2851 dolce
1319 2780 1496 2868 armoma,
1513 2775 1606 2851 idest
1623 2796 1777 2852 suavem
1797 2796 1876 2851 me—

705 2897 850 2991 lodiam‚
875 2900 913 2971 ia
938 2904 1061 2970 nostro
1088 2900 1172 2989 citu,
1197 2897 1343 2991 scilicet,
1366 2905 1516 2991 aeterna,
1542 2904 1601 2971 tra
1625 2904 1739 2988 queso
1762 2904 1873 2989 mole,

706 3017 807 3111 idest,
826 3016 922 3092 inter
948 3018 1033 3091 istas
1058 3038 1184 3113 speras
1210 3018 1402 3091 coelorunr.
1418 3022 1513 3089 -Ε
1535 3020 1670 3091 dentro.
1690 3018 1794 3092 Nunc
1812 3016 1877 3089 lu·

706 3137 882 3211 stiuianus
905 3136 1112 3211 manilestat
1136 3138 1245 3211 aliam
1272 3137 1433 3213 animam
1456 3135 1670 3211 modernam
1698 3135 1744 3211 de
1770 3158 1876 3231 spera

705 3256 887 3350 Mercurii,
913 3277 997 3350 qum
1023 3255 1090 3329 luit
1116 3256 1330 3331 mirabiliter
1353 3256 1472 3331 activa
1503 3256 1541 3329 in
1571 3256 1645 3331 uita
1680 3255 1875 3330 mundana.

707 3374 759 3449 Ad
784 3375 1067 3450 declarationem
1093 3382 1219 3450 autem
1246 3376 1348 3450 istius
1376 3376 1546 3469 bistoriae,
1565 3397 1650 3471 quae
1671 3376 1795 3449 multis
1822 3382 1876 3449 est

705 3496 849 3570 occulta
874 3503 913 3570 et
937 3496 1131 3593 incognita,
1150 3505 1205 3571 est
1223 3495 1500 3591 prosdocium,
1519 3495 1618 3590 quod
1638 3495 1877 3593 Raymundus

707 3616 961 3711 berengerius,
993 3616 1122 3691 nobilis
1154 3637 1278 3692 comes
1309 3616 1505 3711 provinciae
1530 3617 1785 3711 Narbonensis,
1812 3616 1878 3691 luit

707 3735 764 3808 uir
789 3736 984 3828 humanus,
999 3733 1162 3830 affabilis,
1184 3737 1442 3834 rbytbmorum
1465 3737 1675 3833 vulgarium
1695 3737 1798 3813 lacile
1817 3758 1875 3811 re·

706 3860 851 3950 pertor3
877 3853 940 3928 sed
967 3855 1073 3928 nimis
1098 3855 1268 3950 liberalis,
1288 3856 1482 3953 magnifice
1499 3857 1671 3931 omnibus
1696 3857 1876 3931 nobilibus

706 3974 897 4049 dexteram
923 3996 1001 4049 suae
1034 3976 1210 4073 largitatis
1235 3977 1448 4070 extendens,
1485 3998 1632 4072 semper
1660 3984 1742 4051 erat
1775 3976 1877 4051 debi-

708 4101 766 4170 tor
801 4095 971 4168 multum.
1005 4095 1142 4171 Accidit
1178 4104 1304 4171 autom
1339 4098 1439 4192 quod
1476 4098 1625 4193 quidam
1660 4096 1877 4194 peregrinus

707 4214 858 4289 veniens
867 4215 921 4289 ab
938 4220 1106 4291 extremo
1123 4216 1331 4311 occidentis,
1349 4217 1491 4294 visitata
1510 4218 1606 4294 beati
1628 4218 1751 4293 lacobi
1768 4218 1878 4293 Cam-

707 4334 904 4430 postellana
931 4335 1097 4429 ecclesia,
1117 4336 1283 4429 pervenit
1300 4337 1481 4431 Tolosam,
1506 4338 1580 4432 ubi,
1603 4335 1689 4432 quia
1715 4337 1771 4411 vir
1796 4358 1878 4433 spe·

707 4453 845 4529 ctabilis
874 4460 911 4529 ot
942 4454 1164 4529 honorabilis
1198 4455 1402 4551 videbatur,
1437 4458 1610 4533 invitatus
1644 4458 1690 4532 ad
1723 4458 1878 4553 curiam,

708 4576 831 4650 babito
856 4596 1029 4650 sermone
1053 4596 1139 4651 cum
1166 4577 1311 4671 comite,
1337 4577 1519 4672 persuasit
1550 4578 1751 4675 prudenter
1780 4578 1879 4673 quod

708 4696 745 4768 in
769 4694 873 4771 brevi
899 4694 1018 4789 ipsum
1044 4696 1217 4771 liberaret
1242 4697 1290 4770 ab
1318 4698 1437 4773 usuris
1467 4698 1739 4774 Caorsiuorum.
1769 4700 1880 4773 Corn-

709 4815 819 4889 missa
836 4835 928 4911 ergo
945 4816 1010 4891 sibi
1028 4818 1250 4913 amplissima
1268 4824 1446 4912 potestate
1462 4819 1653 4894 ordinandi
1673 4825 1710 4893 ct
1734 4804 1879 4913 dispeuss

709 4933 809 5009 sandi
841 4936 976 5031 omnia,
1007 4936 1183 5012 industria
1218 4943 1254 5012 et
1287 4939 1485 5034 sagacitate
1518 4960 1585 5014 sua
1619 4939 1726 5014 solvit
1758 4938 1879 5015 debita

712 5076 856 5150 magua,
882 5062 920 5129 et
946 5055 1197 5152 multiplicavit
1223 5058 1393 5133 redditus.
1428 5059 1471 5133 Et
1504 5060 1753 5157 interrogatus
1781 5080 1878 5156 saepe
