4575 6842
731 956 803 1025 llil
1121 966 1327 1025 conserunt
1352 968 1519 1023 rnnnnrsr

729 1112 854 1187 multis
878 1112 1086 1209 proscriptis
1105 1120 1144 1189 et
1160 1113 1329 1209 spoliatis.
1351 1112 1524 1188 Octavius
1541 1112 1681 1187 obsedit
1698 1132 1785 1187 eum
1805 1114 1899 1188 intra

729 1232 938 1328 Perusiam,
956 1240 994 1309 et
1019 1239 1100 1329 post
1126 1255 1300 1332 magnam
1318 1232 1455 1309 famem
1472 1231 1634 1327 pepercit
1653 1230 1822 1325 Antonio,
1838 1232 1902 1307 secl

726 1352 860 1429 delevit
884 1352 1092 1428 Perusium.
1118 1354 1224 1429 Nunc
1249 1353 1295 1429 ad
1321 1354 1464 1428 literam
1490 1350 1576 1425 dicit
1600 1358 1729 1427 autor:
1755 1355 1794 1427 di
1824 1356 1901 1445 piel

726 1476 787 1547 cire
811 1477 861 1569 sc,
887 1473 976 1549 illud
1006 1473 1154 1571 signum
1186 1474 1331 1568 aqutlae,
1360 1475 1417 1547 col
1446 1473 1561 1545 botulo
1593 1478 1765 1565 seminale,
1796 1472 1899 1567 idest,

726 1612 813 1669 cum
840 1594 985 1670 Caesare
1011 1595 1177 1690 Augusto
1199 1594 1381 1669 nutritore
1400 1613 1480 1687 suo,
1501 1593 1564 1687 qui
1586 1593 1667 1687 plus
1684 1593 1826 1669 caeteris
1844 1593 1900 1667 lo-

726 1713 780 1791 vit
812 1720 850 1789 el
878 1714 1061 1809 promovit
1085 1715 1259 1809 aquilam,
1286 1714 1392 1789 cuiue
1417 1712 1635 1788 incredibilis
1660 1720 1698 1789 et
1711 1708 1749 1807 (¹)
1777 1714 1899 1789 divina

727 1835 843 1910 virtus
868 1834 1054 1932 superavit
1078 1840 1245 1930 aemtem3
1279 1834 1377 1910 unde
1405 1834 1504 1930 apud
1535 1834 1709 1908 Mutinam
1740 1834 1899 1931 portavit

725 1956 888 2050 aquilam
915 1956 1079 2031 humeris
1098 1956 1252 2052 propriis
1271 1955 1451 2031 moriente
1467 1954 1685 2051 aquililem3
1703 1960 1813 2029 Bruto
1829 1975 1898 2029 con

728 2080 848 2151 Cossio
872 2079 950 2151 nell’
962 2079 1102 2171 inform
1127 2080 1236 2169 loma,
1262 2077 1299 2151 iu
1325 2083 1494 2153 extremo
1524 2074 1661 2172 frigore
1686 2074 1828 2172 glaciali
1859 2076 1898 2149 in

725 2195 854 2271 ultimo
871 2196 1064 2291 supplicio:
1090 2204 1128 2272 et
1153 2202 1391 2292 praeposterat
1409 2196 1588 2289 ordinem,
1609 2195 1695 2291 quia
1714 2195 1816 2291 prius
1832 2193 1899 2269 luit

723 2317 861 2393 bellum
887 2315 994 2391 civile
1024 2316 1233 2393 mutinense
1258 2337 1370 2411 quam
1396 2316 1643 2411 philippense3
1671 2315 1769 2389 uude
1795 2313 1898 2390 dicit:

722 2442 911 2514 eldodono
928 2461 947 2511 e
964 2441 1119 2529 raupta
1132 2442 1169 2534 [e
1186 2441 1580 2530 detenta-rimmo.
1597 2436 1662 2512 llic
1674 2436 1898 2512 lastinianus

723 2560 840 2656 tangit
863 2558 963 2634 aliud
988 2559 1126 2634 bellum
1152 2558 1259 2634 civile
1275 2559 1413 2634 iactum
1433 2556 1574 2634 famose
1590 2577 1656 2653 per
1672 2558 1895 2654 Augustum.

722 2680 777 2756 nd
794 2680 892 2775 quod
909 2686 965 2754 est
981 2678 1171 2754 sciendum
1189 2680 1289 2773 quod
1306 2679 1483 2754 Antonius
1501 2679 1747 2755 elioeminatus
1767 2697 1898 2752 amore

723 2801 924 2897 Cleopatra
949 2799 1181 2894 pulcerrime
1207 2798 1311 2874 duxit
1335 2799 1450 2896 ipsam
1464 2791 1502 2891 (¹)
1530 2799 1567 2874 in
1593 2818 1763 2890 uxorem,
1786 2816 1898 2893 repu-

722 2921 819 2996 diata
831 2919 981 2995 Octavia
998 2939 1127 2993 sorore
1139 2918 1297 3014 Octavii;
1317 2926 1464 3013 propter
1484 2918 1584 3013 quod
1600 2925 1724 2993 ortum
1747 2922 1802 2993 est
1820 2917 1898 2991 bel·

723 3044 801 3117 lum
828 3040 923 3115 inter
946 3039 1146 3115 Antonium
1179 3047 1216 3115 et
1249 3039 1452 3115 Octavium.
1479 3039 1650 3115 Octavius
1674 3059 1698 3112 a
1723 3037 1897 3111 Brundu-

723 3163 778 3238 sio
804 3161 969 3238 transivit
993 3161 1031 3235 in
1056 3162 1206 3256 Epirum
1233 3182 1318 3235 cum
1346 3181 1480 3257 magna
1497 3161 1632 3255 classe3
1650 3164 1687 3233 et
1704 3159 1896 3254 Cleopatra

723 3282 972 3379 potentissima
998 3302 1084 3357 cum
1111 3282 1223 3358 variis
1249 3281 1418 3379 gentibus
1439 3281 1589 3357 orientis
1609 3288 1646 3355 et
1666 3280 1748 3355 lorti
1766 3280 1894 3371 classe,

722 3410 760 3478 et
784 3403 961 3477 Antonius
986 3423 1074 3477 cum
1100 3422 1145 3477 ea
1171 3408 1421 3477 cucurrerunt
1436 3421 1522 3476 cum
1540 3400 1691 3475 Octavio
1712 3399 1808 3475 bello
1829 3420 1897 3473 na·

723 3522 795 3598 vali
820 3522 890 3597 sub
914 3523 1074 3598 Leucate
1098 3520 1304 3597 montelli
1329 3522 1521 3617 Cleopatra
1538 3520 1657 3615 prima
1674 3540 1762 3594 cum
1778 3539 1894 3593 aurea

723 3642 807 3717 navi
832 3648 870 3717 et
894 3642 979 3717 velo
1003 3663 1192 3737 purpureo
1217 3642 1312 3737 cepit
1338 3641 1477 3737 lugam,
1499 3660 1613 3735 quam
1633 3644 1813 3734 Quotus
1838 3644 1894 3712 est

721 3762 916 3857 Antonius3
939 3770 976 3837 et
991 3762 1163 3837 Octavius
1180 3763 1355 3838 continuo
1373 3766 1618 3858 persequutus
1635 3780 1701 3835 eos
1718 3778 1894 3856 prospere

723 3883 863 3959 obsedit
887 3905 952 3959 eos
977 3884 1013 3958 in
1038 3883 1269 3959 Alexandria.
1296 3883 1474 3958 Antonius
1491 3881 1687 3977 desperans
1707 3900 1837 3977 pacem
1856 3898 1896 3954 se

722 4004 844 4101 gladio
869 4002 1075 4096 interiecit3
1100 4003 1292 4099 Cleopatra
1318 4024 1408 4079 vero
1427 4022 1500 4077 non
1518 4003 1643 4077 valens
1663 4002 1811 4077 flectere
1828 4021 1896 4096 pu·

721 4124 880 4201 dicitiam
902 4124 1051 4220 juvenis
1079 4124 1230 4216 Octavii,
1262 4123 1389 4199 videns
1414 4144 1454 4199 se
1479 4123 1662 4199 reservari
1687 4122 1734 4197 ad
1760 4122 1895 4195 trium-

722 4247 851 4342 plrum,
863 4245 1011 4319 intravit
1027 4246 1238 4339 sepulcrum
1257 4244 1312 4317 sui
1332 4243 1487 4339 Antonii,
1501 4249 1539 4319 et
1556 4242 1726 4340 appositis
1746 4260 1895 4335 serpen·

722 4366 820 4440 tinus
844 4366 982 4461 pectori
1008 4385 1088 4460 suo,
1115 4364 1193 4460 ipsa
1227 4384 1411 4440 venenosa
1443 4386 1595 4462 serpens
1626 4364 1663 4437 in
1698 4364 1892 4471 complexu

720 4486 864 4561 Antonii
891 4486 997 4581 quasi
1022 4485 1208 4561 dormiens
1225 4485 1414 4582 expiravit.
1433 4485 1518 4561 ldeo
1541 4486 1636 4560 bene
1660 4485 1764 4559 dicit:
1784 4487 1896 4558 Pien-

718 4628 806 4698 9enc
829 4628 943 4681 osteor
962 4610 999 4680 lo
1015 4610 1118 4681 triste
1140 4609 1338 4699 Cleopatra,
1357 4606 1443 4699 quia
1464 4607 1602 4701 pulcre,
1625 4612 1764 4700 potens,
1781 4602 1894 4697 dives,

719 4727 940 4803 astutissima
965 4728 1003 4803 io
1029 4735 1167 4803 tantam
1194 4728 1341 4802 devenit
1358 4726 1617 4820 inielrcitatem,
1635 4746 1748 4820 quam
1770 4732 1895 4800 tameo

721 4849 1004 4945 magnanimiter
1035 4856 1072 4924 et
1107 4848 1179 4924 cito
1210 4848 1347 4943 linivit3
1379 4848 1478 4926 unde
1509 4847 1612 4923 dicit:
1647 4849 1719 4941 cle,
1744 4850 1896 4941 pappen-

783 5108 1030 5171 timuerim.
1395 5106 1554 5170 Piketia.
