4575 6842
725 975 865 1033 caurus
889 979 1081 1034 menstruus
1104 979 1271 1046 oumrus.
1537 969 1583 1036 93

409 1121 506 1196 allici
531 1121 643 1216 lame,
667 1121 737 1217 siti,
763 1122 823 1198 rel
846 1121 918 1198 alia
943 1123 1120 1218 passione
1134 1163 1184 1177 -
1197 1128 1250 1197 Sc.
1269 1125 1374 1200 Nunc
1394 1133 1502 1222 poeta
1518 1149 1585 1224 po-

410 1241 464 1316 nit
481 1240 754 1338 responsionem
774 1241 913 1340 Virgilii
932 1243 981 1319 ad
996 1243 1218 1339 propositam
1238 1246 1492 1344 questionem,
1519 1250 1583 1345 qui

409 1362 517 1436 solvit
541 1363 638 1436 illam
656 1362 693 1436 in
709 1362 872 1459 generali
889 1384 955 1458 per
974 1363 1050 1438 duo
1069 1370 1290 1460 argumenta
1308 1369 1579 1464 exemplorum,

408 1504 572 1581 arguens
595 1506 618 1559 a
643 1483 776 1559 minori
801 1490 884 1560 eta
913 1484 1041 1577 simili;
1075 1505 1238 1579 quorum
1268 1486 1430 1580 primum
1456 1498 1511 1566 est
1535 1489 1582 1564 de

410 1605 578 1700 passione
602 1611 640 1678 et
664 1604 942 1699 consumptione
972 1605 1155 1701 Meleagri,
1188 1625 1274 1699 quae
1305 1605 1401 1682 iacta
1426 1614 1483 1682 est
1508 1615 1582 1682 tam

411 1724 626 1800 mirabiliter
652 1729 690 1800 et
713 1724 867 1800 occulte.
893 1726 938 1798 Et
961 1725 1010 1798 ad
1033 1724 1309 1822 intelligentiam
1334 1726 1444 1800 huius
1464 1727 1580 1802 literae

409 1844 497 1918 satis
505 1844 673 1920 ohscurae
685 1850 830 1940 oportet
841 1844 1026 1919 succincte
1038 1844 1211 1941 colligere
1222 1845 1385 1921 lahulam
1396 1846 1582 1944 Meleagri,

409 1965 457 2040 de
472 1985 547 2058 qua
560 1964 751 2061 Euripides
767 1965 898 2040 nobilis
913 1971 1021 2060 poeta
1038 1965 1121 2040 lecit
1138 1967 1368 2062 tragaediam,
1384 1973 1422 2042 et
1434 1968 1583 2044 Ovidius

409 2086 543 2162 latinus
560 2085 731 2161 describit
755 2106 839 2160 eam
864 2085 973 2161 valde
996 2085 1127 2160 diliuse
1153 2107 1259 2163 more
1284 2108 1353 2162 suo
1370 2089 1445 2162 Vlll
1471 2090 1583 2164 Maio-

410 2206 470 2300 ris,
496 2206 602 2280 cuius
635 2227 784 2282 summa
819 2207 899 2281 haec
930 2212 1004 2282 est:
1031 2207 1213 2302 Tempore
1244 2227 1318 2302 quo
1351 2207 1491 2284 Althaea
1522 2229 1583 2284 re·

408 2328 494 2426 gina
526 2327 721 2430 ¹Calidoniae
755 2348 853 2402 uxor
888 2327 985 2424 regis
1019 2327 1135 2402 OEnei
1168 2334 1206 2402 et
1239 2334 1358 2403 mater
1396 2329 1582 2404 fortissimi

408 2449 530 2546 Tydei,
563 2449 610 2522 de
642 2468 718 2542 quo
747 2447 879 2524 totiens
907 2447 1003 2522 iacta
1032 2456 1087 2523 est
1116 2448 1265 2541 mentio,
1296 2451 1436 2545 peperit
1465 2451 1580 2525 alium

409 2569 527 2644 hlium
545 2569 694 2644 nomine
711 2569 961 2665 Meleagrum3
979 2567 1101 2642 subito
1125 2562 1198 2642 lata
1224 2568 1423 2644 adsuerunt
1448 2576 1486 2646 et
1510 2571 1581 2644 inr-

410 2691 591 2766 miserunt
617 2689 802 2786 inignem
827 2688 981 2784 lignum,
1007 2688 1085 2763 sive
1111 2709 1256 2763 ramum
1283 2689 1438 2784 arboris,
1465 2695 1502 2765 et
1526 2690 1582 2765 di-

410 2817 545 2886 xerunt
570 2809 670 2904 quod
696 2808 873 2903 quamdiu
898 2808 1052 2883 duraret
1077 2807 1187 2882 torris
1204 2828 1299 2904 puer
1319 2816 1426 2882 natus
1451 2829 1580 2885 serra-

409 2938 514 3006 retur
539 2931 575 3004 iu
603 2930 696 3024 vita3
721 2949 834 3024 quent
861 2935 981 3004 mater
1012 2928 1134 3002 statim
1167 2929 1392 3002 abstractum
1424 2949 1472 3004 ex
1496 2929 1583 3025 igne

409 3052 563 3128 extinxit
587 3071 698 3144 aqua,
717 3055 755 3124 et
779 3048 982 3124 extinctum
1008 3070 1095 3124 cum
1120 3070 1256 3145 magna
1281 3049 1464 3145 diligentia
1490 3070 1579 3125 con-

378 3194 382 3203 ’
408 3171 579 3248 serravit.
605 3171 699 3245 Cum
727 3175 853 3245 autem
878 3170 1063 3267 Meleager
1087 3170 1205 3244 lactus
1231 3175 1325 3245 esset
1345 3171 1492 3244 adultus
1517 3190 1581 3245 ac-

408 3293 494 3368 cidit
510 3292 610 3386 quod
627 3312 717 3386 aper
742 3291 912 3366 terribilis
937 3290 1067 3365 invasit
1084 3311 1194 3386 agros
1220 3289 1498 3384 calidoniorum,
1516 3291 1582 3385 qui

408 3433 566 3510 magnus
593 3418 635 3484 ut
662 3418 791 3486 taurus
815 3416 984 3485 armatus
1008 3410 1095 3484 setis
1120 3415 1162 3482 ut
1188 3409 1338 3507 sagittis,
1359 3415 1396 3484 et
1412 3410 1583 3487 dentibus

409 3533 593 3608 fulmineis
623 3532 790 3607 vastabat
806 3531 941 3606 omnia.
967 3532 1198 3626 Quapropter
1227 3531 1410 3628 Meleager
1434 3531 1583 3606 ordina-

407 3656 459 3731 rit
485 3654 644 3729 nobilem
671 3651 903 3727 venationem
928 3651 975 3725 ad
1002 3649 1229 3744 perdendum
1251 3651 1376 3744 illum;
1395 3651 1442 3726 ad
1466 3671 1579 3744 quam

408 3780 657 3852 cucurrerunt
681 3773 848 3848 certatim
870 3772 948 3847 lere
969 3791 1099 3846 omues
1114 3772 1272 3866 juvenes
1297 3771 1453 3846 animosi
1478 3771 1582 3845 Grae-

407 3897 474 3972 cte
498 3895 617 3993 gratia
633 3893 782 3968 honoris
799 3898 838 3967 et
853 3892 991 3989 glorie,
1013 3891 1106 3965 sicut
1122 3897 1297 3965 strenuus
1313 3892 1476 3966 Theseus
1493 3897 1530 3966 et
1542 3883 1578 3985 (¹)

406 4015 590 4092 Pirithous
601 4013 789 4110 singulare
806 4033 872 4108 par
884 4012 1103 4105 amicorum,
1116 4011 1282 4087 similiter
1295 4012 1422 4086 Castor
1440 4021 1477 4088 ct
1493 4012 1579 4086 Pol·

407 4139 484 4232 lux,
504 4134 745 4211 clarissimum
763 4125 800 4225 (²)
820 4154 886 4228 par
901 4133 1080 4226 iratrum;
1096 4137 1135 4208 et
1151 4132 1261 4206 lason
1279 4131 1435 4228 inclytus
1454 4141 1577 4227 postea

407 4263 699 4356 argonautarum
719 4255 928 4349 juventute,
947 4252 1047 4328 lortis
1064 4253 1251 4346 Telamon,
1277 4258 1315 4327 et
1339 4251 1462 4327 senior
1488 4271 1580 4326 cun-

407 4378 473 4454 ctis
498 4379 640 4470 Nestor,
665 4381 703 4450 et
726 4374 802 4449 duo
828 4374 959 4448 iratres
984 4373 1096 4467 ipsius
1120 4372 1270 4446 Althaeae
1295 4371 1516 4470 Speusippus
1542 4380 1581 4446 et

406 4499 576 4590 Thorias,
594 4502 632 4573 et
648 4497 780 4570 Peleus
805 4501 909 4589 pater
934 4492 1037 4568 sortis
1056 4493 1201 4566 Achillis
1227 4493 1388 4568 renitet
1413 4491 1581 4568 Atalanta
1657 4575 1661 4583 ,

407 4619 649 4695 celeberrima
679 4617 785 4713 virgo
823 4615 942 4689 lorma
980 4620 1018 4690 et
1054 4613 1179 4688 habitu
1220 4613 1439 4709 venatricis3
1474 4613 1580 4689 cuius

405 4761 538 4816 amore
552 4729 589 4832 (³)
616 4738 703 4813 visae
732 4737 852 4811 suhito
885 4742 1013 4831 captus
1041 4741 1099 4810 est
1129 4733 1268 4809 nohilis·
1289 4735 1483 4830 Meleager.
1510 4735 1581 4808 Sed

406 4863 564 4957 incoepta
595 4859 791 4936 venatione
820 4879 909 4932 cum
941 4855 1116 4931 altissimo
1147 4855 1310 4929 elamore
1346 4855 1512 4929 virorum
1543 4857 1580 4928 et

468 5048 497 5111 (¹)
512 5047 543 5097 tt
559 5051 587 5097 et
602 5046 732 5110 gloriosus
746 5047 878 5097 Pirithous
892 5044 1025 5108 angulare
1039 5055 1096 5105 ptr.

468 5121 497 5186 (²)
513 5127 569 5184 11⁷,
585 5124 747 5174 cetininam
763 5136 819 5186 ptr.
1004 5118 1032 5183 (¹)
1049 5125 1103 5180 117,
1120 5131 1210 5170 amore
1225 5120 1252 5170 in
1267 5133 1296 5170 se
1311 5119 1405 5172 white.
