4575 6842
790 974 929 1036 tmpus
953 976 1179 1035 rumesium.
1500 967 1571 1039 dte

398 1123 500 1195 bono.
527 1121 571 1197 lit
595 1120 770 1197 continno
796 1120 842 1195 ad
869 1140 997 1195 vocem
1024 1121 1103 1195 eins
1121 1131 1369 1199 surrexerunt
1385 1124 1506 1222 angeli
1522 1123 1570 1199 de

396 1262 511 1319 curru
532 1241 708 1337 iacientes
734 1240 854 1333 liores,
881 1239 975 1318 inter
997 1260 1094 1333 quos
1114 1248 1195 1315 erat
1211 1242 1357 1319 Beatrir
1378 1245 1468 1338 ipsa,
1484 1262 1570 1338 qum

398 1362 517 1458 primu
543 1360 753 1462 quiescebat
778 1359 815 1433 in
839 1360 983 1456 gremio
1008 1360 1112 1435 istius
1135 1382 1283 1455 currus,
1299 1370 1338 1437 et
1359 1384 1431 1439 nnn
1456 1384 1568 1461 appa·

398 1484 512 1577 rebat,
547 1482 611 1557 sed
640 1479 753 1557 exivit
787 1480 823 1553 in
857 1480 979 1558 lucem
1012 1502 1077 1576 per
1108 1503 1242 1557 manns
1273 1483 1440 1578 istorum,
1474 1486 1568 1561 sicut

398 1602 536 1699 optime
560 1602 723 1679 declarat
743 1599 849 1678 mera
874 1620 1044 1693 sequens.

472 1728 513 1797 10
538 1725 610 1797 uidi
632 1712 703 1813 pte.
730 1721 800 1796 leta
827 1727 882 1797 est
905 1722 1066 1798 secunda
1092 1744 1178 1818 pars
1207 1724 1316 1797 buius
1345 1723 1505 1818 capituli,
1529 1724 1568 1799 in

398 1864 471 1940 qua
493 1850 598 1939 poeta
616 1849 740 1917 noster
764 1842 935 1919 describit
959 1842 1178 1936 Beatrieem‚
1195 1844 1315 1939 primo
1328 1850 1566 1940 apparentem

398 1964 475 2059 sibi,
488 1983 554 2059 per
571 1984 684 2039 unam
702 1962 1014 2057 comparationem
1030 1963 1189 2039 nobilem
1208 1964 1292 2038 solis
1309 1964 1569 2058 orientisque

399 2082 559 2160 breviter
583 2088 653 2158 stat
679 2082 715 2156 in
742 2083 822 2175 boc,
848 2081 947 2177 qnod
964 2082 1110 2157 Beatrir
1130 2104 1229 2157 nnnc
1248 2083 1325 2157 visa
1343 2090 1398 2157 est
1413 2083 1480 2158 sibi
1503 2103 1570 2178 ap·

397 2222 529 2297 parere
553 2201 719 2277 debiliter
745 2200 793 2274 ibi
820 2200 914 2277 inter
940 2202 1056 2277 nubes
1082 2203 1228 2295 florum,
1253 2202 1347 2279 sicut
1370 2202 1567 2296 aliquande

397 2323 450 2397 sel
476 2322 575 2399 visus
600 2327 654 2397 est
670 2314 707 2413 (¹)
733 2320 799 2395 sibi
825 2320 913 2395 oriri
932 2320 968 2395 in
987 2320 1125 2395 mundo
1143 2328 1268 2396 nostro
1285 2322 1382 2397 inter
1399 2342 1566 2417 vapores,

397 2444 445 2519 ita
468 2443 570 2537 quod
594 2440 715 2517 *radii
741 2440 908 2517 debiliter
939 2442 1133 2517 veniebant
1163 2442 1210 2515 ad
1241 2442 1362 2516 visum
1396 2443 1487 2535 eius,
1517 2442 1567 2517 ita

397 2563 495 2659 quod
508 2563 531 2607 *
543 2554 581 2653 (²)
609 2566 752 2656 poteret
777 2560 855 2635 illos
881 2561 1096 2637 substinere.
1116 2560 1307 2635 Praemittit
1331 2582 1423 2659 ergo
1448 2561 1567 2656 primo

397 2704 537 2776 casum,
554 2682 697 2758 dicens:
719 2686 761 2755 In
785 2684 856 2755 uidi
870 2672 931 2773 pid
948 2684 1005 2755 nel
1021 2685 1214 2755 condemur
1230 2685 1288 2755 dcl
1304 2686 1446 2774 ptumo,
1463 2682 1565 2775 idest,

398 2804 434 2880 iu
461 2801 635 2898 principio
659 2801 741 2895 diei,
766 2804 802 2875 to
816 2812 920 2895 purte
935 2805 1094 2894 metat,
1116 2802 1263 2897 scilicet,
1280 2803 1375 2898 coeli,
1392 2810 1479 2880 tuuc
1501 2822 1568 2874 ro-

396 2928 489 3013 sata,
506 2921 609 3013 idest,
629 2919 782 2995 rubeam
800 2942 822 2995 a
841 2919 1049 3015 vaporibus,
1066 2943 1086 2993 e
1102 2924 1232 2995 lettre
1247 2925 1323 3014 ciel,
1348 2922 1396 2997 ab
1411 2921 1565 3016 oriente,

397 3044 435 3115 di
457 3041 512 3115 oet
533 3060 657 3113 sereno
682 3042 835 3134 adorno,
871 3040 950 3115 sine
975 3028 1134 3115 nbhibns
1159 3041 1313 3134 clarum,
1347 3063 1367 3113 e
1391 3043 1566 3135 tuscania

396 3164 454 3237 del
475 3164 541 3255 sol,
556 3160 714 3255 'supple
740 3160 827 3254 viui,
848 3181 975 3234 nascer
1000 3162 1217 3254 emmaum
1246 3161 1406 3237 nubibus
1428 3161 1566 3237 tennis·

396 3281 506 3374 simis,
540 3273 569 3355 si
594 3282 654 3353 cte
678 3283 700 3353 l’
714 3282 831 3353 omitto
856 3285 890 3354 le
914 3288 1072 3355 cosmam
1096 3284 1207 3372 luppo
1232 3284 1322 3373 ficto
1346 3303 1413 3373 per
1438 3289 1565 3373 tempe·

396 3422 513 3475 ranzo
541 3403 581 3475 dt
607 3403 735 3492 nuperi
748 3390 806 3494 (³);
841 3399 940 3494 quod
974 3400 1079 3477 aliter
1114 3401 1237 3476 iecere
1270 3421 1342 3475 non
1377 3400 1565 3496 potuisset,

395 3522 482 3617 quia
516 3540 672 3615 vapores
701 3526 912 3616 temperant¹
936 3522 1133 3615 potentiam
1161 3520 1309 3595 luminis
1337 3521 1483 3595 solaris:
1515 3521 1564 3597 ita

320 3736 323 3743 ¹
397 3660 494 3723 nunc
520 3640 608 3715 vidit
632 3640 847 3715 Bcatricem.
875 3640 918 3713 Et
943 3640 995 3715 sic
1020 3640 1102 3715 vide
1127 3646 1308 3734 quantum
1340 3640 1565 3736 comparatio

395 3767 451 3840 est
467 3759 612 3856 propria
626 3748 680 3852 (ῆι
700 3760 844 3835 Beatrix
868 3760 965 3837 enim
991 3767 1047 3835 est
1074 3768 1250 3853 tanquam
1276 3761 1329 3835 sol
1355 3760 1565 3835 illuminans

395 3882 504 3957 istum
524 3902 698 3975 currnm3
725 3890 762 3957 et
787 3882 881 3957 sicut
897 3882 1028 3955 oculus
1045 3882 1231 3955 humanus
1249 3901 1322 3954 nen
1342 3888 1459 3976 polest
1475 3882 1566 3955 sub·

397 4002 531 4081 siluere
557 4002 785 4098 splendorem
814 4002 897 4077 solis
923 4002 988 4076 nisi
1015 4021 1080 4097 per
1107 4000 1270 4075 medinm
1296 4021 1490 4097 vaporum,
1515 4002 1567 4077 ita

396 4124 599 4201 intellectus
625 4125 809 4199 humanus
835 4142 908 4196 non
934 4128 1051 4217 potest
1068 4122 1194 4197 videre
1214 4121 1445 4217 splendorem
1471 4124 1566 4196 Bea-

396 4244 495 4319 tricis
521 4243 587 4319 nisi
613 4264 678 4339 per
704 4242 867 4319 medium
893 4242 1047 4317 istorum
1069 4242 1215 4335 ilerum,
1234 4242 1329 4316 sicut
1357 4240 1477 4315 statim
1508 4260 1567 4315 se-

397 4364 534 4459 qnitur.
548 4404 598 4419 -
613 4356 700 4437 nost.
719 4363 784 4437 llic
809 4369 916 4457 poeta
937 4360 1120 4457 applicans
1139 4360 1272 4435 dictam
1290 4352 1327 4452 (ὃ)
1347 4360 1565 4455 >positionem

397 4484 442 4559 ad
468 4485 692 4579 propositum
717 4483 888 4559 describit
909 4482 1023 4577 ipsam
1045 4481 1307 4575 apparitionem
1330 4480 1503 4555 beatricis
1529 4480 1567 4553 in

396 4626 465 4681 suu
489 4604 627 4681 habitu.
653 4605 697 4679 Et
726 4604 811 4679 dicit
844 4602 1017 4693 breviter,
1044 4601 1142 4694 quod
1174 4602 1307 4675 mulier
1333 4601 1451 4675 velata
1485 4600 1566 4676 velo

395 4725 479 4800 albo
506 4745 592 4799 cnm
620 4745 756 4799 corona
781 4722 887 4797 olivae
912 4721 1083 4815 desuper,
1098 4727 1138 4794 et
1155 4720 1282 4795 induta
1300 4721 1422 4795 tunica
1450 4721 1563 4795 rubea

457 4954 484 5018 (¹)
500 4954 531 5004 E.
547 4959 587 5003 est
602 4954 650 5003 snb
665 4958 725 5005 ortu
742 4955 768 5005 in
785 4953 892 5003 munde

458 5032 485 5094 (¹)
500 5031 537 5081 Le
553 5030 642 5093 parole
658 5030 698 5081 ira
714 5030 723 5081 i
740 5030 790 5083 dne
806 5028 939 5081 mteriscbi
955 5042 1002 5081 son
1019 5030 1130 5093 supplite
1147 5030 1190 5080 dal
1204 5029 1298 5080 Codloe
1315 5034 1370 5081 117.

459 5106 485 5171 (¹)
502 5106 533 5159 E.
549 5108 647 5171 vapori,
663 5107 735 5172 qumi
751 5107 827 5169 dicul,
843 5107 926 5157 ubter.
1005 5106 1031 5169 (¹)
1050 5110 1103 5167 117,
1120 5108 1220 5171 pulcra.
1299 5106 1326 5168 (⁸)
1343 5109 1398 5166 117,
1413 5107 1495 5155 islam.

532 5214 571 5258 lv.
1408 5212 1433 5252 14
