4575 6842
693 957 765 1023 502
1084 937 1288 1023 uouuuuuu
1314 968 1478 1021 runcum

691 1113 805 1209 pitulo
830 1111 1059 1208 precedenti,
1082 1112 1227 1207 furcole
1250 1132 1387 1205 compre
1411 1114 1439 1185 o
1461 1133 1525 1187 suo
1555 1116 1745 1207 cammino,
1763 1114 1865 1208 idest,

688 1254 854 1328 cursum,
882 1236 976 1307 simol
1001 1234 1262 1325 ainamundi,
1297 1232 1399 1326 idest,
1432 1233 1568 1308 iaceret
1602 1232 1694 1309 lilios
1729 1234 1866 1310 similes

687 1352 910 1452 parentibus,
931 1374 969 1427 se
988 1374 1062 1427 ooo
1087 1356 1238 1428 oiuoesse
1261 1356 1289 1427 il
1308 1356 1660 1449 protruderentur,
1681 1356 1866 1431 mediante

686 1471 823 1547 virtute
851 1473 1015 1549 coelesti:
1042 1476 1112 1549 hoc
1144 1481 1272 1549 autem
1308 1473 1392 1549 lacit
1424 1480 1465 1549 ut
1497 1482 1784 1573 recognoscatur
1817 1476 1865 1551 ab

686 1612 742 1665 eo.
759 1598 884 1667 -Or.
907 1593 972 1669 llic
991 1593 1120 1669 ultimo
1144 1594 1309 1689 Carolus,
1335 1594 1520 1671 declarata
1546 1596 1780 1671 conclusione
1797 1618 1865 1693 ge-

689 1713 815 1808 nerali,
833 1713 1063 1789 addituram
1081 1715 1354 1790 conclusionem
1372 1714 1579 1810 specialem,
1598 1715 1742 1812 scilicet,
1761 1716 1860 1813 quod

688 1831 870 1908 inclinatio
896 1835 1072 1909 naturalis
1098 1856 1172 1910 non
1197 1835 1332 1911 sufficit
1357 1835 1403 1910 ad
1429 1836 1582 1911 effectus
1609 1837 1811 1932 hominum,
1830 1838 1859 1911 si

687 1952 834 2028 fortuna
860 1975 933 2028 nou
958 1957 1156 2030 concordat
1182 1976 1321 2050 secum,
1353 1954 1447 2031 sicut
1477 1955 1644 2031 videmus
1669 1956 1715 2032 de
1741 1956 1859 2032 lacto:

689 2074 793 2148 multi
818 2096 912 2168 quos
937 2082 1071 2151 natura
1097 2075 1181 2151 lecit
1209 2076 1439 2176 mechanicos
1469 2076 1770 2172 philosophantur
1801 2076 1860 2152 illa

684 2192 815 2288 invita;
842 2201 921 2269 ete
946 2204 1076 2271 contra
1100 2196 1243 2291 aliquos
1260 2204 1365 2291 aptos
1391 2204 1496 2271 natos
1521 2196 1567 2271 ad
1595 2197 1857 2293 philosophiam

684 2314 830 2389 fortuna
855 2314 991 2391 detinet
1018 2316 1054 2390 iu
1078 2318 1229 2412 campis,
1256 2316 1292 2390 in
1326 2316 1449 2391 baucis
1481 2317 1677 2413 artificum,
1704 2317 1741 2391 in
1766 2318 1860 2394 sedi·

683 2437 752 2510 bus
778 2437 949 2531 navium5
977 2437 1075 2513 unde
1101 2438 1282 2513 miramur
1307 2439 1514 2533 aliquando,
1548 2439 1648 2535 quod
1673 2438 1710 2513 in
1738 2438 1857 2514 medio

684 2557 777 2632 mari
802 2558 1054 2638 inveniuntur¹
1067 2559 1200 2633 nobilia
1219 2558 1375 2655 ingenia,
1394 2559 1431 2633 in
1449 2560 1568 2635 studio
1587 2560 1670 2635 vilia
1681 2584 1691 2655 ;
1710 2568 1747 2635 et
1764 2560 1858 2635 sicut

684 2699 757 2752 non
782 2687 1058 2774 prosperantur,
1086 2686 1211 2755 tamen
1236 2678 1382 2755 difficile
1415 2688 1470 2755 est
1498 2680 1645 2757 vincere
1670 2688 1854 2758 naturam.

682 2799 735 2875 Ad
761 2800 905 2875 literam
931 2822 1022 2897 ergo
1049 2802 1203 2877 Carolus
1228 2802 1445 2877 continuans
1470 2802 1565 2878 dicta
1585 2803 1745 2879 dicendis
1772 2825 1859 2900 pro-

684 2920 790 2995 mittit
815 2922 909 2995 hanc
934 2922 1207 2998 conclusionem
1240 2924 1374 3017 autori,
1402 2930 1442 2998 ut
1470 2923 1595 2999 reddat
1621 2945 1709 2999 eum
1736 2931 1858 3001 atten-

683 3047 774 3135 tum,
792 3041 938 3115 diceus:
965 3063 1009 3116 or
1034 3046 1113 3134 quel
1130 3046 1190 3117 olle
1216 3046 1238 3116 l'
1251 3065 1314 3117 cro
1331 3047 1456 3135 dictro,
1478 3042 1579 3138 idest,
1600 3045 1854 3121 absconditum

682 3162 757 3256 tibi,
783 3164 806 3235 ι’
818 3158 840 3235 d
861 3164 1020 3256 deonoti,
1039 3163 1174 3239 scilicet
1199 3170 1285 3239 ante
1301 3165 1428 3238 oculos
1450 3164 1581 3239 mentis
1600 3166 1855 3261 manilestum3

682 3302 741 3355 mo
774 3285 889 3373 ooplio
922 3285 982 3357 oto
1013 3286 1035 3357 t’
1048 3287 1231 3377 ammonii,
1256 3285 1359 3379 idest,
1386 3282 1628 3380 superinduas
1663 3286 1725 3361 tibi
1759 3288 1856 3363 ultra

681 3402 838 3499 primam
877 3411 1016 3479 uestem
1056 3407 1235 3500 pulcram,
1270 3426 1316 3479 uu
1354 3410 1559 3497 corollario,
1596 3406 1699 3501 idest,
1739 3428 1851 3483 ulnam

680 3524 952 3599 conclusionem
978 3524 1117 3599 claram
1144 3526 1387 3620 spiritualem:
1409 3528 1646 3603 corollarium
1673 3529 1771 3604 enim
1797 3529 1852 3604 di-

679 3643 776 3719 citur
800 3666 823 3719 a
848 3644 996 3737 corolla,
1019 3644 1120 3739 idest,
1140 3668 1253 3740 parva
1279 3667 1427 3742 corona,
1454 3648 1540 3742 quia
1567 3649 1676 3723 datur
1694 3649 1798 3742 quasi
1818 3650 1853 3723 in

679 3765 873 3861 praemium
900 3765 1119 3862 disputanti3
1150 3766 1282 3861 percdd
1312 3772 1415 3863 suppl
1444 3772 1504 3843 cle
1534 3772 1572 3844 di
1600 3777 1631 3845 te
1662 3772 1711 3844 mi
1733 3772 1853 3863 plova,

676 3886 764 3980 quia
790 3885 887 3960 luisti
912 3887 1054 3962 amicus
1081 3908 1186 3963 meus
1213 3889 1250 3963 in
1276 3890 1395 3984 terris,
1422 3897 1460 3965 et
1481 3890 1633 3965 nuncin
1651 3892 1746 3965 coelo
1764 3913 1852 3989 gra-

678 4006 726 4081 tia
752 4005 816 4081 Dei
843 4014 879 4083 et
904 4008 1040 4085 uirtute
1067 4015 1130 4083 tua
1158 4010 1283 4085 vivens
1310 4010 1394 4087 talia
1421 4010 1565 4105 quaeris.
1600 4012 1644 4085 Et
1673 4032 1759 4088 ecce
1790 4033 1853 4088 co-

677 4126 892 4202 rollarium:
931 4136 1083 4223 nutura,
1116 4131 1252 4207 scilicet
1290 4138 1473 4226 naturate,
1504 4153 1642 4225 compre
1675 4136 1717 4226 so
1756 4136 1851 4209 mula

670 4268 802 4341 proco,
829 4250 915 4344 quia
942 4271 1015 4325 non
1041 4257 1191 4327 exercet
1217 4252 1391 4327 virtulem
1426 4272 1545 4347 suam,
1577 4275 1615 4327 se
1644 4260 1748 4327 trouu
1769 4259 1850 4350 sor-

675 4376 759 4443 tuou
783 4374 945 4446 discorde
969 4395 994 4446 o
1010 4369 1059 4467 sd,
1080 4373 1168 4467 quia
1186 4372 1213 4447 si
1233 4372 1328 4447 lilius
1347 4372 1438 4449 labri
1456 4374 1567 4449 habet
1592 4371 1794 4450 dominium
1810 4368 1846 4467 (¹)

674 4491 902 4568 ascendentis
927 4494 1076 4568 dantem
1102 4493 1169 4567 sibi
1196 4494 1422 4569 inllueutiam
1451 4495 1625 4591 regalem,
1648 4495 1751 4570 labar
1777 4516 1850 4569 non

674 4613 805 4707 poterit
830 4614 1006 4708 consequi
1035 4612 1229 4708 ellectum3
1256 4635 1277 4687 a
1303 4614 1421 4709 simili,
1447 4634 1543 4689 come
1567 4618 1652 4707 opui
1676 4618 1772 4691 ultro
1795 4636 1851 4690 se-

675 4740 795 4826 mente,
824 4732 960 4810 scilicet
985 4734 1071 4809 iacit
1097 4735 1234 4810 malam
1262 4736 1427 4830 probam,
1448 4738 1534 4829 suor
1559 4738 1598 4811 dt
1620 4756 1687 4810 suo
1710 4739 1849 4830 repion,

672 4850 817 4947 scilicet,
843 4854 881 4928 in
906 4855 986 4930 loco
1004 4876 1078 4929 non
1094 4856 1325 4932 convenienti
1344 4856 1421 4951 sibi,
1440 4857 1534 4932 sicut
1553 4858 1655 4953 piper
1671 4877 1744 4933 nou
1762 4878 1850 4954 pro-

734 5098 761 5161 (¹)
778 5097 809 5150 E.
824 5100 969 5152 dominum.
