4575 6842
717 957 788 1026 308
1108 967 1314 1024 counnrurr
1338 969 1505 1022 rnnnorsr

714 1114 887 1210 Apollinis
912 1113 950 1186 in
977 1118 1103 1189 monto
1129 1114 1290 1188 Parnaso
1315 1112 1413 1209 apud
1442 1113 1626 1188 civitatem
1653 1115 1889 1210 Delphorum.

715 1235 766 1310 Ad
794 1233 892 1330 quod
918 1241 1004 1308 nola
1030 1233 1130 1327 quod
1157 1234 1214 1308 hio
1238 1234 1341 1308 locus
1366 1233 1435 1309 iuit
1458 1233 1547 1307 olim
1570 1233 1789 1309 venerahilis
1814 1239 1891 1307 tolo

716 1355 873 1449 mund03
900 1375 986 1428 nam
1012 1353 1050 1427 in
1074 1355 1145 1428 hoc
1171 1354 1319 1449 templo,
1339 1359 1380 1428 ut
1400 1353 1487 1428 dicit
1511 1353 1685 1448 lustinus,
1698 1361 1806 1430 erant
1824 1353 1892 1428 do-

717 1475 819 1549 naria
847 1495 979 1570 magna
1012 1480 1050 1548 et
1081 1474 1256 1568 opulenta
1289 1494 1422 1570 regum
1453 1479 1491 1548 el
1524 1474 1765 1570 populorum,
1793 1475 1892 1550 unde

718 1597 824 1670 multi
845 1594 1042 1690 cupiditate
1068 1593 1202 1688 praedae
1219 1594 1433 1668 invaserunt
1450 1594 1635 1669 civitatem
1653 1595 1891 1688 Delphorum,

717 1715 781 1792 sed
808 1733 998 1809 nunquam
1025 1713 1104 1788 sine
1129 1715 1269 1788 ultione
1293 1713 1529 1789 offendentis:
1549 1714 1647 1788 unde
1663 1715 1801 1789 Xerses
1825 1733 1892 1808 po-

718 1835 940 1912 tentissimus
967 1855 1033 1908 rex
1055 1853 1263 1930 persarum,
1293 1834 1377 1909 inde
1402 1833 1592 1909 infeliciter
1622 1834 1790 1930 repulsus
1817 1841 1894 1926 ost,

719 1963 756 2032 et
782 1957 950 2030 Brennus
974 1954 1159 2051 gallorum
1187 1955 1350 2051 regulus,
1377 1955 1442 2049 qni
1471 1955 1624 2049 ltaliam,
1650 1956 1828 2031 Graeciam
1856 1961 1896 2031 et

718 2076 849 2150 urbem
877 2081 1121 2171 oppresserat,
1140 2075 1188 2148 ihi
1206 2075 1386 2171 sacrilegii
1403 2095 1530 2171 poenas
1550 2076 1628 2169 luit,
1645 2075 1765 2151 deleto
1782 2096 1894 2152 erer-

716 2196 791 2272 citu
826 2215 895 2269 suo
933 2215 1020 2270 cum
1055 2196 1208 2270 haberet
1234 2195 1395 2290 pediturn
1431 2196 1696 2292 qninquaginta
1728 2197 1894 2291 quinque

719 2315 847 2409 millia3
862 2315 988 2411 Delphi
1002 2335 1092 2390 vero
1105 2335 1192 2390 cum
1206 2315 1313 2390 sociis
1325 2323 1487 2410 quatuor
1500 2315 1621 2409 millia,
1636 2307 1805 2409 lamen(¹)
1820 2315 1891 2390 deo

721 2436 876 2534 propitio
893 2436 993 2533 potiti
1007 2443 1093 2510 sunt
1104 2436 1268 2512 victorin.
1283 2438 1337 2512 De
1353 2437 1423 2511 huc
1441 2436 1526 2511 dicit
1542 2437 1681 2510 Plinius
1700 2436 1797 2511 intra
1815 2442 1892 2511 ter·

724 2577 803 2630 ram
819 2556 954 2632 Beotiae
972 2556 1129 2632 liberum
1147 2556 1321 2652 oppidum
1339 2555 1497 2652 Delphos
1509 2557 1579 2631 suh
1599 2563 1725 2632 monte
1741 2556 1890 2631 Parnasi

722 2676 910 2752 clarissimi
937 2676 975 2750 in
999 2676 1107 2750 torris
1131 2677 1284 2752 oraculo
1309 2676 1492 2772 Apollinis.
1517 2676 1642 2751 Livius
1666 2696 1757 2752 vero
1781 2677 1892 2751 dicit:

723 2797 891 2892 Delphos,
909 2816 1109 2871 commune
1134 2797 1287 2871 humani
1303 2798 1448 2893 generis
1468 2797 1676 2891 oraculum,
1693 2797 1889 2874 umbilicus

720 2916 819 2992 urhis
839 2924 1037 2992 terrarum.
1065 2917 1108 2990 Et
1132 2917 1236 2992 dicii:
1257 2920 1399 3010 quondo
1415 2922 1520 2993 alcun
1535 2921 1573 2992 di
1588 2940 1626 2993 sc
1641 2927 1770 3010 ussclu,
1787 2919 1891 3014 idest,

717 3037 941 3112 sitibundum
963 3043 1001 3112 et
1016 3036 1269 3112 desidorosum
1287 3036 1334 3112 de
1353 3057 1395 3113 se
1414 3038 1519 3113 lauro
1538 3038 1633 3131 iacit,
1651 3039 1755 3132 quasi
1773 3038 1889 3114 dicat:

717 3158 864 3254 qnando
889 3157 1053 3233 accendit
1078 3156 1280 3253 appetitum
1306 3158 1476 3252 poetandi
1488 3150 1526 3251 (²)
1545 3159 1581 3232 in
1598 3159 1725 3234 aliurn.
1743 3161 1820 3236 lloc
1836 3161 1893 3236 di-

717 3281 764 3356 cit
791 3299 857 3374 pro
887 3299 928 3353 se
956 3279 1019 3373 qui
1051 3298 1151 3352 nunc
1175 3284 1256 3352 erat
1290 3278 1339 3353 ita
1368 3279 1572 3354 sitibundus
1597 3281 1767 3375 poetandi
1780 3273 1818 3374 (⁸)
1846 3283 1893 3358 de

696 3401 855 3495 ‘templo
880 3399 1002 3495 magni
1029 3398 1212 3494 Apollinis,
1238 3399 1339 3494 idest,
1358 3399 1500 3474 Christi.
1514 3439 1564 3455 -
1576 3406 1683 3475 Poro.
1701 3402 1767 3477 llic
1783 3411 1890 3497 poeta

717 3528 797 3617 pust
821 3519 1122 3616 conquestionem
1148 3519 1337 3618 subiungit
1359 3520 1489 3595 ultimo
1505 3522 1703 3616 aliqualem
1724 3522 1892 3599 consola-

717 3644 852 3718 tionem
864 3666 874 3736 ;
888 3648 926 3716 et
943 3640 1141 3734 dicitquod
1155 3640 1249 3715 iorte
1265 3647 1347 3736 post
1363 3661 1451 3716 eum
1466 3643 1612 3717 venient
1629 3643 1890 3719 excellentiora

717 3761 881 3860 ingenia:
908 3767 946 3837 et
971 3761 1159 3857 praemittit
1183 3782 1295 3836 unam
1322 3761 1539 3837 sententiam
1566 3764 1624 3837 vcl
1649 3764 1891 3859 proverbium

659 3885 661 3890 ’
716 3882 902 3980 generale,
920 3881 1061 3956 dicens:
1082 3887 1180 3954 Poca
1192 3885 1332 3976 fauilla,
1347 3881 1450 3974 idest,
1471 3883 1662 3976 parvulam
1681 3883 1885 3979 scintillam,

716 4023 812 4096 pron
834 4005 981 4095 flamma
1005 4005 1173 4093 secondo,
1190 4001 1292 4095 idest,
1309 4001 1488 4097 sequitur,
1507 4002 1611 4097 quasi
1637 4003 1734 4078 dicat
1757 4015 1890 4082 autor:

717 4143 787 4220 ego
806 4121 992 4196 modicum
1018 4121 1174 4196 excitari
1189 4121 1352 4196 iarillam
1370 4121 1526 4217 sopitam
1543 4130 1581 4197 et
1597 4125 1809 4219 extinctam,
1826 4125 1890 4200 sed

717 4242 810 4318 iurte
822 4249 1000 4336 sequetur
1015 4263 1172 4339 magnus
1191 4241 1295 4338 ignis,
1310 4241 1412 4336 idest,
1424 4241 1558 4317 clarior
1573 4251 1682 4338 poeta
1695 4265 1777 4337 me;
1794 4245 1893 4320 unde

715 4363 818 4438 dicit:
832 4367 932 4458 [orso
955 4365 987 4437 si
1008 4353 1200 4454 preeunt,
1220 4363 1367 4457 scilicet,
1384 4362 1574 4457 abaliquo
1595 4373 1701 4459 poeta
1721 4372 1890 4460 venturo,

715 4485 849 4557 docco
875 4504 899 4556 u
924 4483 990 4576 rire,
1011 4482 1074 4576 qui
1100 4482 1242 4577 primus
1258 4482 1425 4557 omnium
1443 4483 1571 4578 aperui
1595 4483 1690 4557 viam
1714 4484 1760 4558 ad
1779 4486 1890 4560 talem

716 4601 921 4697 materiam,
959 4597 1087 4694 porche*
1121 4605 1240 4697 curu,
1278 4602 1381 4696 idest,
1415 4602 1555 4697 Apollo,
1587 4604 1650 4697 qui
1683 4605 1817 4680 colitur
1855 4606 1891 4679 in

716 4723 845 4798 Cirrha
876 4723 995 4797 altero
1016 4723 1110 4818 jugo
1136 4721 1270 4797 montis
1296 4723 1457 4815 Parnasi,
1483 4726 1667 4819 opuntia,
1700 4725 1804 4821 idest,
1830 4747 1892 4802 rc-

716 4863 890 4937 sponsum
905 4843 977 4936 det,
995 4843 1089 4916 sicut
1106 4843 1193 4917 olim
1209 4842 1349 4918 solebat
1364 4829 1402 4934 (⁴)
1419 4843 1497 4916 dari
1518 4863 1690 4938 responsa
1707 4845 1745 4919 in
1762 4846 1889 4920 Cirrha

778 5027 806 5089 (¹)
823 5033 838 5079 i
854 5041 869 5077 a
887 5027 916 5077 E.
934 5028 1014 5079 miliia
1031 5033 1141 5079 lanium.
1392 5027 1420 5092 (Ἴ
1437 5029 1467 5077 E.
1484 5029 1597 5092 potandi.

779 5103 808 5169 (¹)
824 5103 855 5154 Ε·
872 5103 986 5167 P⁰i³ffl¹¹=
1392 5105 1421 5165 (⁸)
1435 5105 1466 5156 E.
1481 5104 1608 5156 wlehant.
