4575 6842
718 939 787 1007 192
1073 949 1279 1005 counnruu
1304 949 1524 1005 runonronu

712 1096 808 1172 bene
832 1116 899 1190 par
922 1095 1142 1190 distantiam,
1169 1097 1299 1188 quand
1312 1097 1347 1168 to
1371 1094 1446 1167 abdi
1480 1093 1530 1165 tal
1557 1099 1662 1185 posta
1687 1096 1786 1167 dalla
1810 1096 1882 1168 mio

712 1218 806 1307 moa,
831 1215 980 1308 scilicet,
1005 1214 1150 1290 sinistra
1176 1235 1379 1310 perquam
1407 1212 1517 1306 ibam,
1543 1214 1603 1286 alle
1626 1215 1702 1286 solo
1730 1215 1885 1308 tlfiume

714 1339 763 1410 nri
782 1341 888 1430 faceo
912 1339 1073 1425 distante
1098 1335 1146 1409 ab
1172 1335 1240 1408 illis
1265 1334 1504 1410 venientibus.
1525 1334 1611 1406 Vult
1635 1333 1769 1428 dicere,
1788 1334 1885 1427 quod

714 1478 801 1532 cum
827 1457 904 1552 ipse
929 1455 1000 1531 iret
1025 1456 1140 1548 tarde,
1166 1463 1203 1531 el
1228 1454 1445 1530 candelabra
1478 1454 1647 1529 venirent
1675 1455 1712 1528 in
1742 1455 1887 1550 opposi-

715 1584 796 1651 tum
822 1577 962 1651 tardius
978 1597 1035 1670 eo,
1055 1575 1200 1651 tandem
1220 1575 1337 1650 laetus
1362 1573 1411 1648 ita
1437 1573 1663 1669 propinquus
1685 1575 1764 1669 illis,
1786 1575 1884 1668 qnod

573 1709 583 1725 ·
715 1699 803 1772 nibil
828 1705 908 1773 erat
934 1697 1095 1772 medium
1115 1697 1180 1770 nisi
1200 1697 1349 1790 dumea,
1377 1694 1535 1770 firmavit
1556 1702 1706 1770 se-Ii
1721 1699 1800 1770 vidi.
1821 1695 1885 1770 llic

715 1826 822 1915 poeta
847 1817 1004 1893 ostendit
1021 1817 1108 1911 quid
1129 1817 1260 1891 viderit
1280 1817 1398 1891 lactus
1422 1817 1474 1892 sic
1499 1817 1710 1912 dispositus3
1728 1825 1765 1892 et
1790 1817 1884 1910 dicit,

716 1938 814 2034 quod
840 1938 927 2011 vidit
953 1937 1156 2011 mirabilem
1184 1937 1434 2032 operationem
1467 1937 1614 2012 illorum
1646 1937 1885 2013 candelabro-

717 2080 814 2151 rum,
827 2077 911 2152 quae
924 2058 961 2130 in
975 2057 1129 2130 transitu
1142 2077 1212 2130 suo
1226 2062 1344 2131 totum
1361 2077 1487 2131 aerem
1504 2057 1758 2151 relinquebant
1774 2058 1884 2131 ador-

715 2184 843 2252 natum
870 2177 981 2252 variis
1006 2176 1201 2252 coloribus.
1227 2176 1330 2251 Unde
1354 2175 1459 2250 dicit:
1481 2182 1514 2250 E
1537 2181 1608 2252 vidi
1634 2181 1665 2251 le
1686 2181 1883 2270 fiamnrelle,

713 2297 817 2392 idest,
834 2296 1053 2371 candelabra
1071 2295 1307 2388 flammantia,
1326 2299 1446 2370 endor
1463 2300 1627 2388 devonia,
1644 2297 1747 2391 idest,
1766 2304 1885 2373 trans·

714 2419 770 2494 ire
798 2424 884 2493 ante
916 2438 978 2492 me
1010 2424 1046 2492 et
1072 2417 1168 2491 oltra
1195 2437 1267 2510 me,
1295 2418 1380 2511 quia
1410 2438 1481 2514 ego
1509 2419 1663 2512 stabam,
1690 2426 1727 2493 et
1752 2417 1885 2494 cande-

714 2540 816 2614 labra
843 2538 1016 2613 oontinrm
1042 2537 1154 2630 ibant,
1179 2539 1361 2612 laedendo
1380 2541 1491 2612 diotre
1516 2561 1540 2611 n
1563 2560 1602 2611 so
1625 2541 1723 2612 laer
1739 2542 1884 2631 diptnto,

714 2660 862 2754 scilicet,
887 2664 1026 2752 septem
1052 2657 1178 2730 caudis
1204 2657 1473 2751 splendentibus
1490 2659 1526 2731 in
1545 2659 1694 2733 modum
1722 2666 1886 2734 oometa-

715 2803 800 2855 rum
819 2778 1099 2876 procedentibus
1123 2799 1145 2852 a
1171 2779 1264 2852 coelo
1289 2799 1311 2853 a
1333 2779 1466 2874 Spiritu
1485 2787 1629 2874 sanat03
1649 2787 1685 2856 et
1703 2779 1884 2875 specificat

714 2902 870 2976 sormam
898 2919 1041 2992 eorum,
1066 2898 1209 2973 dicens:
1230 2920 1250 2971 e
1274 2921 1375 2991 ovea,
1393 2899 1453 2973 ille
1472 2883 1682 2995 aer'pietus‚
1699 2901 1886 2976 semblable

713 3025 752 3096 di
762 3024 915 3114 pennalt-t
932 3022 1042 3109 ualli,
1058 3018 1304 3112 apictoribus.
1324 3019 1368 3092 ut
1385 3039 1471 3094 ecce
1488 3021 1693 3113 quomodo:
1711 3014 1742 3094 si
1757 3023 1883 3110 creto,

714 3141 861 3234 seilicet,
886 3161 963 3234 aar,
997 3141 1158 3212 mmaneo
1183 3141 1322 3212 distimo
1350 3159 1473 3232 sopra,
1508 3161 1626 3234 usque
1655 3141 1700 3214 ad
1735 3141 1884 3233 coelum,

713 3261 966 3349 dissuetum,
993 3259 1094 3353 idest,
1119 3258 1232 3332 lineis.
1259 3257 1381 3332 Lineae
1411 3258 1490 3332 istae
1522 3267 1607 3332 sunt
1633 3259 1721 3332 radii
1749 3260 1885 3356 gralia·

714 3403 799 3456 rum
832 3381 987 3476 Spiritus
1017 3379 1131 3454 sancti
1163 3385 1383 3455 exornantes
1415 3381 1690 3457 universitatem
1722 3382 1884 3457 ecelesiae

713 3501 895 3576 nobilibus
919 3499 1114 3592 coloribus,
1138 3500 1266 3594 quales
1291 3507 1377 3574 sunt
1402 3499 1450 3574 illi
1478 3521 1572 3594 qnos
1588 3501 1672 3576 lacit
1688 3503 1741 3575 sol
1762 3501 1798 3574 in
1815 3521 1884 3575 suo

712 3643 816 3716 arou,
842 3628 879 3696 et
909 3621 996 3695 luna
1028 3621 1065 3694 in
1094 3641 1164 3694 suo
1196 3619 1352 3715 circulo;
1383 3621 1481 3696 unde
1510 3622 1612 3697 dicit:
1639 3630 1731 3712 tutte,
1761 3615 1882 3714 illae(¹)

713 3743 815 3836 listae,
834 3746 873 3816 in
898 3745 976 3834 quei
998 3744 1122 3831 coloni,
1144 3740 1275 3815 talibus
1300 3747 1338 3814 et
1363 3748 1438 3816 tam
1458 3743 1579 3837 variis
1596 3747 1698 3834 ende,
1717 3742 1819 3836 idest,
1837 3763 1884 3816 ex

715 3863 851 3957 quibus
875 3860 1072 3954 coloribus,
1091 3862 1119 3933 il
1133 3863 1189 3932 sol
1200 3864 1242 3954 sa
1260 3863 1396 3951 turco,
1414 3861 1561 3955 scilicet,
1587 3863 1728 3956 iridem,
1745 3863 1792 3937 de
1809 3882 1884 3956 quo

713 3983 852 4057 dictum
870 3989 927 4057 est
943 4001 1066 4076 supra,
1084 3981 1244 4076 capitulo
1262 3981 1358 4054 XXV
1376 3982 1595 4080 Purgatorii,
1614 4005 1632 4055 e
1648 3986 1764 4076 Delio,
1782 3983 1883 4078 idest,

713 4105 802 4178 luna
826 4103 879 4177 sie
902 4102 998 4177 dicta
1022 4123 1044 4176 a
1070 4102 1161 4176 Delo
1195 4102 1324 4195 insula,
1349 4105 1378 4176 il
1399 4105 1502 4194 anto,
1529 4103 1631 4198 idest,
1653 4104 1738 4178 lacit
1762 4103 1884 4178 circu-

712 4224 790 4297 lum
816 4224 914 4297 eirca
938 4243 980 4298 se
1004 4243 1071 4318 per
1097 4222 1277 4298 modicam
1304 4221 1524 4317 distantiam,
1545 4223 1608 4317 qui
1633 4223 1791 4297 circulus
1817 4245 1885 4298 vo-

712 4352 819 4420 catur
839 4344 923 4419 balo
935 4344 982 4419 de
1001 4364 1076 4438 quo
1096 4343 1239 4418 dicetur
1252 4342 1410 4416 Paradisi
1426 4343 1584 4439 capitulo
1598 4344 1623 4417 l.
1642 4345 1686 4418 lit
1704 4344 1762 4419 bic
1783 4351 1884 4439 potes

711 4465 940 4562 perpendere
953 4463 1052 4558 quod
1065 4461 1212 4558 proprie
1226 4468 1332 4557 poeta
1347 4462 1522 4536 assimilat
1536 4463 1602 4537 ista
1616 4471 1755 4558 septem
1770 4465 1885 4538 linea·

713 4592 837 4662 menta
861 4585 1006 4660 duobus
1033 4584 1175 4680 magnis
1200 4582 1443 4657 luminaribus
1472 4583 1565 4678 ooeli,
1592 4585 1726 4660 scilieet
1756 4585 1821 4658 soli
1848 4591 1885 4658 et

712 4710 824 4800 lunae,
849 4706 924 4780 imo
949 4712 1093 4801 poterat
1116 4705 1319 4780 assimilare
1343 4711 1483 4800 septem
1511 4705 1672 4800 planetis.
1697 4705 1740 4777 Et
1764 4704 1886 4778 subdit

710 4827 969 4906 excellentiam
984 4827 1138 4902 istorum
1158 4827 1480 4920 lineamentorum,
1497 4826 1638 4901 dicens:
1659 4829 1767 4918 questi
1789 4832 1882 4898 sten-

775 5089 802 5149 (¹)
820 5087 851 5137 Ε.
866 5085 964 5137 seillam
979 5086 1040 5139 illu.
