4575 6842
844 978 983 1035 caurus
1007 980 1151 1035 neruus
1511 968 1581 1035 299

407 1126 483 1201 loci·
503 1146 552 1200 an
580 1123 750 1201 maiestas
766 1116 802 1217 (¹)
837 1123 902 1199 llei
931 1124 1014 1220 plus
1046 1124 1180 1199 haheat
1212 1125 1473 1201 admirationis.
1509 1125 1585 1200 lle·

407 1245 511 1320 dium
537 1252 666 1321 autem
690 1265 823 1321 saxum
850 1250 1022 1319 cavatum
1049 1250 1104 1319 est
1128 1245 1165 1317 iu
1187 1245 1307 1321 forma
1333 1246 1468 1321 theatri
1489 1245 1585 1321 intra

410 1366 509 1461 quod
535 1367 676 1441 clamor
701 1363 894 1438 hominum
921 1370 958 1438 et
983 1384 1096 1438 sunus
1122 1364 1297 1439 tubarum
1328 1385 1416 1439 cum
1450 1384 1586 1461 magno

252 1541 256 1549 .
411 1487 567 1563 rohoatu
583 1477 621 1580 (')
648 1484 695 1559 ihi
723 1484 762 1559 lit
786 1483 1067 1579 personantibus
1093 1485 1204 1579 sanis,
1221 1485 1320 1579 quod
1340 1492 1530 1581 stuporem
1549 1488 1588 1558 et

411 1614 594 1683 terrorem
621 1605 706 1681 lacit
731 1604 877 1703 ignaris.
897 1606 988 1679 Nam
1016 1610 1054 1682 et
1079 1606 1183 1701 quasi
1201 1606 1238 1679 in
1260 1604 1380 1681 media
1398 1603 1588 1679 altitudine

412 1728 530 1803 cavati
558 1727 691 1802 montis
716 1732 772 1803 est
805 1746 919 1822 parva
950 1726 1126 1821 planities,
1152 1732 1191 1801 et
1222 1726 1260 1800 in
1284 1746 1329 1801 ea
1363 1724 1587 1821 protundum

412 1855 523 1924 terrm
548 1848 727 1941 foramen,
754 1867 820 1943 per
846 1845 944 1942 quod
970 1846 1046 1921 exit
1071 1851 1203 1922 ventus
1221 1847 1399 1942 inspirans
1415 1847 1588 1943 virgines,

412 1968 459 2043 de
484 1988 568 2063 quo·
584 1968 756 2043 Lucanus
769 1956 830 2061 (³):
858 1973 1043 2059 centosque
1068 1970 1241 2059 loquaces.
1267 1967 1372 2041 Modo
1389 1965 1436 2040 ad
1453 1986 1589 2061 propo·

412 2089 524 2164 situm
549 2088 634 2164 dicit
658 2094 778 2185 poeta,
796 2089 895 2183 quod
915 2109 1033 2163 unum
1048 2089 1184 2185 jugum
1202 2088 1352 2163 Parnasi
1369 2086 1588 2182 deputatum

412 2211 556 2285 Baccho
590 2208 733 2284 suffecit
765 2207 831 2283 sihi
859 2209 1053 2303 hucusque
1066 2232 1077 2303 ;
1110 2227 1209 2282 nunc
1242 2226 1333 2282 vero
1362 2212 1400 2281 et
1430 2204 1519 2280 illud
1551 2211 1590 2281 et

412 2329 512 2405 aliud
526 2334 782 2405 consecratum
800 2328 954 2424 Apollini
971 2332 1027 2403 est
1043 2326 1111 2402 sihi
1129 2326 1398 2401 necessarium:
1415 2345 1482 2422 per
1496 2325 1590 2399 Bac·

414 2450 528 2525 chum
553 2454 679 2524 autem
701 2448 884 2545 liguratur
901 2447 1051 2523 seientia
1069 2447 1257 2541 naturalis,
1275 2466 1360 2541 quae
1377 2446 1504 2522 haberi
1523 2466 1589 2543 po·

415 2575 568 2665 testper
586 2568 863 2664 acquisitionem
883 2568 1096 2662 humanam,
1114 2567 1215 2641 sicut.
1234 2567 1383 2663 physica
1400 2572 1439 2642 et
1454 2566 1586 2662 ethica,

415 2689 518 2785 idest,
548 2688 774 2786 philosophia
808 2688 985 2764 naturalis
1019 2694 1056 2763 et
1090 2687 1259 2763 moralis:
1286 2708 1353 2783 per
1386 2688 1589 2783 Apollinem

416 2808 680 2886 vero-scientia
699 2808 988 2903 supernaturalis
1005 2814 1043 2883 et
1062 2806 1196 2902 divina,
1217 2808 1312 2883 sicut
1330 2808 1589 2904 metaphysica,
1615 2862 1620 2869 -

417 2928 520 3023 idest,
534 2948 651 3005 sacra
677 2928 837 3005 scientia.
864 2928 925 3005 Sol
950 2928 1048 3003 enim
1075 2935 1131 3003 est
1156 2927 1220 3022 qui
1245 2927 1383 3003 virtute
1407 2949 1475 3003 sua
1505 2928 1591 3006 lacit

416 3050 515 3123 viros
541 3049 721 3144 sapientes
746 3055 783 3125 et
809 3047 1028 3124 excellentes
1053 3046 1234 3140 doctores,
1250 3046 1346 3121 sicut
1362 3053 1472 3123 autor
1488 3048 1589 3144 ponit
1720 3108 1724 3115 .

417 3168 511 3243 inira
536 3169 600 3244 uhi
625 3174 758 3243 tractat
777 3167 824 3243 de
849 3188 955 3263 spera
973 3168 1077 3262 solis;
1095 3166 1179 3243 ideo
1195 3167 1344 3241 scientia
1365 3155 1591 3259 naturalist‘)
1705 3190 1722 3213 ·

418 3290 574 3366 sullecil
586 3290 688 3365 sihi
678 3311 716 3364 m
741 3289 886 3365 duobus
899 3288 1192 3385 precedentibus
1210 3288 1333 3381 libris;
1351 3308 1451 3363 nunc
1469 3287 1504 3393 iu
1522 3288 1591 3363 isto

419 3410 527 3487 tertio
544 3410 681 3508 indiget
698 3410 846 3486 scientia
865 3410 997 3485 divina.
1015 3408 1070 3483 Ad
1087 3408 1231 3483 literam
1253 3428 1345 3505 ergo
1362 3406 1447 3483 dicit
1464 3386 1591 3502 poeta·

418 3533 499 3605 tun
523 3534 642 3625 pinpo,
662 3530 794 3604 istud
780 3550 914 3626 Jugum
936 3535 1092 3605 vocatur
1108 3528 1235 3624 Nyssa,
1257 3535 1295 3603 et
1314 3534 1370 3603 est
1395 3528 1538 3622 Bacchi,
1556 3531 1595 3603 di

419 3658 600 3745 Parnaso,
632 3651 728 3726 hene
752 3650 922 3726 convenit
949 3668 1099 3742 nomem
1125 3647 1382 3725 diciturenim
1408 3638 1592 3725 Parnasus

420 3772 525 3867 quasi
550 3791 685 3868 parans
711 3790 782 3867 noy
808 3790 970 3865 sensum,
997 3767 1088 3843 idest
1113 3769 1226 3843 menti
1247 3768 1474 3864 sapientiam,
1495 3771 1594 3843 assai

419 3896 468 3967 mi
487 3896 542 3987 su,
569 3891 672 3984 idest,
698 3888 841 3965 sullecit
861 3889 961 3985 mihi,
978 3892 1134 3963 insinoo
1161 3892 1232 3982 qui,
1252 3888 1400 3983 scilicet,
1417 3888 1455 3963 in
1472 3889 1593 3984 primo
1740 3982 1745 3993 Ι

419 4012 513 4087 libro
538 4011 672 4087 lnlerni
697 4017 734 4087 et
758 4009 920 4086 secundo
945 4008 1164 4106 Purgamrtt,
1190 4030 1250 4081 mo
1275 4029 1333 4097 or,
1349 4007 1453 4102 idest,
1475 4027 1594 4103 nuper

419 4134 466 4209 de
490 4132 672 4229 praesenti,
698 4124 776 4207 m'd
797 4151 903 4224 copo,
928 4130 1032 4224 idest,
1058 4128 1204 4225 expedit
1229 4128 1329 4222 mihi,
1355 4135 1498 4212 entrare
1517 4131 1594 4203 ncl-

420 4255 608 4343 l'orrinqo
631 4254 781 4343 nmmo,
806 4250 909 4345 idest,
934 4270 1087 4355 cursum
1108 4255 1148 4324 et
1166 4253 1365 4323 tractatum
1384 4247 1480 4323 tertii
1500 4247 1594 4341 lihri,

420 4373 494 4468 qui-
510 4372 642 4447 dicitur
667 4371 874 4466 Paradisus,
891 4370 956 4465 qui
977 4376 1089 4446 restat
1106 4368 1377 4463 describendus,
1395 4390 1461 4443 coa
1476 4370 1595 4443 amle-

419 4496 500 4584 doc,
526 4493 631 4587 idest,
654 4501 817 4587 utroque
832 4492 938 4588 jugo,
956 4492 1061 4585 quasi
1078 4490 1187 4585 dicat,
1204 4510 1304 4565 nunc
1329 4490 1367 4565 in
1391 4489 1458 4565 ista
1476 4490 1595 4565 ardua
1634 4529 1638 4535 ·

421 4612 577 4689 materia
604 4633 697 4710 egeo
722 4612 860 4689 auxilio
885 4610 1045 4686 duorum
1072 4611 1242 4705 deorum,
1265 4610 1402 4685 scilicet
1424 4610 1596 4706 Apollinis

421 4732 626 4810 etBacchi.
653 4732 725 4809 Sed
751 4732 808 4805 hic
834 4736 889 4805 est
913 4751 1006 4826 opus
1031 4751 1166 4827 magna
1184 4730 1451 4836 speculatione:
1477 4751 1596 4825 quare

420 4861 531 4930 autor
550 4853 648 4929 dicat
672 4873 714 4928 se
739 4872 851 4949 egere
868 4858 1030 4947 utroque
1046 4852 1142 4947 uem
1161 4853 1259 4947 quia,
1281 4852 1408 4928 dicunt
1423 4873 1595 4929 commu·

485 5038 514 5103 (¹)
531 5040 561 5091 ll.
577 5040 715 5089 maiestatis
732 5038 788 5090 liet.
1045 5034 1076 5099 ’(ἰ
1093 5042 1116 5097 ι,
1134 5038 1266 5089 roboam,

487 5115 512 5178 ι’)
529 5116 559 5167 Ε.
575 5117 695 5167 Lucanus
711 5118 762 5167 nit:
778 5122 918 5181 maraque.
1050 5115 1077 5177 (⁸)
1092 5114 1118 5165 S.
1134 5128 1151 5166 e
1166 5115 1197 5165 Ε.
1213 5114 1467 5167 massalianorum
1482 5114 1594 5167 mliectt.
