4575 6842
701 946 840 1004 CANTUS
865 949 1082 1004 calceaturus
1107 949 1302 1004 SECUNDUS.
1514 938 1586 1007 257

413 1099 522 1167 natus
548 1099 589 1167 ut
614 1092 740 1167 vivens
766 1094 891 1167 venias
916 1093 963 1168 ad
987 1094 1082 1168 banc
1108 1093 1311 1188 civitatem3
1324 1088 1415 1187 perd
1437 1097 1517 1169 dori
1541 1116 1586 1168 or

411 1216 462 1305 gli
487 1214 582 1286 occdi
597 1216 638 1286 ol
654 1233 777 1306 carro,
798 1213 884 1307 quia
902 1214 931 1287 si
949 1213 1114 1289 Christus
1131 1213 1223 1287 ludit
1238 1214 1455 1311 sanguinem
1473 1235 1583 1289 suum

412 1352 480 1427 pro
506 1353 563 1427 eo,
589 1339 627 1408 et
652 1353 882 1423 successores
916 1334 972 1406 sui
1006 1334 1070 1407 diu
1100 1334 1276 1408 fuderunt
1306 1355 1429 1430 suum,
1455 1339 1492 1409 in
1512 1357 1584 1428 pro

412 1455 470 1527 del
493 1456 637 1544 amodo,
657 1452 761 1546 idest,
782 1451 829 1526 ad
856 1453 1059 1547 proiectum
1079 1460 1116 1528 et
1132 1453 1411 1529 instructionem
1429 1456 1586 1530 munda·

413 1592 561 1666 norum,
583 1574 643 1645 obe
666 1575 741 1645 mol
762 1575 850 1664 oioc,
873 1594 892 1645 e
915 1576 1090 1647 ritornoto
1116 1578 1153 1648 di
1177 1564 1228 1666 ld,
1244 1574 1392 1669 scilicet,
1410 1575 1457 1649 ad
1475 1596 1586 1648 mun-

413 1693 515 1787 dum,
547 1697 588 1788 so
612 1694 673 1765 cde
696 1700 731 1767 tu
755 1696 867 1766 suive
892 1697 971 1786 prael
997 1697 1058 1768 cde
1089 1698 1180 1789 oedt,
1216 1696 1302 1790 quia
1328 1702 1369 1769 tu
1402 1695 1522 1769 bonus
1546 1694 1584 1768 in
1687 1692 1690 1698 ’

413 1834 526 1910 opere
551 1820 617 1888 tuo
641 1812 796 1887 intendis
814 1813 935 1890 lacere
951 1815 1041 1890 alios
1058 1816 1184 1891 bonos.
1203 1816 1247 1889 Et
1267 1815 1443 1891 continuo
1460 1821 1584 1890 osten-

411 1934 463 2007 dit
480 1932 638 2028 qualiter
657 1933 859 2008 obediverit
880 1933 958 2028 sibi,
976 1934 1098 2009 dicens
1116 1935 1384 2010 continuative:
1402 1928 1474 2009 cosi
1490 1940 1584 2007 Beo-

412 2057 507 2145 oce,
537 2054 676 2148 supple,
702 2052 792 2127 oran
816 2052 921 2127 mini:
947 2060 981 2127 ee
1002 2058 1038 2128 o
1062 2056 1188 2128 cl’era
1204 2062 1287 2129 nco
1303 2057 1420 2129 arvos
1442 2059 1478 2128 α’
1490 2058 1586 2148 poor
1618 2034 1624 2048 ’

411 2174 464 2247 dt
485 2176 563 2246 suoi
595 2176 887 2265 comandunwntt,
921 2181 1053 2268 praesto
1086 2174 1132 2249 ad
1167 2195 1317 2249 omnem
1353 2175 1584 2270 famulatum,

412 2297 505 2369 dedi
529 2297 566 2367 lo
591 2303 701 2368 mente
726 2316 745 2367 c
767 2297 819 2386 pti
842 2296 949 2386 oreti,
968 2294 1070 2389 idest,
1088 2297 1215 2371 oculos
1244 2298 1434 2392 mentales,
1455 2299 1584 2370 oo’etto

412 2418 513 2508 volte,
540 2416 686 2509 scilicet,
712 2413 759 2490 ad
784 2434 949 2489 currum.
964 2456 1014 2471 -
1028 2420 1117 2489 Non.
1144 2417 1249 2491 Nunc
1273 2424 1380 2511 poeta
1406 2416 1529 2510 incipit
1543 2411 1579 2509 (¹)

411 2536 619 2611 describere
631 2534 884 2610 tribulationes
901 2535 1074 2630 ecclesie,
1088 2542 1126 2611 et
1142 2536 1427 2631 primoquidem
1445 2535 1583 2610 descri-

411 2656 464 2730 bit
489 2655 692 2752 figuraliter
718 2655 874 2749 primam
900 2655 1110 2751 generalem
1136 2656 1338 2730 maximam
1357 2655 1583 2751 persecutio-

412 2796 497 2851 nem
534 2795 646 2868 quam
680 2775 836 2850 ostendit
867 2795 934 2870 per
970 2775 1263 2870 persecutionem
1303 2778 1411 2851 unius
1449 2775 1583 2870 aquilae

413 2895 646 2971 fulminantis.
672 2894 749 2969 Sub
784 2896 851 2969 bac
882 2900 1008 2969 autem
1039 2894 1101 2969 dat
1130 2896 1279 2993 intelligi
1310 2894 1583 2991 persecutiones

413 3017 678 3111 imperatorum
705 3035 958 3109 romanorum,
980 3036 1142 3109 quorum
1160 3014 1307 3111 signum
1332 3023 1414 3091 erat
1438 3015 1580 3110 aquila:

413 3137 517 3210 multi
544 3136 640 3211 enim
667 3143 747 3230 post
761 3128 797 3227 (²)
824 3135 1009 3210 Christum
1042 3135 1225 3229 persecuti
1259 3142 1345 3210 sunt
1376 3136 1580 3229 ecclesiam,

411 3256 505 3331 sicut
529 3258 637 3349 Nero,
663 3256 901 3349 Domitianus,
923 3255 1067 3348 Decius,
1088 3254 1324 3330 Dioclitianus
1349 3262 1387 3330 et
1410 3255 1491 3330 alii:
1518 3253 1583 3330 de-

410 3397 492 3451 cem
510 3376 609 3451 enim
628 3376 777 3452 luerunt
794 3375 1066 3469 persecutiones
1084 3396 1230 3472 magnae
1246 3375 1293 3450 ad
1310 3375 1581 3449 similitudinem

410 3497 538 3572 decem
563 3496 756 3593 plagarum
774 3495 932 3592 AEgypti,
952 3502 995 3567 ut
1011 3496 1062 3569 ait
1078 3495 1265 3590 Horosius,
1283 3516 1351 3570 nec
1368 3500 1493 3569 tamen
1513 3514 1584 3589 pu-

411 3619 563 3693 tandum
589 3624 644 3693 est
669 3616 861 3691 ecclesiam
889 3635 961 3689 non
989 3615 1159 3691 babuisse
1183 3618 1242 3692 vel
1267 3614 1475 3690 babituram
1503 3635 1585 3690 esse

410 3739 510 3833 alias,
537 3744 578 3812 ut
603 3738 653 3812 ait
677 3736 904 3833 Augustinus
921 3735 967 3811 de
987 3735 1140 3813 Ciuitate
1158 3736 1232 3811 Dei.
1251 3736 1305 3811 Ad
1321 3735 1464 3811 literam
1490 3745 1581 3831 ergo

411 3866 517 3955 poeta
535 3858 650 3954 tangit
667 3857 867 3932 terribilem
885 3856 1103 3931 descensum
1122 3857 1232 3930 unius
1246 3856 1379 3951 aquile
1396 3876 1463 3951 per
1480 3875 1583 3929 com·

411 3979 638 4075 parationem
653 3976 938 4073 propriissimum
949 3975 1270 4069 fulminis,dicens:
1285 3981 1402 4049 Fuoco
1411 3996 1483 4048 non
1492 3995 1584 4047 scese

411 4103 484 4173 mci
498 4100 537 4173 di
551 4120 670 4195 spessa
687 4098 775 4171 nube
792 4099 933 4189 quondo
946 4098 1061 4190 plone,
1088 4095 1125 4168 in
1153 4096 1221 4169 boc
1238 4095 1354 4193 tangit
1373 4094 1581 4191 generatio-

411 4240 497 4295 nem
524 4217 684 4293 fulminis
701 4216 747 4292 de
764 4239 839 4312 qua
856 4216 944 4291 alias
961 4216 1099 4290 dictum
1122 4221 1178 4290 est
1202 4222 1240 4290 et
1264 4214 1418 4308 dicetur,
1438 4218 1487 4288 do
1504 4217 1583 4305 quet

410 4342 544 4431 confine
566 4342 625 4411 olle
639 4334 702 4431 piri
724 4332 904 4428 dremoto,
920 4336 1021 4428 idest,
1036 4356 1059 4409 a
1078 4334 1266 4409 remotiori
1284 4340 1389 4428 parte
1407 4332 1532 4407 Mediae
1543 4322 1582 4424 (³)

412 4458 581 4554 regionis,
600 4458 661 4531 ubi
687 4456 780 4531 liunt
806 4458 896 4531 tales
921 4454 1187 4550 impressiones,
1205 4475 1272 4527 con
1294 4447 1325 4526 sl
1347 4455 1460 4525 veloce
1476 4458 1582 4543 nwto,

411 4579 514 4673 idest,
525 4585 599 4653 tam
614 4578 804 4673 repentino
818 4574 1135 4671 impetuFulmen
1147 4594 1238 4670 ergo
1248 4574 1382 4669 ligarat
1395 4574 1507 4647 altam
1521 4593 1584 4645 su·

472 4854 501 4917 (¹)
518 4857 572 4913 117,
589 4854 701 4904 ostendit
716 4857 743 4903 et
759 4855 855 4917 incipit.

473 4930 501 4993 (¹)
516 4930 547 4981 li.
564 4935 621 4994 post
637 4931 777 4981 Dominum
794 4935 912 4981 nostrum
929 4926 1142 4993 predosissimum
1158 4926 1360 4993 Redemptorcm
1379 4928 1522 4978 bominum
1537 4928 1580 4980 lc·

411 5023 470 5061 sum
485 5007 616 5058 Christum
632 5006 761 5070 persecuti
778 5012 837 5059 sunt
853 5007 909 5058 eius
924 5004 1070 5066 ecclesiam,
1087 5005 1162 5055 sicut.

472 5084 501 5147 (¹)
518 5089 572 5145 117,
589 5084 668 5135 ludite
684 5084 804 5149 regionis.

544 5192 581 5236 lv.
1226 5226 1235 5234 .
1424 5185 1450 5231 ll
