4575 6842
839 972 977 1028 caurus
1002 972 1145 1028 neruus.
1504 963 1572 1032 321

403 1116 643 1191 strumentis?
668 1116 801 1191 Musica
828 1115 1008 1210 siquidem
1035 1115 1195 1210 quadam
1222 1117 1497 1212 participatione
1521 1120 1574 1194 le-

404 1235 492 1310 tirtae
519 1245 659 1312 mentes
684 1236 865 1310 humanas
890 1235 1000 1310 trahit
1025 1235 1072 1310 ad
1101 1235 1312 1312 societatem
1342 1241 1573 1335 angelorum,

402 1355 508 1430 cuius
534 1357 693 1432 suavitas
720 1362 818 1431 tanta
844 1363 910 1447 eet,
933 1353 1030 1448 quod
1057 1355 1205 1452 expellit
1229 1376 1339 1432 curas
1364 1358 1412 1433 ab
1438 1361 1574 1456 animo,

405 1475 554 1550 morbos
577 1496 601 1549 a
625 1495 792 1571 corpore,
818 1475 963 1550 labores
988 1480 1193 1570 temperat3
1221 1476 1318 1551 uude
1342 1478 1573 1574 Pythagorici

402 1596 602 1671 utebantur
626 1595 808 1670 cantilena
832 1595 870 1669 iu
896 1595 1015 1670 studio
1045 1595 1200 1671 scientes
1232 1597 1330 1690 quod
1362 1599 1574 1694 compositio

403 1715 536 1790 anima
561 1721 597 1791 et
622 1715 784 1810 corporis
801 1721 857 1789 est
873 1715 1067 1790 coniuncta
1085 1735 1152 1810 per
1170 1715 1370 1810 musicam;
1390 1717 1487 1792 unde
1504 1719 1575 1794 tte·

404 1835 579 1909 mocritus
604 1835 736 1910 dicitur
762 1835 960 1910 ostendisse
978 1834 1104 1930 pulsus
1120 1834 1241 1909 cordis
1260 1835 1467 1931 Hippocrati
1493 1857 1574 1912 me·

402 1955 493 2030 dico.
519 1956 637 2030 Immo
663 1956 802 2032 musica
829 1955 975 2050 expellit
999 1955 1192 2072 daemonq3
1220 1955 1318 2030 unde
1344 1976 1429 2030 cum
1458 1958 1571 2033 David

402 2077 569 2170 pulsabat
594 2077 784 2169 citharam,
812 2076 899 2152 Saul
924 2095 1030 2152 socer
1060 2076 1141 2150 eius
1173 2075 1295 2150 miuus
1320 2077 1525 2152 vexabatur
1548 2099 1572 2154 a

402 2197 562 2294 maligno
587 2197 726 2294 spiritu.
753 2197 838 2272 ldeo
862 2198 958 2273 bene
977 2198 1063 2273 dicit
1080 2196 1239 2272 Isidorus
1259 2197 1359 2291 quod
1382 2199 1462 2272 siue
1487 2219 1572 2271 mu·

401 2317 474 2394 sica
493 2319 591 2392 nulla
609 2318 792 2413 disciplina
812 2323 928 2412 potest
946 2338 1027 2393 esse
1039 2318 1214 2414 perlecta.
1233 2319 1460 2414 Pythagoras
1479 2338 1571 2394 vero

400 2437 543 2512 dicebat
568 2439 667 2512 hunc
692 2437 873 2511 mundum
899 2457 980 2513 esse
1009 2437 1196 2512 conditum
1226 2457 1293 2532 per
1325 2437 1504 2514 musicam
1534 2445 1572 2513 et

401 2577 467 2652 per
484 2550 520 2650 ζ’)
547 2558 724 2632 musicam
749 2557 974 2654 gubernari:
1001 2578 1118 2651 quare
1143 2557 1291 2632 Boetius
1316 2558 1354 2631 iu
1379 2558 1570 2652 prohemio

403 2678 553 2752 musice
578 2677 779 2753 concludit:
810 2685 960 2771 apparet
982 2681 1088 2770 icitur
1112 2682 1281 2752 musicam
1304 2682 1354 2752 tto
1379 2680 1477 2752 nobo
1500 2701 1570 2754 no·

400 2800 560 2870 molito
589 2818 660 2871 esec
688 2800 919 2890 coniunctam,
946 2805 984 2872 ut
1007 2819 1079 2870 noa
1106 2801 1280 2890 possimus
1310 2820 1384 2871 csse
1418 2801 1493 2873 siae
1527 2821 1571 2872 ca

399 2919 503 2991 mam
525 2920 558 2990 si
581 2920 731 2991 eclimus.
762 2916 897 2992 Musica
923 2916 1034 3012 igitur
1064 2917 1148 2992 vttae
1171 2917 1457 3011 condimentum,
1483 2939 1569 2994 sua·

400 3037 492 3112 vitas
518 3037 642 3131 animi,
662 3037 869 3132 jocunditas
893 3037 1025 3112 divinae
1055 3038 1183 3133 laudis,
1204 3038 1372 3133 jubilatio
1407 3039 1571 3115 devotio·

400 3157 466 3250 nis,
492 3157 694 3253 gratiarum
721 3157 829 3251 actio,
854 3157 940 3254 luga
965 3157 1189 3252 daemonum,
1211 3159 1428 3233 exercitium
1454 3180 1569 3256 ange-

399 3277 533 3350 lorum.
559 3277 664 3351 Nuuc
693 3275 818 3350 audita
851 3282 957 3351 esta
992 3282 1100 3372 poeta
1129 3297 1216 3352 eum
1247 3277 1401 3354 intraret
1429 3279 1565 3354 coelum

398 3416 484 3472 curn
512 3397 676 3474 Beatrtce
703 3397 819 3472 multo
837 3396 1031 3492 perfectius
1057 3403 1094 3470 el
1119 3395 1261 3472 dulcius
1280 3418 1394 3490 quam
1421 3398 1568 3492 quaudo

398 3515 547 3591 intrarit
572 3516 827 3614 purgatorium
854 3535 940 3591 cum
959 3515 1125 3612 Virgilio:
1144 3523 1182 3591 et
1202 3523 1296 3592 tacta
1322 3517 1514 3593 dulcedine
1529 3509 1567 3611 (¹)

313 3735 316 3738 ,
398 3638 490 3732 soni,
519 3637 634 3734 tangit
666 3643 773 3732 poeta
805 3637 1008 3711 claritatem
1043 3636 1202 3730 luminis,
1235 3637 1381 3713 dicens:
1408 3642 1571 3731 paroemi

399 3761 504 3851 altor,
533 3757 622 3831 dum
648 3763 785 3830 starem
806 3755 857 3830 sic
882 3761 1043 3830 attentus
1067 3755 1276 3851 adsunam,
1294 3765 1391 3832 tonte
1407 3761 1465 3832 det
1481 3761 1567 3832 ueto

399 3900 518 3952 occeso
543 3881 641 3952 natta
663 3880 811 3970 fiumma
836 3879 893 3950 dcl
915 3878 999 3966 sote,
1025 3875 1089 3969 qui
1109 3875 1189 3972 jam
1222 3876 1322 3950 visus
1348 3876 1469 3952 luerat
1497 3877 1566 3951 sibi

1629 2939 1680 3018 ss

1686 1960 1751 2110 il

398 3998 585 4095 duplicari,
612 4003 653 4072 ut
678 3996 795 4091 patuit
819 3996 929 4091 paulo
945 4016 1082 4089 supra:
1101 4001 1138 4070 et
1155 3994 1317 4070 declarat
1332 3996 1483 4071 coeleste
1499 4016 1566 4090 per
1683 3983 1689 3998 ’

398 4125 573 4196 terrestre
593 4117 720 4211 simile,
739 4117 881 4192 dicens:
908 4118 967 4190 cte
986 4119 1134 4208 pioppiu
1151 4118 1293 4208 ofiumc
1307 4137 1381 4189 noa
1394 4120 1468 4210 [ecc
1483 4119 1567 4206 lopo

398 4244 501 4314 amaa
518 4247 614 4312 tanto
634 4241 769 4314 dirtcto.
787 4237 991 4330 Aliquando
1008 4237 1106 4312 euim
1128 4236 1250 4330 pluvia
1271 4242 1385 4334 auget
1400 4235 1564 4330 flumina,

398 4381 481 4454 quae
498 4359 675 4434 inundant
691 4377 840 4452 campos
859 4357 1019 4452 ricin0s3
1037 4363 1074 4432 et
1090 4357 1287 4452 aliquando
1311 4356 1388 4452 ipsa
1414 4356 1565 4430 llumina

398 4479 602 4554 redundant
633 4479 680 4554 de
709 4479 767 4554 sni
801 4484 934 4553 natura
960 4478 1069 4554 etiam
1099 4478 1178 4553 sine
1206 4477 1340 4572 pluria,
1367 4484 1404 4552 et
1428 4477 1566 4552 iaciunt

398 4620 550 4696 magnas
575 4599 687 4674 valles
714 4603 750 4673 et
775 4597 924 4673 lacunas
949 4599 1043 4674 sicut
1068 4599 1189 4673 Padus
1215 4599 1252 4671 iu
1276 4597 1505 4673 tombartta.

470 4725 524 4792 Lo
548 4708 666 4791 nooitd
693 4719 750 4791 det
771 4738 894 4791 suerro.
925 4718 993 4792 lsta
1027 4724 1082 4792 est
1112 4725 1244 4812 quarta
1269 4738 1353 4812 pars
1384 4717 1566 4814 generalis

400 4838 510 4916 liuius
535 4834 767 4934 prohemialis
792 4837 950 4930 capituli,
977 4837 1014 4909 iu
1039 4857 1112 4931 qua
1139 4843 1247 4932 poeta
1272 4837 1406 4912 Dantes
1435 4837 1566 4932 probat

459 5103 486 5166 (¹)
502 5101 533 5152 E.
549 5105 576 5152 et
592 5113 639 5164 por
654 5100 771 5151 camdem
788 5100 936 5164 gubernari.
1062 5099 1089 5162 Γ)
1105 5097 1136 5150 E·
1152 5097 1290 5150 dulcedini)
1306 5099 1353 5148 ¹¹⁸³
1369 5100 1434 5150 ⁸⁰ss¹·

528 5209 565 5254 Π.
1404 5207 1429 5250 21
