4575 6842
708 973 730 1038 2
1065 982 1270 1038 cuuuunuu
1294 983 1517 1038 nunusrunu

706 1128 935 1205 desiderabat
960 1127 1055 1203 scire
1084 1149 1235 1203 causam
1270 1127 1365 1202 illius
1393 1133 1638 1221 terraemotus,
1668 1125 1750 1202 ideo
1779 1147 1879 1201 nunc

707 1251 884 1346 replicans
901 1249 998 1325 idem
1015 1249 1173 1324 ostendit
1189 1271 1296 1324 suam
1314 1248 1655 1344 dispositionem3et
1669 1247 1879 1342 dicitquod

705 1371 887 1466 appetitus
913 1369 1047 1446 sciendi
1074 1369 1182 1444 nimis
1209 1369 1425 1446 molestabat
1450 1390 1550 1444 eum.
1571 1369 1642 1444 Sed
1666 1369 1713 1443 ad
1738 1367 1879 1464 plenio-

708 1510 787 1564 rem
823 1489 1096 1587 intelligentiam
1131 1490 1247 1572 literae
1282 1495 1339 1566 est
1377 1489 1497 1584 primo
1536 1488 1741 1583 sciendum,
1779 1489 1879 1583 quud

708 1631 794 1685 cum
811 1603 847 1704 (¹)
875 1611 1039 1702 Christus
1056 1611 1101 1685 de
1119 1610 1245 1684 Judaea
1265 1610 1335 1685 iret
1354 1610 1392 1683 in
1412 1609 1597 1684 Galilaeam
1617 1609 1796 1684 transiens
1813 1629 1879 1704 per

709 1729 915 1804 Samariam
941 1730 1107 1826 pervenit
1132 1730 1178 1803 ad
1203 1730 1327 1804 locum
1354 1729 1418 1804 ubi
1435 1735 1515 1803 erat
1532 1729 1611 1802 lons
1628 1729 1752 1822 Jacob,
1770 1736 1808 1804 et
1825 1730 1880 1804 la-

708 1850 844 1946 tigatus
870 1872 917 1926 ex
943 1851 1072 1926 itinere
1097 1851 1208 1946 coepit
1233 1851 1362 1925 sedere
1387 1849 1447 1923 ibi.
1474 1851 1518 1923 Et
1543 1869 1630 1926 ecce
1659 1850 1793 1925 mulier
1819 1872 1880 1925 sa-

709 1971 889 2046 maritana
922 1970 1021 2044 venit
1051 1970 1096 2043 ad
1129 1970 1369 2044 hauriendam
1400 1991 1561 2064 aquam3
1586 1970 1750 2065 discipuli
1779 1969 1878 2045 euim

708 2091 851 2165 iverant
876 2091 912 2163 in
938 2089 1121 2165 civitatem
1151 2090 1198 2165 ad
1232 2090 1431 2164 emendum
1447 2082 1484 2183 (²)
1518 2090 1628 2164 cibos.
1662 2089 1759 2163 Dixit
1787 2110 1879 2186 ergo

708 2210 832 2284 lesus:
857 2209 904 2283 da
929 2208 1018 2282 mibi
1043 2209 1181 2283 bibere.
1207 2209 1274 2284 Cui
1301 2210 1435 2284 mulier
1461 2211 1665 2306 respoudit:
1692 2210 1880 2304 quomodo

708 2351 795 2406 cum
821 2331 868 2404 sis
883 2331 1030 2426 Judaeus
1051 2329 1142 2425 petis
1159 2351 1182 2405 a
1200 2352 1261 2405 me
1278 2330 1498 2405 samaritana
1517 2331 1669 2407 biberet
1689 2333 1879 2408 nonenim

708 2458 911 2526 coutuntur
923 2452 1036 2547 judaei
1053 2451 1294 2526 samaritanis.
1312 2452 1509 2548 Respondit
1522 2443 1560 2544 (Β)
1577 2453 1702 2528 Jesus:
1720 2454 1749 2528 si
1767 2454 1881 2529 scires

708 2572 847 2646 donum
872 2573 936 2647 Dei
963 2573 1089 2666 quanti
1114 2572 1249 2647 valoris
1273 2573 1319 2646 sit
1343 2573 1493 2669 petisses
1518 2575 1566 2648 ab
1588 2595 1645 2669 eu,
1663 2581 1700 2649 et
1724 2573 1881 2650 dedisset

710 2691 773 2765 tibi
798 2713 935 2786 aquam
961 2693 1104 2786 vivam3
1123 2699 1161 2767 et
1186 2693 1323 2766 subdit:
1345 2693 1465 2767 omnis
1482 2693 1545 2787 qui
1562 2694 1695 2769 biberit
1714 2715 1760 2770 en
1782 2716 1882 2790 aqua

712 2812 779 2886 bac
804 2812 899 2886 sitiet
924 2811 1079 2906 iterum3
1110 2811 1207 2906 *qui
1239 2818 1369 2886 autem
1398 2813 1531 2888 biberit
1560 2833 1606 2888 en
1638 2835 1736 2908 aqua
1766 2836 1879 2909 quam

711 2952 781 3028 ego
805 2931 899 3006 dabo
926 2931 988 3007 tibi
1014 2953 1088 3006 non
1113 2932 1208 3007 sitiet
1226 2931 1424 3026 unquam*
1440 2920 1488 3024 (⁴).
1510 2932 1564 3008 De
1580 2934 1648 3008 ista
1666 2955 1764 3028 aqua
1780 2934 1881 3010 dice-

711 3058 773 3124 tur
798 3052 957 3126 Paradisi
983 3053 1141 3148 capitulo
1162 3054 1274 3126 XXX.
1294 3054 1399 3127 Nunc
1417 3053 1488 3127 erit
1512 3053 1617 3129 litera
1641 3055 1741 3129 clara
1767 3076 1880 3149 quam

710 3191 855 3266 expone
879 3173 950 3246 sic:
976 3177 1028 3246 Lu
1056 3180 1124 3246 cete
1153 3177 1310 3262 emanat,
1343 3172 1445 3267 idest,
1478 3173 1699 3248 desiderium
1725 3175 1881 3272 sciendi3

711 3313 798 3366 nam
837 3313 966 3368 omnes
1005 3291 1222 3368 naturaliter
1259 3292 1353 3367 scire
1389 3292 1615 3388 desiderant3
1645 3295 1752 3370 cuius
1789 3298 1883 3372 ratio

711 3411 856 3486 videtur
894 3413 981 3507 quia
1021 3414 1276 3508 unusquisque
1313 3414 1450 3509 appetit
1487 3415 1705 3490 naturaliter
1747 3418 1882 3510 perlici.

711 3531 867 3606 Scientia
892 3540 1019 3608 autem
1045 3540 1101 3607 est
1125 3534 1299 3628 perfectio
1324 3535 1469 3628 animae,
1495 3535 1579 3609 licet
1605 3536 1685 3611 talis
1710 3537 1884 3631 perfectio

711 3672 785 3726 nun
811 3653 991 3728 habeatur
1021 3653 1057 3727 in
1090 3653 1149 3728 via
1178 3653 1225 3728 ad
1255 3653 1418 3749 plenum,
1443 3655 1507 3730 sed
1532 3654 1653 3729 solum
1680 3657 1716 3730 in
1742 3659 1883 3753 patria3

712 3772 794 3847 ideo
818 3772 922 3847 dicit:
952 3775 1012 3846 clre
1036 3771 1109 3846 mai
1133 3794 1206 3846 uon
1228 3777 1344 3865 suziu,
1369 3775 1573 3869 appetitum
1599 3776 1724 3871 animi,
1749 3800 1787 3851 se
1811 3800 1884 3853 noa

712 3915 778 3968 cun
803 3896 965 3986 tuoquu,
983 3894 1118 3969 scilicet
1139 3894 1234 3989 viva,
1255 3915 1340 3989 quae
1363 3901 1417 3970 est
1438 3896 1555 3992 gratia
1577 3897 1731 3992 Spiritus
1757 3899 1882 3994 sancti,

712 4017 815 4106 onde,
848 4014 949 4109 idest,
983 4035 1093 4109 aqua,
1128 4017 1165 4088 la
1193 4018 1405 4110 semminedu
1436 4020 1660 4090 eumanum
1692 4010 1885 4092 wmundd

712 4137 749 4208 lu
772 4137 915 4226 pruzia,
941 4155 1027 4209 cum
1057 4135 1166 4209 dixit:
1197 4139 1359 4227 Mutine,
1385 4140 1434 4210 du
1460 4140 1542 4211 mdc·
1565 4141 1609 4211 de
1631 4141 1698 4211 buc
1722 4159 1818 4230 apuu
1849 4147 1888 4212 ut

712 4276 785 4328 uun
808 4258 924 4328 sitium
948 4259 986 4329 iu
1010 4264 1192 4348 utacum,
1221 4255 1316 4329 sicut
1343 4257 1515 4331 scribitur
1543 4258 1690 4333 loannis
1714 4261 1761 4334 lV
1785 4259 1886 4354 capi·
1946 4269 1950 4277 “

714 4377 802 4450 tulo.
833 4377 877 4450 Et
909 4377 966 4451 bic
1000 4383 1086 4451 nola
1116 4376 1216 4471 quud
1245 4378 1455 4451 samaritani
1487 4378 1661 4454 dilleruut
1693 4381 1886 4478 ajudaeis,

714 4496 807 4570 sicut
830 4497 941 4592 graeci
966 4518 989 4571 a
1015 4496 1144 4589 latinis,
1174 4497 1259 4590 quia
1285 4502 1371 4571 sunt
1397 4498 1590 4574 scismatici
1619 4500 1657 4573 in
1683 4499 1772 4596 iide3
1798 4522 1884 4576 nam

715 4616 862 4710 quando
890 4615 1061 4692 videbant
1081 4617 1226 4711 jndaeos
1246 4619 1380 4694 llorere
1404 4620 1636 4714 appellabant
1660 4641 1725 4696 eos
1749 4643 1886 4720 cogna-

776 4883 804 5020 {z}
819 4883 919 5008 {cum
928 4883 1087 5009 llgdemptur
1095 4889 1185 4934 noster
1193 4885 1391 4948 pretiosissimus
1401 4887 1528 4938 Dominus
1537 4893 1626 4938 noster
1634 4887 1710 4940 lesus
1717 4888 1835 4942 cbristus
1845 4892 1887 4943 de.

867 4972 943 5010 emen
961 4974 998 5011 os

777 5034 803 5095 (⁸)
821 5033 851 5083 Ε.
867 5033 1008 5098 Respondit
1024 5035 1150 5086 Dominus
1165 5036 1248 5088 lesus.

775 5109 803 5173 (⁸)
819 5110 855 5160 be
871 5113 960 5174 parole
975 5111 1016 5163 [τι
1033 5113 1042 5163 i
1059 5113 1108 5164 due
1125 5114 1257 5164 aenscbt
1273 5127 1338 5164 sono
1353 5115 1395 5166 dei
1409 5113 1497 5166 Codici
1512 5117 1544 5168 ll.
1559 5131 1575 5169 ο
1590 5117 1617 5169 s.
