4575 6842
705 975 773 1040 140
1065 984 1269 1041 connubunt
1293 986 1513 1041 PUnGnTonn

703 1130 849 1225 quando
875 1129 994 1225 primo
1014 1129 1177 1205 ascendit
1197 1131 1458 1225 hemisperium
1477 1138 1645 1206 nostrum
1665 1133 1702 1206 in
1719 1132 1872 1230 oriente,

703 1250 795 1325 libra
819 1251 1004 1326 descendit
1029 1251 1066 1324 in
1091 1252 1290 1346 occidente,
1309 1252 1394 1346 quia
1415 1258 1470 1326 est
1495 1251 1640 1349 signum
1667 1253 1733 1326 sibi
1759 1275 1872 1350 oppo-

700 1371 824 1446 situm.
847 1372 952 1447 Nunc
977 1371 1106 1446 ordina
1130 1371 1182 1446 sic
1200 1373 1342 1447 literam
1362 1378 1398 1446 et
1417 1391 1571 1467 erpone,
1593 1391 1677 1466 quae
1700 1393 1724 1448 a
1749 1373 1875 1450 multis

703 1491 799 1567 male
823 1491 1067 1567 construitur:
1093 1495 1127 1565 lt
1156 1495 1211 1564 sol
1239 1495 1271 1566 si
1301 1499 1415 1584 stoue,
1448 1491 1552 1586 idest,
1581 1493 1701 1566 stabat
1734 1493 1813 1588 sibi,
1845 1487 1874 1567 sl

703 1634 812 1704 come,
838 1614 976 1708 supple,
1002 1619 1083 1707 stat,
1118 1614 1260 1704 mundo
1285 1613 1399 1704 vibra,
1433 1611 1535 1705 idest,
1568 1613 1696 1707 quatit,
1730 1617 1880 1712 lprilm

703 1736 824 1825 coppi,
850 1734 887 1805 in
911 1733 989 1827 ipso
1015 1738 1101 1807 ortu
1127 1753 1206 1826 suo,
1228 1722 1369 1806 tddooe
1387 1735 1491 1806 tlsuo
1504 1736 1629 1826 fultor,
1646 1732 1748 1828 idest,
1767 1733 1873 1808 Cbri-

703 1860 781 1927 stus
806 1873 918 1928 verus
942 1856 1007 1948 sol,
1034 1855 1097 1948 qui
1123 1853 1207 1928 lecit
1232 1853 1349 1948 ipsum
1369 1853 1484 1927 solem
1506 1853 1726 1950 sensibilem,
1749 1877 1874 1948 sparse

703 1977 896 2066 tlsanpne,
922 1973 1008 2068 quia
1034 1994 1162 2070 passus
1188 1973 1296 2048 estin
1317 1973 1533 2048 Jerusalem.
1556 1973 1627 2048 Per
1646 1975 1715 2049 boc
1732 1975 1794 2049 dat
1818 1976 1874 2050 in·

704 2093 815 2190 telligi
840 2095 1102 2188 hemisperium
1129 2101 1318 2187 nostrum3
1340 2095 1498 2168 eudaldo
1515 2095 1632 2186 ibero,
1650 2095 1712 2189 qui
1731 2103 1786 2170 est
1804 2098 1874 2171 llu-

703 2214 783 2287 vius
809 2214 916 2288 realis
941 2214 1132 2310 Hispaniae,
1150 2234 1215 2309 per
1241 2234 1352 2308 quem
1379 2214 1441 2288 dat
1466 2213 1615 2310 intelligi
1641 2222 1783 2309 partem
1812 2238 1875 2291 oc-

701 2331 931 2428 cidentalem,
962 2341 1050 2406 sollo
1088 2337 1110 2407 Γ
1124 2337 1197 2408 ulto
1235 2335 1340 2424 libra,
1378 2333 1480 2428 idest,
1515 2334 1584 2406 sub
1623 2335 1725 2430 signo
1759 2335 1873 2430 lrbrae,

702 2475 816 2548 qnam
841 2461 949 2529 vocat
973 2454 1081 2528 aliam
1109 2455 1196 2549 quia
1221 2455 1316 2530 aries
1342 2461 1396 2528 est
1413 2453 1507 2528 sicut
1528 2474 1601 2528 una
1623 2453 1727 2550 libra,
1746 2457 1782 2528 in
1801 2477 1873 2550 qua

703 2574 744 2648 lit
768 2575 1049 2669 aeqninoctinm3
1076 2597 1095 2649 e
1120 2579 1258 2667 tonde,
1291 2575 1437 2670 scilicet,
1468 2574 1585 2670 aquis,
1615 2579 1746 2666 rtorse,
1773 2576 1874 2672 idest,

704 2695 850 2769 entibus
874 2696 1085 2790 combustis,
1112 2699 1150 2770 di
1173 2718 1278 2788 nouo,
1303 2697 1350 2770 de
1377 2715 1498 2790 mane,
1516 2699 1555 2769 in
1578 2699 1711 2787 Gange,
1730 2697 1793 2791 qui
1820 2703 1876 2772 est

705 2815 839 2889 lluvius
864 2816 973 2891 Indiae
998 2804 1195 2911 maximus,
1220 2837 1287 2912 per
1313 2837 1424 2910 quem
1457 2815 1519 2891 dat
1552 2817 1701 2914 intelligi
1730 2825 1871 2914 partem

704 2935 930 3013 orientalem.
957 2937 1042 3011 ldeo
1067 2937 1170 3011 dicit:
1197 2939 1287 3011 onde
1304 2939 1330 3010 ’l
1351 2941 1493 3028 giorno,
1523 2936 1623 3030 idest,
1651 2937 1727 3012 dies
1752 2937 1871 3032 tertia,

701 3059 883 3148 scriptun,
911 3055 1013 3150 idest,
1039 3055 1243 3131 declinabat
1267 3058 1313 3132 ad
1339 3077 1523 3150 occasum,
1550 3078 1645 3130 come
1675 3059 1814 3150 l’unpel
1836 3059 1873 3132 dt
1978 3049 1981 3058 ’

701 3179 771 3248 Dio
788 3178 879 3266 licto,
896 3175 942 3249 de
960 3176 1088 3252 ultima
1106 3177 1324 3272 purgatione
1343 3197 1436 3270 mea,
1463 3181 1495 3250 ct
1519 3197 1683 3270 apporse.
1700 3219 1749 3231 —
1762 3183 1867 3252 liuor.

701 3295 767 3369 llic
791 3301 899 3389 poeta
921 3295 1077 3369 ostendit
1093 3297 1279 3390 quomodo
1296 3298 1450 3393 angelus
1469 3298 1765 3392 pronunciaverit
1782 3317 1868 3373 eum

701 3415 962 3489 absolntnma
997 3414 1143 3490 vinculo
1173 3416 1338 3510 libidinis,
1366 3437 1449 3510 quae
1483 3415 1544 3492 din
1581 3423 1750 3492 tenuerat
1783 3439 1868 3492 eum

700 3535 951 3628 constrictum,
977 3533 1120 3609 dicens:
1139 3541 1236 3609 Fuor
1253 3538 1345 3609 della
1367 3539 1514 3630 flammo
1538 3544 1653 3628 stava,
1672 3537 1731 3611 ille
1756 3557 1872 3633 ange-

700 3655 770 3750 lus,
794 3659 832 3728 in
855 3678 897 3730 su
922 3659 959 3729 la
988 3659 1082 3746 riva,
1117 3656 1211 3730 illins
1243 3656 1398 3731 cornicis
1431 3656 1667 3754 discoopertae
1698 3656 1744 3732 ab
1775 3658 1870 3754 igne,

700 3775 764 3849 ubi
790 3777 1004 3851 consederat
1029 3782 1113 3850 ante
1139 3796 1213 3870 eos,
1239 3798 1258 3849 e
1282 3783 1456 3851 cantone:
1474 3781 1574 3850 Beati
1598 3779 1726 3850 mundo
1751 3781 1868 3851 corde.

701 3895 745 3968 Et
769 3895 828 3970 hic
853 3903 939 3970 nota
965 3896 1063 3991 quod
1089 3898 1169 3971 baec
1188 3917 1259 3971 vox
1278 3897 1618 3972 convenientissime
1639 3897 1723 3972 lacit
1743 3905 1871 3974 contra

701 4015 969 4090 immunditiam
987 4017 1164 4112 luxurlae3
1179 4039 1263 4092 nam
1280 4037 1364 4092 cum
1381 4017 1551 4112 pudicitia
1568 4018 1614 4090 sit
1631 4018 1748 4091 virtus
1766 4015 1870 4094 men-

700 4134 758 4228 tis,
779 4143 945 4210 remanet
965 4135 1075 4210 etiam
1102 4137 1138 4209 in
1165 4157 1321 4232 corpore
1345 4136 1499 4230 violat03
1522 4136 1603 4211 ideo
1628 4137 1723 4212 bene
1747 4133 1871 4233 arguit

700 4256 925 4351 Augustinus
946 4255 1154 4331 Lucretiam
1179 4277 1263 4351 quae
1286 4257 1381 4332 inse
1402 4257 1543 4353 punivit
1564 4265 1757 4353 peccatum
1780 4258 1868 4333 alie-

701 4397 808 4470 num;
825 4376 925 4451 unde
942 4376 1043 4450 dicit:
1062 4376 1136 4451 duo
1155 4377 1316 4473 inerunt,
1330 4377 1393 4453 sed
1405 4379 1627 4454 adulterium
1644 4400 1739 4453 unus
1752 4379 1870 4453 admi-

698 4495 745 4569 sit
753 4490 802 4587 (¹).
817 4493 914 4592 Ergo
932 4517 1030 4571 nuno
1046 4497 1177 4571 beatus
1191 4504 1334 4592 poterat
1351 4497 1419 4572 dici
1437 4506 1544 4594 poeta
1558 4498 1621 4593 qni
1636 4505 1715 4574 erat
1731 4497 1870 4573 mundo

698 4614 821 4689 corde.
843 4615 887 4687 Et
905 4613 991 4689 dicit
1015 4616 1115 4710 quod
1141 4619 1294 4714 angelus
1319 4619 1500 4713 oanmbat,
1521 4621 1558 4692 in
1584 4641 1665 4692 voce
1690 4621 1787 4692 assui
1808 4613 1871 4711 pict

697 4737 779 4808 olon
803 4737 863 4807 cle
886 4737 922 4807 lu
946 4743 1092 4830 nosne,
1118 4736 1204 4830 quia
1231 4757 1304 4812 non
1325 4737 1517 4812 videbatur
1537 4739 1699 4813 bumana
1724 4739 1788 4813 sed
1813 4737 1869 4812 di-

698 4853 793 4928 vina.
814 4853 858 4927 Et
874 4855 994 4930 subdit
1019 4856 1269 4931 invitationem
1292 4857 1411 4953 angeli
1433 4857 1479 4931 ad
1497 4859 1704 4951 transitum,
1725 4857 1866 4933 dicens:

764 5112 790 5172 (¹)
807 5115 861 5171 ur,
878 5111 970 5162 amisit.
