4575 6842
406 1436 573 1506 CANTUS
591 1434 797 1516 OCTAVUS,
811 1436 848 1501 lu
862 1454 923 1520 quo
930 1435 1067 1519 paritur
1081 1455 1230 1502 occeanus
1243 1437 1280 1501 lu
1293 1455 1420 1519 sperum
1436 1434 1576 1516 Verteris,

556 1550 594 1615 iu
615 1568 679 1631 ouo
699 1544 800 1615 multo
820 1568 963 1614 uorrous
984 1547 1197 1614 introducitur
1220 1544 1354 1613 Carolus
1376 1568 1445 1615 roo.

481 1794 649 1963 Soror
679 1887 802 1960 medor
828 1888 862 1959 lo
887 1888 1016 1959 mondo
1047 1889 1085 1959 ia
1116 1888 1349 1978 coopertuta.
1382 1885 1578 1978 Postquam

407 2011 445 2087 in
461 2007 712 2107 superioribus
728 2007 863 2082 Dentes
882 2005 979 2082 dedit
1005 2006 1109 2080 nobis
1134 2006 1337 2082 doctrinam
1355 2004 1402 2079 de
1419 2004 1580 2080 secunda

406 2129 527 2227 specie
551 2127 761 2203 animarum
791 2126 1082 2202 beatificatarum
1097 2119 1135 2220 (¹)
1166 2128 1235 2201 sub
1260 2123 1455 2220 Mercurio,
1481 2145 1580 2200 nunc

405 2253 676 2343 consequenter
703 2246 856 2321 intendit
884 2246 973 2321 dare
1007 2245 1210 2321 doctrinam
1243 2246 1290 2320 de
1320 2245 1428 2321 tertia
1460 2244 1581 2340 specie

405 2372 615 2446 animarum
640 2358 984 2460 beatificaturumff)
1012 2368 1082 2442 sub
1107 2366 1262 2443 Venere.
1281 2368 1324 2441 Et
1340 2386 1501 2462 praesens
1518 2385 1582 2440 ca-

405 2492 564 2589 pitulum
592 2490 666 2563 Vlll
696 2495 815 2585 potest
845 2487 955 2563 dividi
984 2487 1021 2562 in
1054 2494 1129 2564 tres
1159 2492 1282 2584 partes
1312 2486 1514 2584 generales.
1540 2487 1581 2560 ln

407 2612 525 2709 prima
552 2630 712 2705 quarum
739 2606 880 2704 poetice
904 2607 1076 2683 describit
1093 2630 1203 2682 suum
1223 2626 1416 2683 ascensum
1434 2605 1481 2681 ad
1498 2626 1582 2702 spe·

409 2754 488 2807 ram
507 2730 658 2805 Veneris
683 2736 720 2804 et
745 2727 886 2803 animas
911 2734 1128 2824 apparentes
1144 2727 1203 2801 ibi.
1222 2728 1262 2802 lu
1280 2725 1440 2802 secunda
1466 2724 1581 2799 intro·

407 2852 508 2927 ducit
533 2850 768 2947 singulariter
801 2870 913 2924 uuam
944 2848 1107 2923 animam
1139 2848 1318 2923 illustrem
1352 2846 1580 2941 modernam,

409 2993 494 3067 quae
519 2971 725 3047 manifestat
750 2991 791 3045 se
815 2977 853 3045 et
869 2990 967 3064 suos,
985 2968 1053 3043 ibi:
1071 2972 1154 3043 Iudi
1172 2972 1299 3064 sifeoc
1316 2969 1357 3042 ln
1376 2966 1482 3043 tertia
1500 2988 1581 3042 mo-

408 3099 470 3168 vet
503 3112 616 3166 unam
648 3091 900 3185 questionem,
936 3111 1048 3184 quam
1084 3090 1229 3165 curiose
1265 3095 1474 3186 pertractat,
1510 3088 1579 3162 ibi:

409 3216 628 3289 Perooot'io.
655 3212 709 3287 Ad
734 3212 896 3307 primum
922 3210 1002 3285 dico
1028 3209 1127 3304 quod
1150 3216 1259 3285 autor
1276 3209 1447 3285 describit
1468 3229 1579 3283 suum

408 3355 603 3409 ascensum
629 3331 675 3406 ad
701 3329 846 3407 tertiam
871 3350 1030 3425 speram,
1048 3336 1085 3404 et
1105 3329 1253 3403 turbam
1279 3329 1488 3405 animarum
1515 3350 1581 3424 ap

408 3452 617 3549 parentium
647 3451 721 3545 ibi;
747 3450 811 3525 sed
836 3451 956 3545 primo
980 3450 1168 3545 praemittit
1193 3450 1386 3525 exordiens
1412 3469 1579 3525 errorem

408 3571 599 3669 gentilium
626 3570 875 3666 antiquorum,
902 3569 966 3664 qui
997 3571 1193 3645 coluerunt
1222 3569 1309 3645 olim
1335 3590 1420 3645 cum
1448 3590 1582 3666 magna

409 3693 648 3768 veneratione
674 3690 868 3765 mulierem
895 3711 1079 3763 summam
1097 3680 1133 3781 (³)
1153 3690 1396 3785 peccatricem
1414 3712 1481 3786 pro
1502 3691 1581 3786 dea,

409 3811 504 3889 sicut
529 3819 566 3887 et
591 3812 719 3886 lovem
746 3831 924 3906 magnum
941 3798 977 3901 (⁸)
997 3809 1207 3883 adulterum
1235 3831 1303 3905 pro
1328 3831 1475 3885 summo
1501 3811 1581 3885 deo.

410 3934 463 4009 Ad
489 3933 588 4028 quod
614 3938 669 4007 est
694 3930 881 4005 sciendum
900 3927 999 4024 quod
1017 3929 1141 4003 Venus
1158 3928 1225 4003 tuit
1243 3930 1392 4006 toemina
1410 3932 1583 4028 cypriana

410 4054 634 4151 pulcerrima
659 4053 790 4145 torma,
807 4050 940 4125 ardeus
966 4048 1133 4144 luxuria3
1153 4049 1251 4125 unde
1267 4050 1399 4125 dicitur
1418 4052 1583 4147 nupsisse

412 4175 577 4249 Vulcano
603 4172 673 4247 deo
698 4170 802 4269 iguis,
820 4169 913 4245 idest
928 4169 1084 4245 carnalis
1101 4170 1416 4266 concupiscentia,
1434 4177 1518 4247 nata
1536 4192 1583 4247 en

411 4295 502 4368 love
527 4299 565 4367 et
588 4292 715 4384 Dione,
742 4312 826 4386 quae
851 4296 1001 4385 propter
1018 4289 1222 4366 mirabilem
1240 4290 1524 4387 pulcritudinem
1546 4298 1584 4367 et

411 4413 595 4489 libidinem
622 4412 717 4487 dicta
743 4419 799 4487 est
823 4410 948 4486 Venus
973 4419 1092 4486 mater
1122 4411 1271 4508 amoris,
1296 4411 1521 4508 pulcerrima
1547 4418 1583 4487 et
1731 4444 1733 4451 v

410 4535 509 4610 culta
522 4554 590 4628 pro
602 4532 689 4627 dea3
704 4531 802 4606 unde
819 4530 916 4627 apud
929 4532 1071 4626 Paphos
1084 4530 1212 4606 babuit
1230 4532 1405 4627 templum
1424 4539 1462 4608 et
1478 4552 1582 4607 aram

409 4653 549 4750 primo:
576 4652 641 4747 qui
666 4671 773 4728 error
798 4656 906 4725 natus
930 4650 1029 4746 apud
1060 4651 1253 4748 cyprianos
1282 4672 1417 4747 pronos
1442 4653 1478 4726 iu
1504 4652 1584 4727 libi-

410 4772 547 4868 dinem,
573 4771 645 4847 cito
669 4770 836 4847 transivit
860 4771 907 4846 ad
931 4790 1073 4867 graecos
1096 4777 1135 4845 et
1160 4791 1344 4867 romanos,
1370 4772 1506 4847 nedum
1537 4774 1607 4849 ad-

410 4890 599 4967 barbaros.
621 4891 745 4967 Venus
770 4891 917 4967 tandem
944 4891 996 4965 sic
1020 4891 1212 4987 honorata,
1230 4912 1303 4966 uon
1320 4899 1490 4969 contenta
1507 4894 1583 4989 pri·

473 5082 502 5143 (¹)
517 5080 548 5131 Ε·
564 5080 752 5133 herebannum.
1083 5080 1112 5143 (¹)
1126 5080 1158 5130 B.
1174 5080 1360 5131 melidunum.

474 5157 503 5221 (⁸)
518 5158 550 5209 R
566 5171 581 5209 e
597 5158 622 5209 S.
639 5172 741 5210 sumum
757 5159 938 5223 peccutrloem.
1085 5156 1114 5220 (⁸)
1129 5156 1161 5209 Ε.
1178 5170 1358 5223 permagnum.
