4575 6842
847 990 985 1046 caurus
1010 989 1155 1046 ramus.
1512 961 1583 1046 307

411 1146 492 1236 post
517 1145 663 1234 tempus
691 1136 820 1234 gratiae
853 1135 977 1233 magni
995 1127 1032 1228 (¹)
1059 1133 1219 1231 theologi
1246 1134 1424 1230 poetriam
1457 1136 1584 1211 cotue·

413 1266 510 1353 runt,
528 1257 621 1333 sicut
637 1257 860 1350 Lactantius,
877 1256 1061 1349 Batauus,
1076 1255 1275 1347 iuvencus,
1293 1255 1474 1349 Sedutius,
1491 1257 1584 1330 nra·

410 1384 469 1455 tor
493 1386 531 1454 et
555 1376 614 1452 atii
640 1375 758 1450 multi.
783 1376 828 1449 Et
852 1375 1013 1472 assignat
1037 1395 1189 1450 causam
1216 1375 1327 1448 huius
1352 1375 1502 1468 erroris,
1529 1373 1585 1448 di-

410 1518 516 1574 cens:
542 1499 644 1590 eotpu
660 1517 679 1569 e
698 1497 815 1590 disetto
835 1497 1047 1570 dettumane
1063 1497 1187 1585 noyn.
1213 1494 1290 1568 Hoc
1314 1500 1485 1568 notanter
1500 1493 1586 1568 dicit

411 1619 544 1694 Dantes
560 1615 735 1712 quoniam
754 1617 924 1691 voluutas
941 1615 1097 1691 hominis
1115 1622 1171 1691 est
1187 1635 1300 1690 causa
1317 1614 1483 1689 omnium
1503 1636 1585 1689 ma-

411 1741 533 1814 iorum
560 1733 635 1812 non
659 1735 847 1812 influentia
873 1737 968 1830 coeli,
990 1736 1088 1832 quod
1114 1737 1191 1832 ipse
1209 1735 1377 1811 nobiliter
1398 1735 1585 1830 improba·

411 1858 462 1934 vit
485 1857 661 1954 principio
687 1856 798 1931 huius
823 1856 992 1952 capituti:
1010 1875 1121 1931 omne
1147 1856 1246 1931 enim
1272 1863 1467 1951 peccatum
1491 1855 1585 1930 adeo

411 1985 466 2054 est
489 1977 754 2071 voluntarium,
779 1977 879 2071 quod
904 1976 991 2051 nihil
1019 1982 1074 2052 est
1098 1984 1291 2073 peccatum
1322 1977 1389 2050 nisi
1414 1976 1585 2051 volunta·

412 2099 520 2190 rium,
547 2105 590 2171 ut
615 2095 665 2171 ait
695 2097 932 2194 Augustinus.
960 2097 1060 2172 Bene
1088 2117 1180 2193 ergo
1210 2115 1310 2170 nunc
1343 2095 1442 2170 dolet
1475 2106 1585 2173 autor

410 2217 510 2314 quod
534 2217 652 2293 virtus
681 2223 719 2294 et
750 2217 901 2292 scientia
933 2223 1084 2293 careant
1109 2216 1261 2313 praenrio
1294 2237 1374 2311 suo,
1409 2215 1585 2311 quoniam

411 2337 566 2413 virtutes
597 2344 635 2414 et
664 2337 825 2412 scientiae
855 2337 1105 2412 liberaverunt
1133 2337 1294 2410 ammam
1326 2357 1348 2410 a
1377 2335 1586 2431 captivitate

411 2464 564 2533 naturae.
592 2457 707 2553 Culpa
733 2477 824 2554 ergo
850 2457 1043 2532 hominum
1062 2457 1205 2532 nullum
1224 2455 1405 2531 habemus
1425 2457 1585 2556 impera-

412 2582 544 2670 torem,
565 2582 601 2652 et
622 2574 765 2653 deiectu
784 2596 916 2652 eorum
934 2575 1077 2652 nullum
1096 2576 1277 2650 habemus
1293 2578 1586 2671 poetam-cte

406 2699 582 2791 parton'r.
612 2696 678 2772 Hic
702 2702 810 2792 poeta
836 2695 953 2771 reddit
978 2715 1129 2771 causam
1163 2717 1241 2771 suae
1269 2695 1523 2792 querimouiae,
1548 2703 1586 2772 ot

297 2832 299 2842 ’
412 2818 492 2892 vult
515 2817 638 2893 dicere
663 2815 927 2892 sententialiter
952 2817 1050 2912 quod
1077 2838 1256 2914 magnum
1279 2816 1457 2913 gaudium
1478 2822 1515 2893 et
1532 2816 1585 2892 te-

412 2943 511 3011 stum
537 2936 689 3013 deberet
714 2935 806 3031 fieri,
837 2956 924 3011 cum
950 2937 1082 3031 aliquis
1107 2943 1214 3032 poeta
1240 2945 1392 3033 apparet
1418 2945 1585 3033 tempore

413 3063 550 3152 nostro,
568 3057 667 3152 quod
688 3079 755 3153 pro
781 3079 821 3133 se
846 3056 969 3133 dicere
993 3057 1150 3132 ridetur.
1172 3058 1233 3131 Est
1251 3058 1349 3133 enim
1372 3057 1586 3155 singularis·
1734 3068 1738 3073 ’

413 3177 505 3252 sima
525 3179 605 3252 iaus
623 3177 736 3252 nostri
754 3183 883 3273 poetes,
896 3178 960 3273 qui
977 3179 1078 3252 solus
1095 3178 1130 3251 in
1149 3178 1241 3252 orbe
1258 3198 1332 3252 non
1350 3199 1415 3274 spe
1431 3177 1587 3271 alicuius

412 3297 553 3393 praemii
579 3298 790 3393 temporalis
814 3318 914 3373 nunc
940 3297 1132 3373 affectabat
1152 3304 1190 3372 et
1209 3297 1380 3393 sperabat
1405 3299 1587 3392 tauream,

412 3438 499 3492 cunr
524 3418 647 3494 dicere
672 3423 814 3513 poterat
839 3441 914 3494 una
947 3441 1034 3495 cum
1067 3419 1235 3514 tosepno,
1259 3418 1375 3514 ipsam
1402 3426 1492 3513 puto
1521 3439 1605 3516 ge·

414 3538 537 3614 nuisse
562 3538 737 3614 virtutem
764 3545 907 3614 tanturn
934 3539 1046 3615 licere
1072 3539 1166 3614 vitiis
1191 3538 1339 3614 dedens.
1362 3539 1454 3614 Dicit
1479 3560 1587 3637 ergo:

417 3661 484 3734 Ode
507 3661 544 3733 ta
565 3662 701 3754 frendo
721 3661 864 3751 Peneia,
884 3659 986 3754 idest,
1008 3679 1145 3734 corona
1171 3658 1320 3752 laurea3
1347 3679 1433 3733 narn
1459 3659 1589 3734 laurus

414 3779 527 3854 arbor
551 3779 685 3854 dicitur
710 3779 821 3854 tuisse
846 3779 918 3854 filia
944 3779 1104 3854 ssumiuis
1125 3779 1260 3853 Peneii.
1287 3779 1348 3852 Est
1367 3786 1494 3854 autem
1520 3780 1590 3855 Pe‘-

417 3898 522 3974 uoius
547 3898 682 3973 ssuvius
707 3919 865 3997 magnus
890 3905 928 3974 et
953 3900 1115 3974 famosus
1146 3897 1298 3973 Graeciae
1326 3897 1521 3973 admittens
1552 3900 1590 3974 in

416 4039 456 4094 se
482 4020 597 4094 multa
623 4019 787 4114 ssumiua,
811 4019 918 4095 cuius
943 4019 1046 4096 valtis
1064 4024 1138 4094 tota
1158 4026 1215 4094 est
1235 4018 1442 4115 plenissima
1461 4018 1590 4112 tauris;

416 4137 498 4214 ideo
516 4139 610 4215 bene
623 4139 750 4235 npoito
768 4139 917 4235 tingitur
934 4137 1126 4214 adamasse
1144 4139 1305 4232 taurum,
1320 4138 1406 4232 quia
1424 4138 1478 4212 soi
1496 4139 1591 4214 hanc

416 4259 590 4334 arborem
615 4257 675 4353 ibi,
693 4259 888 4354 piusquam
915 4259 952 4333 in
977 4259 1120 4335 caetoris
1136 4259 1225 4334 locis
1242 4258 1409 4353 producit
1425 4263 1463 4332 et
1480 4257 1590 4352 toret,

417 4377 466 4452 ita
493 4377 591 4472 quod
617 4399 729 4452 suum
754 4399 923 4454 amorem
949 4380 1105 4456 ostendit
1130 4380 1168 4454 in
1193 4401 1290 4474 eam,
1315 4379 1464 4473 quaudo
1493 4378 1591 4454 dedit

418 4497 485 4572 sibi
509 4491 665 4572 tantum¹
679 4499 871 4594 honorem,
889 4505 931 4572 ut
953 4520 997 4575 ex
1025 4521 1069 4576 ea
1095 4501 1275 4597 principes
1292 4507 1330 4575 et
1347 4507 1465 4595 poetae
1481 4519 1590 4574 coro-

416 4625 616 4712 narentur3
642 4620 765 4692 ἀευήα
788 4623 952 4712 parton'r
977 4623 1107 4712 tcttzio,
1131 4621 1217 4717 quia
1244 4620 1385 4716 poetria
1410 4627 1466 4696 est
1489 4619 1591 4694 dele·

417 4737 647 4813 ctabiiissima
665 4739 914 4835 scientiarum,
930 4746 971 4815 ut
987 4741 1118 4837 probat
1135 4740 1346 4817 Aristoteles
1363 4740 1400 4814 iu
1416 4759 1485 4814 sua
1503 4759 1592 4835 poe-

418 4857 499 4952 tria,
516 4861 555 4931 in
572 4879 615 4932 su
640 4863 676 4932 ta
701 4861 781 4932 licta
797 4862 921 4954 delfico
941 4852 1046 4948 oud,
1067 4862 1166 4956 quod
1183 4868 1240 4937 est
1256 4861 1379 4938 dicere
1395 4862 1432 4935 in
1453 4862 1590 4956 templo

480 5114 509 5180 (¹)
525 5115 556 5167 E.
573 5117 659 5182 magni
676 5117 830 5184 philosophi,
848 5119 970 5186 theologi.
