4575 6842
731 991 802 1057 246
1094 1001 1298 1057 conburunt
1322 1003 1542 1057 runontoan

729 1146 857 1222 boravi
883 1146 1024 1243 poetice
1049 1147 1170 1243 lidem,
1195 1152 1410 1240 septitanum
1427 1152 1464 1222 ln
1483 1156 1604 1241 rnotn,
1621 1148 1756 1224 scilicet
1776 1149 1903 1223 dexte-

730 1289 810 1342 ram
829 1267 876 1342 ad
901 1290 1013 1364 quam
1033 1289 1167 1344 currus
1189 1290 1230 1343 se
1251 1270 1375 1363 volvit,
1395 1276 1564 1366 utsupra
1582 1268 1734 1366 dicitur;
1753 1269 1904 1366 etbgu-

729 1394 787 1462 rat
811 1387 911 1482 quod
936 1387 1088 1464 ecclesia
1113 1390 1273 1464 volvitur
1298 1411 1410 1485 supra
1444 1410 1582 1464 novum
1618 1396 1901 1481 testamentnm3

729 1508 810 1583 ideo
845 1510 939 1584 bane
972 1510 1029 1583 isti
1063 1510 1251 1585 christiani
1286 1511 1537 1605 sequebantur
1569 1510 1667 1584 illam
1699 1517 1830 1585 rotam.
1857 1508 1902 1582 Et

728 1629 910 1725 specificat
935 1630 1050 1725 ipsam
1077 1638 1196 1705 rotam
1223 1652 1288 1727 per
1311 1630 1470 1727 signnm,
1489 1630 1634 1706 dicens:
1660 1633 1720 1703 cie
1741 1635 1777 1724 se
1802 1632 1901 1703 l'or-

729 1751 799 1824 dita
823 1771 902 1842 suo,
927 1751 1030 1846 idest,
1057 1751 1253 1847 vestigium
1279 1751 1376 1845 quod
1403 1751 1487 1825 lacit
1509 1757 1589 1826 rota
1607 1750 1643 1824 in
1662 1750 1732 1844 via,
1750 1770 1818 1823 con
1834 1751 1902 1822 mi·

728 1892 798 1945 nor
822 1893 921 1965 arco,
949 1871 1039 1946 idest
1056 1872 1206 1966 circulo,
1225 1892 1337 1967 qnam
1356 1870 1483 1946 lecerit
1500 1871 1643 1945 sinistra
1660 1877 1758 1945 rota:
1777 1875 1814 1945 et
1830 1870 1901 1943 hoc

728 1991 896 2067 videmus
925 1991 971 2066 de
1002 1992 1097 2068 lacto
1126 1992 1226 2086 qnod
1256 1992 1567 2086 quandocumque
1601 1990 1731 2085 aliquis
1766 2010 1902 2064 currus

729 2112 941 2207 revolvitur,
968 2117 1049 2186 rota
1075 2112 1227 2186 interior
1252 2112 1337 2189 lacit
1370 2112 1549 2187 minorem
1577 2110 1758 2185 circulum
1785 2130 1896 2203 qnam

728 2230 901 2325 exterior,
929 2249 1027 2304 nunc
1052 2236 1178 2305 antem
1206 2237 1287 2306 rota
1312 2231 1465 2305 interior
1494 2236 1576 2306 erat
1607 2230 1735 2305 dextra
1769 2230 1806 2303 in
1832 2230 1899 2303 ista

728 2350 979 2426 revolutione:
1011 2351 1079 2426 boc
1111 2351 1222 2426 etiam
1258 2356 1357 2446 patet
1393 2351 1599 2447 allegorice,
1633 2351 1721 2445 quia
1758 2370 1897 2424 novum

727 2476 989 2546 testamentum
1015 2470 1099 2546 lacit
1126 2474 1244 2548 multo
1275 2470 1396 2545 minus
1428 2473 1603 2546 volumen
1633 2493 1746 2564 quam
1780 2476 1898 2563 vetus,

727 2591 786 2665 vel
813 2591 899 2684 quia
916 2612 983 2687 per
1001 2612 1138 2666 novum
1159 2598 1419 2667 testamentum
1438 2592 1579 2667 lacilius
1595 2597 1633 2667 et
1649 2593 1755 2667 citius
1772 2611 1900 2667 ascen-

727 2709 825 2783 ditur
850 2711 998 2785 coelum.
1026 2712 1070 2783 Et
1095 2711 1216 2785 subdit
1241 2711 1339 2805 quod
1366 2710 1568 2785 secundum
1595 2719 1738 2787 motum
1765 2711 1900 2786 ambu-

726 2830 880 2905 lantium
907 2830 1101 2906 resonabat
1126 2831 1283 2906 melodia
1304 2832 1524 2928 angelorum
1550 2831 1826 2926 *cantantium
1844 2831 1899 2906 di·

726 2970 835 3025 eens:
870 2954 1101 3043 un’unpelico
1131 2960 1233 3046 noto,
1271 2952 1378 3046 idest,
1413 2959 1543 3025 cantus
1576 2954 1793 3049 angelorum
1813 2944 1899 3046 *(¹),

726 3078 908 3164 ternpraoo
931 3074 946 3144 i
966 3074 1075 3165 possi,
1105 3071 1368 3146 conformando
1393 3071 1530 3167 pariter
1555 3078 1593 3146 et
1618 3070 1899 3167 proportionali-

726 3198 783 3267 ter
797 3183 847 3284 (ἢ,
868 3183 897 3264 si
914 3193 1189 3284 posseqpiondo,
1213 3190 1316 3284 idest,
1337 3191 1440 3265 nobis
1462 3190 1773 3287 percurrentibus,
1792 3194 1815 3265 l’
1825 3194 1900 3263 olto

724 3314 833 3404 selon,
862 3330 936 3406 qua
961 3311 1061 3385 nulla
1087 3316 1142 3386 est
1166 3310 1286 3406 altior,
1313 3311 1398 3406 quia
1429 3311 1634 3408 propinqua
1667 3312 1773 3405 coelo,
1800 3318 1894 3405 voto,

725 3430 826 3523 idest,
854 3438 1008 3507 vacuata
1034 3439 1071 3506 et
1097 3431 1236 3525 privata
1272 3432 1547 3527 habitatoribus,
1574 3436 1675 3525 colpe
1706 3436 1744 3506 di
1768 3435 1895 3524 quella,

726 3550 870 3645 scilicet,
903 3551 999 3645 Evae,
1030 3554 1134 3625 et’at
1160 3560 1316 3644 serpente
1349 3574 1456 3647 erese,
1490 3552 1593 3647 idest,
1629 3574 1713 3648 quae
1746 3551 1900 3626 credidit

725 3670 879 3765 diabolo,
907 3677 942 3745 et
963 3662 999 3763 (³)
1027 3671 1093 3745 sibi
1120 3671 1271 3746 credidit
1295 3673 1372 3767 vir;
1404 3673 1502 3748 unde
1534 3674 1645 3767 paulo
1675 3673 1767 3747 intra
1798 3671 1898 3767 ponit

725 3792 916 3885 querelam
942 3790 988 3865 de
1014 3790 1148 3867 Adam:
1175 3792 1239 3867 sed
1264 3800 1365 3868 certe
1390 3793 1436 3867 ad
1457 3794 1603 3889 culpam
1634 3794 1807 3869 continuo
1837 3812 1898 3866 se·

724 3917 810 3986 outa
835 3917 890 3986 est
915 3933 1039 4007 poena3
1066 3934 1153 3987 nam
1180 3920 1340 4007 uterque
1356 3913 1473 3987 laetus
1494 3913 1594 4006 exul,
1615 3913 1727 3987 miser
1744 3920 1782 3986 et
1804 3933 1898 4007 pau-

723 4051 801 4125 per,
826 4032 991 4105 omnium
1020 4052 1171 4128 egenus,
1192 4032 1377 4106 subiectus
1403 4034 1511 4106 morti
1538 4032 1627 4108 vidit
1651 4033 1774 4107 omnia
1800 4032 1896 4106 dura

723 4151 850 4225 auditu
873 4152 1009 4226 nedum
1036 4153 1216 4245 toleratu3
1240 4160 1276 4226 et
1301 4152 1396 4227 inter
1420 4152 1623 4228 anxietates
1649 4158 1685 4227 et
1710 4152 1806 4227 inter
1830 4173 1898 4226 an·

723 4271 860 4367 gustias
893 4272 1042 4368 longam
1079 4278 1115 4347 et
1150 4271 1281 4346 lessam
1316 4272 1420 4346 malis
1453 4272 1662 4347 terminavit
1695 4272 1822 4346 vitam.
1858 4272 1913 4353 Si¹

723 4410 814 4486 ergo
847 4390 1040 4486 prohibitio
1074 4390 1178 4463 auxit
1209 4390 1538 4485 concupiscentiam
1580 4391 1690 4464 buius
1730 4389 1894 4464 mulieris

723 4511 888 4605 excelsae,
914 4510 1000 4605 quid
1030 4510 1165 4585 mirum
1193 4510 1222 4583 si
1248 4510 1372 4583 nullus
1397 4517 1519 4585 metus
1540 4511 1668 4585 mortis
1685 4516 1803 4607 potest
1823 4530 1896 4584 cae·

724 4636 821 4705 teras
838 4631 1053 4706 contineret
1071 4651 1230 4726 quarum
1250 4651 1383 4724 corpus
1402 4629 1522 4723 molle,
1539 4630 1685 4704 animus
1702 4630 1782 4704 vilis
1800 4650 1895 4725 prae·

723 4750 843 4845 cipitat
870 4751 906 4824 in
932 4772 1081 4826 omnem
1108 4750 1383 4847 turpitudinem,
1409 4770 1478 4824 nec
1503 4748 1617 4823 lraeno
1642 4749 1805 4825 coerceri
1828 4770 1894 4845 po-

723 4875 793 4945 test
810 4870 1026 4944 indomitum
1043 4870 1191 4964 animal,
1205 4871 1310 4944 cuius
1328 4868 1384 4941 vir
1401 4868 1628 4964 frequentius
1645 4875 1699 4942 est
1716 4868 1753 4943 in
1772 4870 1890 4963 culpa.

785 5058 813 5121 (¹)
828 5060 864 5110 Le
881 5061 970 5123 parole
985 5059 1026 5111 ira
1042 5061 1050 5110 i
1066 5061 1117 5111 dua
1132 5060 1265 5111 asteriscbi
1280 5072 1326 5109 ron
1342 5057 1453 5120 suppllte
1469 5058 1511 5108 dri
1526 5058 1612 5110 codici
1630 5062 1676 5109 117
1692 5071 1707 5109 a
1723 5058 1837 5108 Estense.

785 5133 812 5200 (¹)
830 5141 883 5197 117,
901 5137 1165 5201 proportionabiliter.
1385 5132 1412 5197 l'l
1427 5135 1459 5187 Ε.
1473 5141 1499 5186 et
1515 5135 1593 5186 etlam
1609 5136 1665 5188 sibi.
