<?xml version="1.0" encoding="UTF-8"?>
<!DOCTYPE html PUBLIC "-//W3C//DTD XHTML 1.0 Transitional//EN"
    "http://www.w3.org/TR/xhtml1/DTD/xhtml1-transitional.dtd">
<html xmlns="http://www.w3.org/1999/xhtml" xml:lang="en" lang="en">
 <head>
  <title>
</title>
<meta http-equiv="Content-Type" content="text/html;charset=utf-8" />
  <meta name='ocr-system' content='tesseract 3.04.00' />
  <meta name='ocr-capabilities' content='ocr_page ocr_carea ocr_par ocr_line ocrx_word'/>
</head>
<body>
  <div class='ocr_page' id='page_1' title='image "./comentumsuperda00unkngoog_0500.png"; bbox 0 0 4575 6842; ppageno 0'>
   <div class='ocr_carea' id='block_1_1' title="bbox 696 970 1632 1036">
    <p class='ocr_par' dir='ltr' id='par_1_1' title="bbox 696 970 1632 1036">
     <span class='ocr_line' id='line_1_1' title="bbox 696 970 1632 1036; baseline -0.003 -1"><span class='ocrx_word' id='word_1_1' title='bbox 696 970 767 1035; x_wconf 73' lang='grc'><strong>480</strong></span> <span class='ocrx_word' id='word_1_2' title='bbox 1087 979 1292 1036; x_wconf 80' lang='lat' dir='ltr'><strong>couuurum</strong></span> <span class='ocrx_word' id='word_1_3' title='bbox 1316 978 1483 1033; x_wconf 79' lang='lat' dir='ltr'><strong>nnnnmsr</strong></span> <span class='ocrx_word' id='word_1_4' title='bbox 1630 1014 1632 1019; x_wconf 85' lang='grc'>-</span> 
     </span>
    </p>
   </div>
   <div class='ocr_carea' id='block_1_2' title="bbox 691 1123 1871 3028">
    <p class='ocr_par' dir='ltr' id='par_1_2' title="bbox 691 1123 1871 3028">
     <span class='ocr_line' id='line_1_2' title="bbox 693 1123 1870 1220; baseline -0.001 -19"><span class='ocrx_word' id='word_1_5' title='bbox 693 1125 786 1201; x_wconf 89' lang='lat' dir='ltr'><strong>vatis</strong></span> <span class='ocrx_word' id='word_1_6' title='bbox 818 1124 1019 1216; x_wconf 67' lang='lat' dir='ltr'><strong>amoribus</strong></span> <span class='ocrx_word' id='word_1_7' title='bbox 1054 1124 1164 1219; x_wconf 85' lang='lat' dir='ltr'><strong>coepit</strong></span> <span class='ocrx_word' id='word_1_8' title='bbox 1201 1123 1348 1220; x_wconf 90' lang='lat' dir='ltr'><strong>publice</strong></span> <span class='ocrx_word' id='word_1_9' title='bbox 1386 1125 1508 1199; x_wconf 90' lang='lat' dir='ltr'><strong>lacere</strong></span> <span class='ocrx_word' id='word_1_10' title='bbox 1543 1130 1740 1219; x_wconf 85' lang='lat' dir='ltr'><strong>quaestum,</strong></span> <span class='ocrx_word' id='word_1_11' title='bbox 1777 1125 1870 1201; x_wconf 89' lang='lat' dir='ltr'><strong>sicut</strong></span> 
     </span>
     <span class='ocr_line' id='line_1_3' title="bbox 694 1244 1871 1341; baseline 0.002 -23"><span class='ocrx_word' id='word_1_12' title='bbox 694 1250 821 1341; x_wconf 86' lang='lat' dir='ltr'><strong>postea</strong></span> <span class='ocrx_word' id='word_1_13' title='bbox 845 1244 930 1320; x_wconf 85' lang='lat' dir='ltr'><strong>lecit</strong></span> <span class='ocrx_word' id='word_1_14' title='bbox 954 1244 1143 1320; x_wconf 77' lang='lat' dir='ltr'><strong>Messalina</strong></span> <span class='ocrx_word' id='word_1_15' title='bbox 1169 1244 1383 1340; x_wconf 77' lang='lat' dir='ltr'><strong>imperatrix</strong></span> <span class='ocrx_word' id='word_1_16' title='bbox 1410 1263 1577 1338; x_wconf 90' lang='lat' dir='ltr'><strong>romana,</strong></span> <span class='ocrx_word' id='word_1_17' title='bbox 1602 1244 1649 1320; x_wconf 91' lang='lat' dir='ltr'><strong>de</strong></span> <span class='ocrx_word' id='word_1_18' title='bbox 1678 1267 1754 1339; x_wconf 88' lang='lat' dir='ltr'><strong>qua</strong></span> <span class='ocrx_word' id='word_1_19' title='bbox 1785 1245 1871 1321; x_wconf 88' lang='lat' dir='ltr'><strong>dicit</strong></span> 
     </span>
     <span class='ocr_line' id='line_1_4' title="bbox 696 1364 1871 1457; baseline 0.003 -19"><span class='ocrx_word' id='word_1_20' title='bbox 696 1364 899 1441; x_wconf 82' lang='lat' dir='ltr'><strong>Iuvenalis:</strong></span> <span class='ocrx_word' id='word_1_21' title='bbox 925 1372 959 1438; x_wconf 86' lang='lat' dir='ltr'><strong>et</strong></span> <span class='ocrx_word' id='word_1_22' title='bbox 981 1367 1114 1439; x_wconf 79' lang='lat' dir='ltr'><strong>lassata</strong></span> <span class='ocrx_word' id='word_1_23' title='bbox 1140 1368 1298 1457; x_wconf 64' lang='lat' dir='ltr'><strong>momnis</strong></span> <span class='ocrx_word' id='word_1_24' title='bbox 1321 1366 1477 1439; x_wconf 66' lang='lat' dir='ltr'><strong>nmmum</strong></span> <span class='ocrx_word' id='word_1_25' title='bbox 1502 1368 1632 1438; x_wconf 76' lang='lat' dir='ltr'><strong>cadulo</strong></span> <span class='ocrx_word' id='word_1_26' title='bbox 1656 1368 1805 1441; x_wconf 72' lang='lat' dir='ltr'><strong>recessit.</strong></span> <span class='ocrx_word' id='word_1_27' title='bbox 1828 1366 1871 1441; x_wconf 84' lang='lat' dir='ltr'><strong>ut</strong></span> 
     </span>
     <span class='ocr_line' id='line_1_5' title="bbox 695 1484 1869 1581; baseline 0.002 -21"><span class='ocrx_word' id='word_1_28' title='bbox 695 1486 819 1562; x_wconf 89' lang='lat' dir='ltr'><strong>Venus</strong></span> <span class='ocrx_word' id='word_1_29' title='bbox 851 1484 1041 1581; x_wconf 88' lang='lat' dir='ltr'><strong>lupanaria</strong></span> <span class='ocrx_word' id='word_1_30' title='bbox 1076 1484 1194 1581; x_wconf 92' lang='lat' dir='ltr'><strong>prima</strong></span> <span class='ocrx_word' id='word_1_31' title='bbox 1226 1484 1383 1580; x_wconf 79' lang='lat' dir='ltr'><strong>invenit5</strong></span> <span class='ocrx_word' id='word_1_32' title='bbox 1415 1505 1500 1581; x_wconf 80' lang='lat' dir='ltr'><strong>quae</strong></span> <span class='ocrx_word' id='word_1_33' title='bbox 1531 1484 1657 1561; x_wconf 90' lang='lat' dir='ltr'><strong>omnia</strong></span> <span class='ocrx_word' id='word_1_34' title='bbox 1686 1485 1869 1562; x_wconf 87' lang='lat' dir='ltr'><strong>credibilia</strong></span> 
     </span>
     <span class='ocr_line' id='line_1_6' title="bbox 696 1604 1870 1702; baseline -0.002 -21"><span class='ocrx_word' id='word_1_35' title='bbox 696 1606 781 1682; x_wconf 87' lang='lat' dir='ltr'><strong>iacit</strong></span> <span class='ocrx_word' id='word_1_36' title='bbox 807 1605 922 1702; x_wconf 89' lang='lat' dir='ltr'><strong>turpis</strong></span> <span class='ocrx_word' id='word_1_37' title='bbox 947 1604 1176 1680; x_wconf 84' lang='lat' dir='ltr'><strong>consuetudo</strong></span> <span class='ocrx_word' id='word_1_38' title='bbox 1201 1604 1426 1701; x_wconf 86' lang='lat' dir='ltr'><strong>cypriorum,</strong></span> <span class='ocrx_word' id='word_1_39' title='bbox 1452 1605 1516 1699; x_wconf 90' lang='lat' dir='ltr'><strong>qui</strong></span> <span class='ocrx_word' id='word_1_40' title='bbox 1542 1611 1622 1700; x_wconf 91' lang='lat' dir='ltr'><strong>post</strong></span> <span class='ocrx_word' id='word_1_41' title='bbox 1653 1607 1769 1681; x_wconf 89' lang='lat' dir='ltr'><strong>multa</strong></span> <span class='ocrx_word' id='word_1_42' title='bbox 1799 1626 1870 1679; x_wconf 85' lang='lat' dir='ltr'><strong>sae-</strong></span> 
     </span>
     <span class='ocr_line' id='line_1_7' title="bbox 696 1725 1868 1823; baseline -0.003 -20"><span class='ocrx_word' id='word_1_43' title='bbox 696 1728 781 1803; x_wconf 90' lang='lat' dir='ltr'><strong>cula</strong></span> <span class='ocrx_word' id='word_1_44' title='bbox 806 1727 999 1802; x_wconf 78' lang='lat' dir='ltr'><strong>mittebant</strong></span> <span class='ocrx_word' id='word_1_45' title='bbox 1024 1725 1183 1823; x_wconf 88' lang='lat' dir='ltr'><strong>virgines</strong></span> <span class='ocrx_word' id='word_1_46' title='bbox 1208 1747 1294 1801; x_wconf 88' lang='lat' dir='ltr'><strong>suas</strong></span> <span class='ocrx_word' id='word_1_47' title='bbox 1319 1726 1365 1802; x_wconf 92' lang='lat' dir='ltr'><strong>ad</strong></span> <span class='ocrx_word' id='word_1_48' title='bbox 1390 1726 1496 1801; x_wconf 88' lang='lat' dir='ltr'><strong>litora</strong></span> <span class='ocrx_word' id='word_1_49' title='bbox 1522 1728 1634 1801; x_wconf 86' lang='lat' dir='ltr'><strong>maris</strong></span> <span class='ocrx_word' id='word_1_50' title='bbox 1660 1734 1701 1801; x_wconf 90' lang='lat' dir='ltr'><strong>ut</strong></span> <span class='ocrx_word' id='word_1_51' title='bbox 1722 1727 1868 1803; x_wconf 87' lang='lat' dir='ltr'><strong>solven-</strong></span> 
     </span>
     <span class='ocr_line' id='line_1_8' title="bbox 696 1845 1867 1943; baseline -0.001 -20"><span class='ocrx_word' id='word_1_52' title='bbox 696 1855 752 1923; x_wconf 82' lang='lat' dir='ltr'><strong>tes</strong></span> <span class='ocrx_word' id='word_1_53' title='bbox 776 1848 953 1943; x_wconf 90' lang='lat' dir='ltr'><strong>primitias</strong></span> <span class='ocrx_word' id='word_1_54' title='bbox 979 1845 1153 1921; x_wconf 84' lang='lat' dir='ltr'><strong>castitatis</strong></span> <span class='ocrx_word' id='word_1_55' title='bbox 1169 1845 1303 1922; x_wconf 85' lang='lat' dir='ltr'><strong>Veneri</strong></span> <span class='ocrx_word' id='word_1_56' title='bbox 1327 1846 1563 1941; x_wconf 80' lang='lat' dir='ltr'><strong>acquirerent</strong></span> <span class='ocrx_word' id='word_1_57' title='bbox 1579 1848 1681 1923; x_wconf 90' lang='lat' dir='ltr'><strong>dotes</strong></span> <span class='ocrx_word' id='word_1_58' title='bbox 1706 1868 1752 1924; x_wconf 84' lang='lat' dir='ltr'><strong>er</strong></span> <span class='ocrx_word' id='word_1_59' title='bbox 1778 1868 1867 1923; x_wconf 87' lang='lat' dir='ltr'><strong>con-</strong></span> 
     </span>
     <span class='ocr_line' id='line_1_9' title="bbox 695 1967 1867 2065; baseline 0.003 -23"><span class='ocrx_word' id='word_1_60' title='bbox 695 1968 823 2043; x_wconf 79' lang='lat' dir='ltr'><strong>cuoitu</strong></span> <span class='ocrx_word' id='word_1_61' title='bbox 847 1967 1142 2065; x_wconf 88' lang='lat' dir='ltr'><strong>peregrinorum,</strong></span> <span class='ocrx_word' id='word_1_62' title='bbox 1161 1973 1204 2041; x_wconf 93' lang='lat' dir='ltr'><strong>ut</strong></span> <span class='ocrx_word' id='word_1_63' title='bbox 1220 1967 1305 2042; x_wconf 86' lang='lat' dir='ltr'><strong>dicit</strong></span> <span class='ocrx_word' id='word_1_64' title='bbox 1321 1967 1494 2042; x_wconf 85' lang='lat' dir='ltr'><strong>lustinus.</strong></span> <span class='ocrx_word' id='word_1_65' title='bbox 1513 1968 1606 2044; x_wconf 86' lang='lat' dir='ltr'><strong>Dicit</strong></span> <span class='ocrx_word' id='word_1_66' title='bbox 1621 1970 1731 2045; x_wconf 90' lang='lat' dir='ltr'><strong>etiam</strong></span> <span class='ocrx_word' id='word_1_67' title='bbox 1750 1970 1867 2045; x_wconf 89' lang='lat' dir='ltr'><strong>simile</strong></span> 
     </span>
     <span class='ocr_line' id='line_1_10' title="bbox 693 2086 1869 2184; baseline 0.003 -22"><span class='ocrx_word' id='word_1_68' title='bbox 693 2086 890 2183; x_wconf 89' lang='lat' dir='ltr'><strong>aliquando</strong></span> <span class='ocrx_word' id='word_1_69' title='bbox 914 2088 1087 2164; x_wconf 80' lang='lat' dir='ltr'><strong>accidisse</strong></span> <span class='ocrx_word' id='word_1_70' title='bbox 1111 2087 1150 2163; x_wconf 92' lang='lat' dir='ltr'><strong>in</strong></span> <span class='ocrx_word' id='word_1_71' title='bbox 1174 2088 1275 2163; x_wconf 87' lang='lat' dir='ltr'><strong>ltalia</strong></span> <span class='ocrx_word' id='word_1_72' title='bbox 1299 2088 1397 2184; x_wconf 91' lang='lat' dir='ltr'><strong>apud</strong></span> <span class='ocrx_word' id='word_1_73' title='bbox 1422 2090 1558 2164; x_wconf 87' lang='lat' dir='ltr'><strong>Locros</strong></span> <span class='ocrx_word' id='word_1_74' title='bbox 1588 2089 1772 2165; x_wconf 87' lang='lat' dir='ltr'><strong>civitatem</strong></span> <span class='ocrx_word' id='word_1_75' title='bbox 1799 2090 1869 2165; x_wconf 87' lang='lat' dir='ltr'><strong>Ca·</strong></span> 
     </span>
     <span class='ocr_line' id='line_1_11' title="bbox 693 2208 1868 2306; baseline 0.003 -25"><span class='ocrx_word' id='word_1_76' title='bbox 693 2208 830 2283; x_wconf 84' lang='lat' dir='ltr'><strong>labriae.</strong></span> <span class='ocrx_word' id='word_1_77' title='bbox 855 2208 910 2283; x_wconf 79' lang='lat' dir='ltr'><strong>nd</strong></span> <span class='ocrx_word' id='word_1_78' title='bbox 936 2210 1081 2284; x_wconf 86' lang='lat' dir='ltr'><strong>literam</strong></span> <span class='ocrx_word' id='word_1_79' title='bbox 1108 2230 1200 2306; x_wconf 88' lang='lat' dir='ltr'><strong>ergo</strong></span> <span class='ocrx_word' id='word_1_80' title='bbox 1229 2209 1313 2284; x_wconf 88' lang='lat' dir='ltr'><strong>dicit</strong></span> <span class='ocrx_word' id='word_1_81' title='bbox 1339 2216 1458 2305; x_wconf 86' lang='lat' dir='ltr'><strong>poeta,</strong></span> <span class='ocrx_word' id='word_1_82' title='bbox 1485 2210 1547 2305; x_wconf 86' lang='lat' dir='ltr'><strong>qui</strong></span> <span class='ocrx_word' id='word_1_83' title='bbox 1573 2209 1635 2285; x_wconf 91' lang='lat' dir='ltr'><strong>diu</strong></span> <span class='ocrx_word' id='word_1_84' title='bbox 1669 2210 1737 2283; x_wconf 88' lang='lat' dir='ltr'><strong>luit</strong></span> <span class='ocrx_word' id='word_1_85' title='bbox 1762 2209 1868 2284; x_wconf 88' lang='lat' dir='ltr'><strong>nimis</strong></span> 
     </span>
     <span class='ocr_line' id='line_1_12' title="bbox 693 2329 1868 2425; baseline 0 -20"><span class='ocrx_word' id='word_1_86' title='bbox 693 2336 907 2405; x_wconf 87' lang='lat' dir='ltr'><strong>amoratus:</strong></span> <span class='ocrx_word' id='word_1_87' title='bbox 934 2335 984 2403; x_wconf 80' lang='lat' dir='ltr'><strong>Lo</strong></span> <span class='ocrx_word' id='word_1_88' title='bbox 1001 2333 1143 2423; x_wconf 80' lang='lat' dir='ltr'><strong>mondo,</strong></span> <span class='ocrx_word' id='word_1_89' title='bbox 1164 2330 1256 2405; x_wconf 89' lang='lat' dir='ltr'><strong>idest</strong></span> <span class='ocrx_word' id='word_1_90' title='bbox 1274 2330 1440 2405; x_wconf 84' lang='lat' dir='ltr'><strong>homines</strong></span> <span class='ocrx_word' id='word_1_91' title='bbox 1463 2330 1638 2404; x_wconf 92' lang='lat' dir='ltr'><strong>mundani</strong></span> <span class='ocrx_word' id='word_1_92' title='bbox 1654 2329 1754 2425; x_wconf 93' lang='lat' dir='ltr'><strong>olim,</strong></span> <span class='ocrx_word' id='word_1_93' title='bbox 1771 2334 1868 2405; x_wconf 84' lang='lat' dir='ltr'><strong>solea</strong></span> 
     </span>
     <span class='ocr_line' id='line_1_13' title="bbox 693 2450 1866 2548; baseline -0.002 -23"><span class='ocrx_word' id='word_1_94' title='bbox 693 2452 835 2525; x_wconf 73' lang='lat' dir='ltr'><strong>medere</strong></span> <span class='ocrx_word' id='word_1_95' title='bbox 859 2454 896 2524; x_wconf 82' lang='lat' dir='ltr'><strong>in</strong></span> <span class='ocrx_word' id='word_1_96' title='bbox 920 2472 984 2525; x_wconf 84' lang='lat' dir='ltr'><strong>suo</strong></span> <span class='ocrx_word' id='word_1_97' title='bbox 998 2455 1145 2544; x_wconf 73' lang='lat' dir='ltr'><strong>peracto,</strong></span> <span class='ocrx_word' id='word_1_98' title='bbox 1167 2472 1233 2546; x_wconf 92' lang='lat' dir='ltr'><strong>pro</strong></span> <span class='ocrx_word' id='word_1_99' title='bbox 1251 2450 1427 2546; x_wconf 89' lang='lat' dir='ltr'><strong>periculo,</strong></span> <span class='ocrx_word' id='word_1_100' title='bbox 1445 2450 1590 2545; x_wconf 91' lang='lat' dir='ltr'><strong>scilicet,</strong></span> <span class='ocrx_word' id='word_1_101' title='bbox 1609 2451 1646 2525; x_wconf 94' lang='lat' dir='ltr'><strong>in</strong></span> <span class='ocrx_word' id='word_1_102' title='bbox 1667 2451 1866 2548; x_wconf 86' lang='lat' dir='ltr'><strong>perniciem</strong></span> 
     </span>
     <span class='ocr_line' id='line_1_14' title="bbox 695 2570 1867 2666; baseline -0.002 -20"><span class='ocrx_word' id='word_1_103' title='bbox 695 2571 918 2666; x_wconf 85' lang='lat' dir='ltr'><strong>animarum,</strong></span> <span class='ocrx_word' id='word_1_104' title='bbox 944 2573 1005 2644; x_wconf 82' lang='lat' dir='ltr'><strong>cte</strong></span> <span class='ocrx_word' id='word_1_105' title='bbox 1029 2574 1066 2645; x_wconf 85' lang='lat' dir='ltr'><strong>la</strong></span> <span class='ocrx_word' id='word_1_106' title='bbox 1089 2572 1179 2645; x_wconf 80' lang='lat' dir='ltr'><strong>bella</strong></span> <span class='ocrx_word' id='word_1_107' title='bbox 1205 2573 1386 2665; x_wconf 68' lang='lat' dir='ltr'><strong>Cipripou,</strong></span> <span class='ocrx_word' id='word_1_108' title='bbox 1405 2570 1496 2645; x_wconf 89' lang='lat' dir='ltr'><strong>idest</strong></span> <span class='ocrx_word' id='word_1_109' title='bbox 1514 2570 1648 2666; x_wconf 77' lang='lat' dir='ltr'><strong>VenuS,</strong></span> <span class='ocrx_word' id='word_1_110' title='bbox 1671 2571 1731 2647; x_wconf 89' lang='lat' dir='ltr'><strong>cui</strong></span> <span class='ocrx_word' id='word_1_111' title='bbox 1756 2571 1867 2645; x_wconf 91' lang='lat' dir='ltr'><strong>Clau-</strong></span> 
     </span>
     <span class='ocr_line' id='line_1_15' title="bbox 693 2691 1870 2787; baseline 0.002 -21"><span class='ocrx_word' id='word_1_112' title='bbox 693 2691 825 2767; x_wconf 89' lang='lat' dir='ltr'><strong>dianus</strong></span> <span class='ocrx_word' id='word_1_113' title='bbox 855 2692 892 2765; x_wconf 94' lang='lat' dir='ltr'><strong>in</strong></span> <span class='ocrx_word' id='word_1_114' title='bbox 923 2691 1053 2768; x_wconf 90' lang='lat' dir='ltr'><strong>maiori</strong></span> <span class='ocrx_word' id='word_1_115' title='bbox 1082 2691 1253 2767; x_wconf 78' lang='lat' dir='ltr'><strong>describit</strong></span> <span class='ocrx_word' id='word_1_116' title='bbox 1277 2692 1543 2787; x_wconf 87' lang='lat' dir='ltr'><strong>pulcerrimum</strong></span> <span class='ocrx_word' id='word_1_117' title='bbox 1578 2692 1870 2786; x_wconf 81' lang='lat' dir='ltr'><strong>viridarium3ll</strong></span> 
     </span>
     <span class='ocr_line' id='line_1_16' title="bbox 691 2810 1866 2908; baseline -0.002 -22"><span class='ocrx_word' id='word_1_118' title='bbox 691 2814 776 2907; x_wconf 84' lang='lat' dir='ltr'><strong>folle</strong></span> <span class='ocrx_word' id='word_1_119' title='bbox 803 2833 939 2908; x_wconf 83' lang='lat' dir='ltr'><strong>amore,</strong></span> <span class='ocrx_word' id='word_1_120' title='bbox 968 2813 1063 2888; x_wconf 89' lang='lat' dir='ltr'><strong>bene</strong></span> <span class='ocrx_word' id='word_1_121' title='bbox 1093 2812 1201 2906; x_wconf 89' lang='lat' dir='ltr'><strong>dicit;</strong></span> <span class='ocrx_word' id='word_1_122' title='bbox 1228 2832 1314 2886; x_wconf 88' lang='lat' dir='ltr'><strong>nam</strong></span> <span class='ocrx_word' id='word_1_123' title='bbox 1340 2811 1475 2907; x_wconf 84' lang='lat' dir='ltr'><strong>duplex</strong></span> <span class='ocrx_word' id='word_1_124' title='bbox 1502 2818 1557 2887; x_wconf 90' lang='lat' dir='ltr'><strong>est</strong></span> <span class='ocrx_word' id='word_1_125' title='bbox 1587 2832 1705 2905; x_wconf 87' lang='lat' dir='ltr'><strong>amor,</strong></span> <span class='ocrx_word' id='word_1_126' title='bbox 1732 2810 1866 2887; x_wconf 87' lang='lat' dir='ltr'><strong>scilieet</strong></span> 
     </span>
     <span class='ocr_line' id='line_1_17' title="bbox 694 2931 1863 3028; baseline -0.003 -20"><span class='ocrx_word' id='word_1_127' title='bbox 694 2953 802 3008; x_wconf 85' lang='lat' dir='ltr'><strong>amor</strong></span> <span class='ocrx_word' id='word_1_128' title='bbox 827 2932 1007 3027; x_wconf 76' lang='lat' dir='ltr'><strong>amicitia,</strong></span> <span class='ocrx_word' id='word_1_129' title='bbox 1033 2932 1097 3028; x_wconf 89' lang='lat' dir='ltr'><strong>qui</strong></span> <span class='ocrx_word' id='word_1_130' title='bbox 1122 2937 1178 3007; x_wconf 88' lang='lat' dir='ltr'><strong>est</strong></span> <span class='ocrx_word' id='word_1_131' title='bbox 1201 2952 1309 3007; x_wconf 89' lang='lat' dir='ltr'><strong>amor</strong></span> <span class='ocrx_word' id='word_1_132' title='bbox 1326 2931 1470 3006; x_wconf 87' lang='lat' dir='ltr'><strong>virtutis</strong></span> <span class='ocrx_word' id='word_1_133' title='bbox 1491 2938 1639 3026; x_wconf 92' lang='lat' dir='ltr'><strong>propter</strong></span> <span class='ocrx_word' id='word_1_134' title='bbox 1657 2933 1863 3025; x_wconf 87' lang='lat' dir='ltr'><strong>honestum,</strong></span> 
     </span>
    </p>
   </div>
   <div class='ocr_carea' id='block_1_3' title="bbox 691 3052 1867 3398">
    <p class='ocr_par' dir='ltr' id='par_1_3' title="bbox 691 3052 1867 3398">
     <span class='ocr_line' id='line_1_18' title="bbox 694 3052 1867 3149; baseline 0.001 -22"><span class='ocrx_word' id='word_1_135' title='bbox 694 3060 729 3127; x_wconf 89' lang='lat' dir='ltr'><strong>et</strong></span> <span class='ocrx_word' id='word_1_136' title='bbox 746 3073 854 3127; x_wconf 91' lang='lat' dir='ltr'><strong>amor</strong></span> <span class='ocrx_word' id='word_1_137' title='bbox 871 3052 1173 3149; x_wconf 78' lang='lat' dir='ltr'><strong>concupiscentiae</strong></span> <span class='ocrx_word' id='word_1_138' title='bbox 1198 3052 1365 3146; x_wconf 86' lang='lat' dir='ltr'><strong>lascivus,</strong></span> <span class='ocrx_word' id='word_1_139' title='bbox 1384 3052 1447 3147; x_wconf 89' lang='lat' dir='ltr'><strong>qui</strong></span> <span class='ocrx_word' id='word_1_140' title='bbox 1466 3058 1522 3127; x_wconf 89' lang='lat' dir='ltr'><strong>est</strong></span> <span class='ocrx_word' id='word_1_141' title='bbox 1537 3059 1687 3148; x_wconf 94' lang='lat' dir='ltr'><strong>propter</strong></span> <span class='ocrx_word' id='word_1_142' title='bbox 1707 3053 1867 3128; x_wconf 88' lang='lat' dir='ltr'><strong>delecta-</strong></span> 
     </span>
     <span class='ocr_line' id='line_1_19' title="bbox 691 3172 1866 3269; baseline 0.001 -23"><span class='ocrx_word' id='word_1_143' title='bbox 691 3172 782 3269; x_wconf 82' lang='lat' dir='ltr'><strong>bile3</strong></span> <span class='ocrx_word' id='word_1_144' title='bbox 808 3180 845 3247; x_wconf 90' lang='lat' dir='ltr'><strong>et</strong></span> <span class='ocrx_word' id='word_1_145' title='bbox 869 3172 917 3249; x_wconf 93' lang='lat' dir='ltr'><strong>de</strong></span> <span class='ocrx_word' id='word_1_146' title='bbox 940 3172 1003 3247; x_wconf 92' lang='lat' dir='ltr'><strong>tali</strong></span> <span class='ocrx_word' id='word_1_147' title='bbox 1028 3173 1193 3269; x_wconf 86' lang='lat' dir='ltr'><strong>loquitur</strong></span> <span class='ocrx_word' id='word_1_148' title='bbox 1217 3180 1327 3248; x_wconf 89' lang='lat' dir='ltr'><strong>autor</strong></span> <span class='ocrx_word' id='word_1_149' title='bbox 1353 3172 1422 3267; x_wconf 89' lang='lat' dir='ltr'><strong>hic,</strong></span> <span class='ocrx_word' id='word_1_150' title='bbox 1448 3172 1536 3267; x_wconf 87' lang='lat' dir='ltr'><strong>quia</strong></span> <span class='ocrx_word' id='word_1_151' title='bbox 1560 3179 1615 3248; x_wconf 89' lang='lat' dir='ltr'><strong>est</strong></span> <span class='ocrx_word' id='word_1_152' title='bbox 1640 3172 1866 3269; x_wconf 89' lang='lat' dir='ltr'><strong>perniciosus</strong></span> 
     </span>
     <span class='ocr_line' id='line_1_20' title="bbox 692 3286 1865 3398; baseline -0.001 -31"><span class='ocrx_word' id='word_1_153' title='bbox 692 3298 802 3367; x_wconf 90' lang='lat' dir='ltr'><strong>autor</strong></span> <span class='ocrx_word' id='word_1_154' title='bbox 822 3294 1027 3368; x_wconf 90' lang='lat' dir='ltr'><strong>multorum</strong></span> <span class='ocrx_word' id='word_1_155' title='bbox 1052 3300 1089 3368; x_wconf 90' lang='lat' dir='ltr'><strong>et</strong></span> <span class='ocrx_word' id='word_1_156' title='bbox 1116 3313 1337 3398; x_wconf 83' lang='lat' dir='ltr'><strong>magnorum</strong></span> <span class='ocrx_word' id='word_1_157' title='bbox 1351 3286 1387 3386; x_wconf 81' lang='lat'><strong>(⁴)</strong></span> <span class='ocrx_word' id='word_1_158' title='bbox 1407 3293 1608 3387; x_wconf 92' lang='lat' dir='ltr'><strong>malorum;</strong></span> <span class='ocrx_word' id='word_1_159' title='bbox 1626 3293 1673 3369; x_wconf 87' lang='lat' dir='ltr'><strong>de</strong></span> <span class='ocrx_word' id='word_1_160' title='bbox 1690 3313 1765 3389; x_wconf 87' lang='lat' dir='ltr'><strong>quo</strong></span> <span class='ocrx_word' id='word_1_161' title='bbox 1782 3292 1865 3367; x_wconf 86' lang='lat' dir='ltr'><strong>Vir-</strong></span> 
     </span>
    </p>
   </div>
   <div class='ocr_carea' id='block_1_4' title="bbox 688 3412 1866 4954">
    <p class='ocr_par' dir='ltr' id='par_1_4' title="bbox 688 3412 1866 4954">
     <span class='ocr_line' id='line_1_21' title="bbox 691 3412 1866 3510; baseline 0 -23"><span class='ocrx_word' id='word_1_162' title='bbox 691 3412 800 3510; x_wconf 82' lang='lat' dir='ltr'><strong>gilius</strong></span> <span class='ocrx_word' id='word_1_163' title='bbox 824 3420 932 3509; x_wconf 89' lang='lat' dir='ltr'><strong>poeta</strong></span> <span class='ocrx_word' id='word_1_164' title='bbox 956 3434 1152 3489; x_wconf 88' lang='lat' dir='ltr'><strong>amorosus</strong></span> <span class='ocrx_word' id='word_1_165' title='bbox 1176 3414 1277 3508; x_wconf 90' lang='lat' dir='ltr'><strong>dicit;</strong></span> <span class='ocrx_word' id='word_1_166' title='bbox 1303 3413 1401 3507; x_wconf 88' lang='lat' dir='ltr'><strong>quod</strong></span> <span class='ocrx_word' id='word_1_167' title='bbox 1427 3412 1585 3488; x_wconf 92' lang='lat' dir='ltr'><strong>crudelis</strong></span> <span class='ocrx_word' id='word_1_168' title='bbox 1611 3434 1717 3488; x_wconf 92' lang='lat' dir='ltr'><strong>amor</strong></span> <span class='ocrx_word' id='word_1_169' title='bbox 1742 3413 1866 3488; x_wconf 82' lang='lat' dir='ltr'><strong>docuit</strong></span> 
     </span>
     <span class='ocr_line' id='line_1_22' title="bbox 692 3533 1864 3631; baseline 0.002 -24"><span class='ocrx_word' id='word_1_170' title='bbox 692 3539 851 3608; x_wconf 90' lang='lat' dir='ltr'><strong>matrem</strong></span> <span class='ocrx_word' id='word_1_171' title='bbox 878 3536 1067 3611; x_wconf 90' lang='lat' dir='ltr'><strong>maculare</strong></span> <span class='ocrx_word' id='word_1_172' title='bbox 1091 3555 1225 3609; x_wconf 90' lang='lat' dir='ltr'><strong>manus</strong></span> <span class='ocrx_word' id='word_1_173' title='bbox 1250 3534 1430 3631; x_wconf 82' lang='lat' dir='ltr'><strong>sanguiue</strong></span> <span class='ocrx_word' id='word_1_174' title='bbox 1456 3533 1636 3629; x_wconf 82' lang='lat' dir='ltr'><strong>liliorum3</strong></span> <span class='ocrx_word' id='word_1_175' title='bbox 1666 3538 1864 3631; x_wconf 80' lang='lat' dir='ltr'><strong>rappiussc,</strong></span> 
     </span>
     <span class='ocr_line' id='line_1_23' title="bbox 691 3654 1865 3751; baseline 0.003 -23"><span class='ocrx_word' id='word_1_176' title='bbox 691 3654 794 3749; x_wconf 88' lang='lat' dir='ltr'><strong>idest,</strong></span> <span class='ocrx_word' id='word_1_177' title='bbox 825 3654 1005 3751; x_wconf 87' lang='lat' dir='ltr'><strong>influeret,</strong></span> <span class='ocrx_word' id='word_1_178' title='bbox 1038 3659 1131 3730; x_wconf 86' lang='lat' dir='ltr'><strong>voltu</strong></span> <span class='ocrx_word' id='word_1_179' title='bbox 1163 3659 1221 3731; x_wconf 84' lang='lat' dir='ltr'><strong>nel</strong></span> <span class='ocrx_word' id='word_1_180' title='bbox 1252 3662 1349 3729; x_wconf 84' lang='lat' dir='ltr'><strong>terzo</strong></span> <span class='ocrx_word' id='word_1_181' title='bbox 1380 3658 1533 3749; x_wconf 80' lang='lat' dir='ltr'><strong>epicteto,</strong></span> <span class='ocrx_word' id='word_1_182' title='bbox 1566 3655 1668 3750; x_wconf 87' lang='lat' dir='ltr'><strong>idest,</strong></span> <span class='ocrx_word' id='word_1_183' title='bbox 1695 3656 1731 3729; x_wconf 94' lang='lat' dir='ltr'><strong>in</strong></span> <span class='ocrx_word' id='word_1_184' title='bbox 1757 3655 1865 3731; x_wconf 89' lang='lat' dir='ltr'><strong>tertio</strong></span> 
     </span>
     <span class='ocr_line' id='line_1_24' title="bbox 692 3774 1864 3872; baseline 0 -23"><span class='ocrx_word' id='word_1_185' title='bbox 692 3775 787 3849; x_wconf 88' lang='lat' dir='ltr'><strong>coelo</strong></span> <span class='ocrx_word' id='word_1_186' title='bbox 811 3775 890 3851; x_wconf 87' lang='lat' dir='ltr'><strong>sive</strong></span> <span class='ocrx_word' id='word_1_187' title='bbox 913 3776 1028 3871; x_wconf 74' lang='lat' dir='ltr'><strong>orbe,</strong></span> <span class='ocrx_word' id='word_1_188' title='bbox 1046 3778 1084 3850; x_wconf 89' lang='lat' dir='ltr'><strong>et</strong></span> <span class='ocrx_word' id='word_1_189' title='bbox 1105 3776 1252 3871; x_wconf 88' lang='lat' dir='ltr'><strong>ponitur</strong></span> <span class='ocrx_word' id='word_1_190' title='bbox 1268 3796 1353 3872; x_wconf 88' lang='lat' dir='ltr'><strong>pars</strong></span> <span class='ocrx_word' id='word_1_191' title='bbox 1369 3796 1438 3871; x_wconf 89' lang='lat' dir='ltr'><strong>pro</strong></span> <span class='ocrx_word' id='word_1_192' title='bbox 1455 3780 1543 3850; x_wconf 90' lang='lat' dir='ltr'><strong>toto.</strong></span> <span class='ocrx_word' id='word_1_193' title='bbox 1561 3774 1750 3871; x_wconf 84' lang='lat' dir='ltr'><strong>Epicyclus</strong></span> <span class='ocrx_word' id='word_1_194' title='bbox 1766 3774 1864 3849; x_wconf 88' lang='lat' dir='ltr'><strong>enim</strong></span> 
     </span>
     <span class='ocr_line' id='line_1_25' title="bbox 693 3894 1863 3993; baseline 0.003 -26"><span class='ocrx_word' id='word_1_195' title='bbox 693 3902 848 3969; x_wconf 87' lang='lat' dir='ltr'><strong>vocatur</strong></span> <span class='ocrx_word' id='word_1_196' title='bbox 864 3895 912 3969; x_wconf 90' lang='lat' dir='ltr'><strong>ab</strong></span> <span class='ocrx_word' id='word_1_197' title='bbox 927 3896 1120 3993; x_wconf 87' lang='lat' dir='ltr'><strong>astrologis</strong></span> <span class='ocrx_word' id='word_1_198' title='bbox 1136 3896 1309 3991; x_wconf 88' lang='lat' dir='ltr'><strong>circulus,</strong></span> <span class='ocrx_word' id='word_1_199' title='bbox 1323 3917 1435 3991; x_wconf 87' lang='lat' dir='ltr'><strong>quem</strong></span> <span class='ocrx_word' id='word_1_200' title='bbox 1453 3897 1598 3992; x_wconf 88' lang='lat' dir='ltr'><strong>planeta</strong></span> <span class='ocrx_word' id='word_1_201' title='bbox 1616 3894 1701 3971; x_wconf 86' lang='lat' dir='ltr'><strong>lacit</strong></span> <span class='ocrx_word' id='word_1_202' title='bbox 1717 3895 1863 3990; x_wconf 87' lang='lat' dir='ltr'><strong>quando</strong></span> 
     </span>
     <span class='ocr_line' id='line_1_26' title="bbox 692 4015 1863 4112; baseline -0.001 -22"><span class='ocrx_word' id='word_1_203' title='bbox 692 4020 748 4090; x_wconf 80' lang='lat' dir='ltr'><strong>est</strong></span> <span class='ocrx_word' id='word_1_204' title='bbox 781 4016 1028 4112; x_wconf 86' lang='lat' dir='ltr'><strong>retrogradus.</strong></span> <span class='ocrx_word' id='word_1_205' title='bbox 1064 4017 1108 4089; x_wconf 84' lang='lat' dir='ltr'><strong>Et</strong></span> <span class='ocrx_word' id='word_1_206' title='bbox 1141 4023 1226 4091; x_wconf 89' lang='lat' dir='ltr'><strong>nota</strong></span> <span class='ocrx_word' id='word_1_207' title='bbox 1253 4016 1351 4110; x_wconf 86' lang='lat' dir='ltr'><strong>quod</strong></span> <span class='ocrx_word' id='word_1_208' title='bbox 1386 4015 1508 4091; x_wconf 78' lang='lat' dir='ltr'><strong>caeteri</strong></span> <span class='ocrx_word' id='word_1_209' title='bbox 1541 4016 1695 4111; x_wconf 75' lang='lat' dir='ltr'><strong>planetae</strong></span> <span class='ocrx_word' id='word_1_210' title='bbox 1728 4016 1863 4091; x_wconf 85' lang='lat' dir='ltr'><strong>hahent</strong></span> 
     </span>
     <span class='ocr_line' id='line_1_27' title="bbox 692 4135 1864 4233; baseline 0 -24"><span class='ocrx_word' id='word_1_211' title='bbox 692 4157 803 4211; x_wconf 92' lang='lat' dir='ltr'><strong>suum</strong></span> <span class='ocrx_word' id='word_1_212' title='bbox 829 4135 1032 4233; x_wconf 81' lang='lat' dir='ltr'><strong>epicyclum</strong></span> <span class='ocrx_word' id='word_1_213' title='bbox 1058 4142 1193 4233; x_wconf 85' lang='lat' dir='ltr'><strong>praeter</strong></span> <span class='ocrx_word' id='word_1_214' title='bbox 1218 4136 1345 4232; x_wconf 92' lang='lat' dir='ltr'><strong>solem,</strong></span> <span class='ocrx_word' id='word_1_215' title='bbox 1369 4136 1431 4231; x_wconf 88' lang='lat' dir='ltr'><strong>qui</strong></span> <span class='ocrx_word' id='word_1_216' title='bbox 1457 4136 1540 4211; x_wconf 88' lang='lat' dir='ltr'><strong>ideo</strong></span> <span class='ocrx_word' id='word_1_217' title='bbox 1566 4141 1667 4211; x_wconf 89' lang='lat' dir='ltr'><strong>caret</strong></span> <span class='ocrx_word' id='word_1_218' title='bbox 1692 4135 1864 4233; x_wconf 84' lang='lat' dir='ltr'><strong>epieyclo,</strong></span> 
     </span>
     <span class='ocr_line' id='line_1_28' title="bbox 692 4254 1865 4353; baseline -0.002 -23"><span class='ocrx_word' id='word_1_219' title='bbox 692 4255 779 4351; x_wconf 87' lang='lat' dir='ltr'><strong>quia</strong></span> <span class='ocrx_word' id='word_1_220' title='bbox 804 4276 890 4331; x_wconf 88' lang='lat' dir='ltr'><strong>cum</strong></span> <span class='ocrx_word' id='word_1_221' title='bbox 917 4262 1014 4331; x_wconf 77' lang='lat' dir='ltr'><strong>esset</strong></span> <span class='ocrx_word' id='word_1_222' title='bbox 1037 4254 1277 4353; x_wconf 81' lang='lat' dir='ltr'><strong>retrogradus</strong></span> <span class='ocrx_word' id='word_1_223' title='bbox 1301 4256 1494 4352; x_wconf 92' lang='lat' dir='ltr'><strong>impediret</strong></span> <span class='ocrx_word' id='word_1_224' title='bbox 1518 4255 1807 4353; x_wconf 85' lang='lat' dir='ltr'><strong>generationem,</strong></span> <span class='ocrx_word' id='word_1_225' title='bbox 1828 4264 1865 4331; x_wconf 88' lang='lat' dir='ltr'><strong>et</strong></span> 
     </span>
     <span class='ocr_line' id='line_1_29' title="bbox 690 4375 1865 4471; baseline 0 -21"><span class='ocrx_word' id='word_1_226' title='bbox 690 4375 789 4451; x_wconf 89' lang='lat' dir='ltr'><strong>male</strong></span> <span class='ocrx_word' id='word_1_227' title='bbox 812 4375 1019 4471; x_wconf 88' lang='lat' dir='ltr'><strong>disponeret</strong></span> <span class='ocrx_word' id='word_1_228' title='bbox 1043 4375 1148 4450; x_wconf 88' lang='lat' dir='ltr'><strong>nohis</strong></span> <span class='ocrx_word' id='word_1_229' title='bbox 1172 4375 1261 4471; x_wconf 90' lang='lat' dir='ltr'><strong>dies,</strong></span> <span class='ocrx_word' id='word_1_230' title='bbox 1288 4396 1432 4452; x_wconf 86' lang='lat' dir='ltr'><strong>menses</strong></span> <span class='ocrx_word' id='word_1_231' title='bbox 1458 4383 1495 4452; x_wconf 91' lang='lat' dir='ltr'><strong>et</strong></span> <span class='ocrx_word' id='word_1_232' title='bbox 1523 4396 1649 4451; x_wconf 90' lang='lat' dir='ltr'><strong>annos.</strong></span> <span class='ocrx_word' id='word_1_233' title='bbox 1680 4377 1724 4450; x_wconf 84' lang='lat' dir='ltr'><strong>Et</strong></span> <span class='ocrx_word' id='word_1_234' title='bbox 1742 4376 1865 4450; x_wconf 88' lang='lat' dir='ltr'><strong>subdit</strong></span> 
     </span>
     <span class='ocr_line' id='line_1_30' title="bbox 691 4495 1865 4594; baseline 0 -25"><span class='ocrx_word' id='word_1_235' title='bbox 691 4495 878 4592; x_wconf 86' lang='lat' dir='ltr'><strong>quomodo</strong></span> <span class='ocrx_word' id='word_1_236' title='bbox 904 4516 950 4571; x_wconf 83' lang='lat' dir='ltr'><strong>ex</strong></span> <span class='ocrx_word' id='word_1_237' title='bbox 975 4496 1046 4570; x_wconf 86' lang='lat' dir='ltr'><strong>hoc</strong></span> <span class='ocrx_word' id='word_1_238' title='bbox 1071 4495 1358 4594; x_wconf 86' lang='lat' dir='ltr'><strong>singularissime</strong></span> <span class='ocrx_word' id='word_1_239' title='bbox 1382 4498 1658 4573; x_wconf 82' lang='lat' dir='ltr'><strong>honoraverunt</strong></span> <span class='ocrx_word' id='word_1_240' title='bbox 1678 4516 1760 4572; x_wconf 87' lang='lat' dir='ltr'><strong>eam</strong></span> <span class='ocrx_word' id='word_1_241' title='bbox 1788 4495 1865 4572; x_wconf 89' lang='lat' dir='ltr'><strong>dei·</strong></span> 
     </span>
     <span class='ocr_line' id='line_1_31' title="bbox 691 4615 1866 4712; baseline 0.001 -20"><span class='ocrx_word' id='word_1_242' title='bbox 691 4623 803 4692; x_wconf 87' lang='lat' dir='ltr'><strong>tatem</strong></span> <span class='ocrx_word' id='word_1_243' title='bbox 829 4616 940 4692; x_wconf 90' lang='lat' dir='ltr'><strong>etiam</strong></span> <span class='ocrx_word' id='word_1_244' title='bbox 965 4616 1003 4691; x_wconf 92' lang='lat' dir='ltr'><strong>in</strong></span> <span class='ocrx_word' id='word_1_245' title='bbox 1029 4637 1186 4712; x_wconf 89' lang='lat' dir='ltr'><strong>persona</strong></span> <span class='ocrx_word' id='word_1_246' title='bbox 1213 4617 1339 4692; x_wconf 85' lang='lat' dir='ltr'><strong>matris</strong></span> <span class='ocrx_word' id='word_1_247' title='bbox 1359 4625 1396 4694; x_wconf 91' lang='lat' dir='ltr'><strong>et</strong></span> <span class='ocrx_word' id='word_1_248' title='bbox 1416 4617 1491 4711; x_wconf 89' lang='lat' dir='ltr'><strong>lilii,</strong></span> <span class='ocrx_word' id='word_1_249' title='bbox 1509 4617 1655 4695; x_wconf 90' lang='lat' dir='ltr'><strong>dicens:</strong></span> <span class='ocrx_word' id='word_1_250' title='bbox 1685 4615 1866 4711; x_wconf 66' lang='lat' dir='ltr'><strong>perutile</strong></span> 
     </span>
     <span class='ocr_line' id='line_1_32' title="bbox 688 4738 1866 4837; baseline -0.005 -20"><span class='ocrx_word' id='word_1_251' title='bbox 688 4741 953 4831; x_wconf 74' lang='lat' dir='ltr'><strong>penitentiale,</strong></span> <span class='ocrx_word' id='word_1_252' title='bbox 978 4738 1082 4833; x_wconf 88' lang='lat' dir='ltr'><strong>idest,</strong></span> <span class='ocrx_word' id='word_1_253' title='bbox 1107 4738 1248 4835; x_wconf 83' lang='lat' dir='ltr'><strong>antiqui</strong></span> <span class='ocrx_word' id='word_1_254' title='bbox 1274 4738 1438 4837; x_wconf 88' lang='lat' dir='ltr'><strong>gentiles,</strong></span> <span class='ocrx_word' id='word_1_255' title='bbox 1459 4745 1496 4815; x_wconf 92' lang='lat' dir='ltr'><strong>et</strong></span> <span class='ocrx_word' id='word_1_256' title='bbox 1524 4740 1643 4835; x_wconf 92' lang='lat' dir='ltr'><strong>primo</strong></span> <span class='ocrx_word' id='word_1_257' title='bbox 1669 4746 1707 4815; x_wconf 90' lang='lat' dir='ltr'><strong>et</strong></span> <span class='ocrx_word' id='word_1_258' title='bbox 1731 4738 1866 4835; x_wconf 88' lang='lat' dir='ltr'><strong>princi-</strong></span> 
     </span>
     <span class='ocr_line' id='line_1_33' title="bbox 691 4856 1861 4954; baseline 0.003 -23"><span class='ocrx_word' id='word_1_259' title='bbox 691 4857 820 4954; x_wconf 91' lang='lat' dir='ltr'><strong>paliter</strong></span> <span class='ocrx_word' id='word_1_260' title='bbox 845 4858 1018 4954; x_wconf 83' lang='lat' dir='ltr'><strong>cypriani,</strong></span> <span class='ocrx_word' id='word_1_261' title='bbox 1036 4856 1100 4953; x_wconf 86' lang='lat' dir='ltr'><strong>qui</strong></span> <span class='ocrx_word' id='word_1_262' title='bbox 1120 4860 1231 4935; x_wconf 90' lang='lat' dir='ltr'><strong>etiam</strong></span> <span class='ocrx_word' id='word_1_263' title='bbox 1252 4860 1429 4935; x_wconf 89' lang='lat' dir='ltr'><strong>hodierna</strong></span> <span class='ocrx_word' id='word_1_264' title='bbox 1454 4860 1512 4936; x_wconf 92' lang='lat' dir='ltr'><strong>die</strong></span> <span class='ocrx_word' id='word_1_265' title='bbox 1538 4860 1623 4938; x_wconf 88' lang='lat' dir='ltr'><strong>satis</strong></span> <span class='ocrx_word' id='word_1_266' title='bbox 1649 4860 1774 4935; x_wconf 87' lang='lat' dir='ltr'><strong>colunt</strong></span> <span class='ocrx_word' id='word_1_267' title='bbox 1790 4858 1861 4935; x_wconf 82' lang='lat' dir='ltr'><strong>Ve-</strong></span> 
     </span>
    </p>
   </div>
   <div class='ocr_carea' id='block_1_5' title="bbox 754 5119 983 5180">
    <p class='ocr_par' dir='ltr' id='par_1_5' title="bbox 754 5119 983 5180">
     <span class='ocr_line' id='line_1_34' title="bbox 754 5119 983 5180; baseline 0.009 -11"><span class='ocrx_word' id='word_1_268' title='bbox 754 5119 781 5180; x_wconf 66' lang='lat'><strong>(2)</strong></span> <span class='ocrx_word' id='word_1_269' title='bbox 798 5119 828 5169; x_wconf 86' lang='lat' dir='ltr'><strong>E.</strong></span> <span class='ocrx_word' id='word_1_270' title='bbox 846 5120 983 5171; x_wconf 78' lang='lat' dir='ltr'><strong>maiorum.</strong></span> 
     </span>
    </p>
   </div>
   <div class='ocr_carea' id='block_1_6' title="bbox 0 0 2292 6839">
    <p class='ocr_par' dir='ltr' id='par_1_6' title="bbox 0 0 2292 6839">
     <span class='ocr_line' id='line_1_35' title="bbox 0 0 2292 6839; baseline 0 0"><span class='ocrx_word' id='word_1_271' title='bbox 0 0 2292 6839; x_wconf 95' lang='lat' dir='ltr'><strong> </strong></span> 
     </span>
    </p>
   </div>
  </div>
 </body>
</html>
