4575 6842
725 911 863 967 esurus
887 914 1101 973 rnronsruus
1126 916 1269 973 narnus.
1510 904 1581 977 235

409 1058 446 1131 lo
471 1059 610 1150 capno,
634 1055 734 1149 quod
760 1055 887 1131 fierem
906 1057 997 1131 talis.
1011 1099 1061 1114 -
1076 1060 1150 1133 Poi.
1168 1060 1274 1134 Nunc
1293 1065 1402 1154 poeta
1425 1060 1584 1137 ostendit

409 1177 596 1272 quomodo
621 1183 703 1272 post
726 1176 861 1251 dictam
876 1171 913 1270 (¹)
941 1178 1099 1255 debitam
1119 1178 1382 1274 poenitudinem
1405 1180 1483 1275 ipse
1499 1181 1581 1257 lue

408 1298 455 1373 rit
481 1317 625 1372 mersus
650 1304 687 1373 et
713 1297 809 1371 lotus
834 1296 871 1370 in
897 1298 1058 1374 flumine.
1080 1298 1173 1373 Dicit
1197 1320 1288 1398 ergo
1313 1300 1580 1377 continuative:

318 1500 322 1507 ,
408 1421 487 1510 Pot,
500 1420 642 1511 wando
658 1420 763 1491 ilcor
787 1420 981 1493 rendemmi
1002 1414 1100 1493 oertb
1117 1422 1155 1492 dt
1167 1423 1279 1515 fuori,
1299 1420 1446 1514 scilicet,
1465 1421 1580 1495 sensi-

409 1538 533 1633 tivam,
560 1538 663 1632 quasi
688 1537 803 1612 dicat:
831 1544 1024 1633 postquam
1052 1538 1189 1614 virtute
1212 1539 1331 1614 cordis
1364 1541 1582 1635 recuperavi

409 1678 538 1735 sensus
564 1658 734 1753 perditae,
752 1658 839 1752 quia
860 1658 946 1732 nihil
972 1658 1074 1754 prius
1090 1660 1259 1735 videbam
1280 1661 1339 1735 vel
1366 1661 1580 1756 sentiebam,

410 1784 482 1857 uidi
509 1801 620 1873 sopra
641 1801 694 1853 nte
724 1783 760 1852 lo
788 1781 922 1874 donno,
949 1779 1095 1874 scilicet,
1122 1781 1317 1855 Mathildim
1345 1782 1581 1873 comitissam,

408 1903 507 1977 cb’io
532 1922 621 1975 aveo
646 1907 787 1975 bovata
810 1904 902 1993 sota,
930 1900 967 1975 in
993 1900 1143 1975 introitu
1177 1901 1279 1975 istius
1309 1902 1466 1997 paradisi
1493 1921 1582 1976 can-
1640 1985 1644 1994 ¹

408 2026 547 2099 mntem
575 2028 612 2094 et
637 2021 867 2118 colligentem
895 2022 1013 2115 ilores,
1042 2028 1083 2094 ut
1113 2042 1226 2116 supra
1251 2021 1385 2117 patuit;
1410 2044 1430 2095 c
1452 2025 1577 2096 disco:

408 2143 547 2235 demut,
565 2144 712 2215 dommi:
733 2160 798 2236 per
814 2141 885 2214 boc
901 2141 1148 2236 praesupponit
1162 2141 1262 2235 quod
1278 2140 1454 2217 blathildis
1470 2160 1579 2235 cepe-

410 2267 467 2337 rat
484 2279 572 2336 eum
591 2267 628 2335 et
649 2261 796 2335 trabeas
813 2260 850 2334 in
867 2280 1003 2354 aquam
1030 2259 1191 2335 dicebat:
1213 2268 1298 2335 tene
1316 2280 1388 2354 me,
1402 2268 1485 2335 tene
1504 2279 1574 2353 me,

411 2400 458 2455 ne
472 2380 662 2479 mergaris.
677 2381 720 2455 Et
733 2380 854 2455 subdit
872 2380 1022 2455 modum
1041 2381 1209 2455 trahendi
1226 2388 1265 2457 et
1281 2379 1390 2456 eundi
1405 2380 1499 2455 illius
1512 2381 1579 2455 do·

410 2500 533 2596 minae,
560 2501 699 2576 dicens:
718 2508 824 2574 trullo
849 2503 984 2575 m'aoeu
1008 2505 1066 2576 uel
1086 2504 1203 2595 ptume,
1223 2501 1358 2576 scilicet
1375 2502 1576 2594 Letbaeum,

411 2626 499 2717 infin
516 2625 855 2715 apolactiroudosi
869 2612 1135 2714 medeburun
1151 2626 1234 2715 pluo
1247 2644 1407 2696 sooresso
1420 2625 1573 2715 lacuna,
1705 2616 1709 2621 ’

410 2766 496 2820 cum
515 2743 645 2839 plantis
662 2743 712 2818 ita
729 2743 827 2837 quod
849 2763 921 2817 non
940 2743 1196 2841 mergebatur3
1214 2744 1314 2839 quod
1332 2743 1496 2818 declarat
1511 2761 1578 2836 per

409 2863 680 2939 similitudinem
694 2862 1045 2959 propriam,dicens:
1064 2868 1147 2937 liene
1162 2886 1260 2939 come
1274 2867 1388 2957 Q*
1405 2870 1460 2937 est
1477 2862 1576 2937 eninr
1647 2920 1652 2930 .

407 2985 516 3078 scola,
542 2990 652 3079 prout
678 2984 736 3058 bic
765 2984 952 3079 accipitur,
982 3004 1100 3081 genus
1127 2984 1260 3082 navigii
1290 2985 1454 3080 longum,
1479 2985 1573 3077 leve,

406 3110 533 3201 aptum
559 3103 606 3178 ad
632 3103 726 3179 bella
747 3104 901 3199 navalia,
920 3110 957 3179 et
975 3104 1054 3177 talis
1072 3104 1138 3177 init
1156 3105 1235 3179 lraec
1253 3103 1386 3178 mulier
1404 3105 1512 3198 longa
1522 3094 1573 3195 (²),

407 3224 508 3319 levis,
525 3230 609 3320 apta
628 3224 676 3299 ad
700 3225 807 3301 bella.
833 3224 877 3297 Et
902 3222 1072 3299 describit
1089 3223 1295 3298 orationem
1321 3243 1405 3318 quae
1429 3229 1575 3297 cantata

406 3344 474 3419 init
491 3344 527 3417 in
550 3345 617 3419 ista
635 3342 771 3419 lotione
787 3366 867 3437 sua,
881 3362 965 3437 quae
984 3344 1142 3417 multum
1160 3342 1333 3438 competit
1352 3342 1515 3417 materiae
1526 3332 1577 3435 (⁸),

405 3464 547 3541 dicens:
575 3468 717 3557 mondo
739 3467 793 3559 ful
812 3484 938 3557 presso
959 3466 1032 3537 allo
1057 3464 1158 3536 beata
1174 3467 1268 3556 mou,
1291 3462 1439 3556 scilicet,
1456 3462 1503 3537 ad
1523 3463 1579 3538 al-

406 3591 524 3660 teram
550 3585 680 3681 ripam,
708 3584 769 3659 ubi
802 3592 882 3659 erat
914 3590 989 3658 tota
1025 3582 1152 3657 militia
1185 3589 1311 3657 sancta
1344 3603 1429 3656 cum
1461 3603 1575 3656 curru

406 3726 517 3800 super
542 3727 617 3800 quo
642 3712 722 3780 erat
746 3704 907 3798 Beatrix,
932 3706 1053 3796 udtsm,
1072 3702 1176 3795 idest,
1204 3702 1372 3777 auditum
1396 3702 1463 3776 tuit
1488 3723 1577 3777 can·

407 3826 477 3901 tari
502 3825 549 3900 ab
574 3825 711 3922 augelis
738 3830 774 3899 et
799 3823 925 3916 beatis,
946 3824 1009 3917 qui
1026 3830 1133 3897 erant
1150 3822 1210 3915 ibi,
1228 3821 1316 3896 illud
1334 3822 1473 3896 dictum
1492 3842 1579 3917 pro-

406 3947 538 4043 pbetae,
551 3946 706 4021 scilicet:
721 3952 894 4038 Aspcrpes
907 3964 974 4034 me,
982 3946 1142 4035 Domine,
1153 3945 1302 4034 lyssopo
1314 3950 1349 4015 et
1363 3944 1572 4035 mundabor,

407 4067 542 4143 lavabis
567 4086 621 4139 mc
644 4072 678 4139 et
699 4085 805 4157 super
835 4066 949 4137 nivem
975 4062 1179 4155 dealbabor,
1209 4082 1293 4155 quae
1319 4061 1432 4135 verba
1458 4083 1577 4155 quan·

407 4193 488 4264 tum
513 4186 730 4262 conveniant
757 4206 854 4259 nunc
880 4191 1006 4259 nostro
1031 4188 1150 4278 poetae
1175 4181 1211 4255 in
1236 4182 1305 4256 isto
1317 4170 1354 4275 (⁸)
1371 4202 1472 4278 casu,
1490 4182 1574 4278 qui-

407 4306 493 4381 libet
518 4307 644 4381 videre
669 4312 797 4401 potest.
825 4306 868 4379 Et
892 4304 995 4379 dicit:
1021 4296 1051 4378 sl
1076 4305 1295 4394 dotcementc,
1313 4302 1399 4396 quia
1419 4302 1478 4377 illa
1497 4310 1578 4377 erat

408 4446 481 4501 vox
506 4426 627 4501 divina
653 4447 724 4501 non
752 4427 926 4519 bumana,
952 4428 1050 4499 ct'to
1076 4427 1138 4497 nol
1159 4445 1201 4497 so
1232 4423 1457 4514 nmeudrar,
1484 4423 1575 4498 idest

408 4546 604 4640 recordari,
629 4566 701 4620 uon
725 4548 776 4619 cb'
789 4550 824 4621 io
849 4547 883 4619 lo
908 4547 1039 4634 senon,
1067 4543 1170 4636 idest,
1188 4542 1324 4616 nedum
1352 4542 1453 4635 quod
1477 4564 1576 4617 nunc

407 4666 611 4743 describam
638 4687 810 4742 reversus
834 4665 881 4741 ad
908 4671 1045 4739 terram
1072 4672 1247 4737 nostram.
1262 4702 1311 4717 -
1325 4666 1375 4735 La
1395 4664 1494 4736 bello.
1512 4662 1579 4737 llic

470 4902 497 4963 ι’)
514 4901 545 4951 Ε.
561 4900 648 4951 datam
664 4898 785 4949 (labium.

469 4977 498 5041 (¹)
515 4980 545 5029 E.
562 4978 661 5029 scilicet
676 4976 752 5041 longa
767 4982 795 5027 et
810 4978 872 5028 levis
887 4979 915 5026 ct
929 4979 988 5037 apta
1005 4973 1036 5023 ad
1053 4972 1211 5023 bellandum.
1228 4972 1270 5025 nt

471 5056 497 5121 (¹)
515 5060 569 5116 ¹¹⁷2
585 5054 633 5117 ibt!
647 5054 772 5105 manda.
960 5050 987 5113 (Ἴ
1003 5049 1033 5101 lb
1049 5051 1075 5101 in
1091 5050 1142 5101 boc
1158 5064 1228 5101 casm
