4575 6842
850 994 992 1049 caurus
1015 992 1160 1047 sexsus.
1521 979 1589 1045 ton

419 1150 529 1220 autor
554 1144 613 1219 hio
637 1143 732 1238 lacit,
757 1141 822 1219 sed
846 1140 923 1237 ipse
948 1138 1087 1233 ubique
1111 1139 1222 1214 habet
1247 1138 1352 1213 istam
1381 1138 1592 1235 opinionem

419 1264 593 1361 quioquid
617 1264 673 1339 sit.
700 1263 804 1339 Unde
823 1261 926 1337 dicit:
948 1257 1011 1335 cte*
1024 1263 1062 1334 la
1081 1262 1162 1332 mon
1182 1262 1357 1353 pimtizio,
1374 1260 1519 1355 scilicet,
1538 1260 1594 1335 di-

421 1386 516 1475 vina‚
542 1387 602 1459 ete
626 1387 675 1459 nri
697 1387 811 1477 spiret
839 1381 942 1474 idest,
969 1379 1121 1475 inspirat
1144 1378 1234 1453 milti
1262 1382 1356 1455 hane
1385 1382 1593 1475 veritatem,

421 1510 472 1599 pli
486 1508 690 1595 eoncedette,
706 1507 744 1577 in
760 1522 881 1594 mono,
893 1500 987 1576 idest
1003 1500 1041 1575 in
1055 1504 1244 1595 potestate,
1263 1520 1287 1572 a
1304 1503 1383 1591 puel
1396 1503 1487 1574 elr’io
1502 1504 1595 1594 diro,

422 1625 558 1702 seilicet
582 1624 738 1718 Tiberio,
763 1625 883 1715 plote
906 1624 945 1696 di
965 1624 1029 1715 sar
1053 1622 1212 1695 omdetto
1230 1616 1305 1694 olio
1324 1641 1390 1694 suo
1409 1624 1490 1716 ira;
1508 1622 1594 1717 quia

422 1746 545 1822 divina
569 1743 711 1843 justitia
740 1742 954 1837 requirebat
986 1747 1027 1816 ut
1056 1740 1215 1815 vindicta
1249 1739 1355 1816 lieret
1385 1741 1431 1817 de
1464 1742 1597 1818 iniuria

424 1866 533 1963 primi
557 1864 729 1963 parentis,
747 1884 815 1959 pro
835 1883 909 1957 qua
935 1862 1033 1937 Deus
1059 1867 1139 1937 erat
1160 1860 1276 1935 iratus
1299 1860 1394 1936 sicut
1418 1862 1597 1957 probatur

424 1986 584 2084 capitulo
603 1984 782 2081 sequenti.
797 1984 842 2057 Et
853 1982 1028 2057 admonet
1043 1986 1214 2057 autorem
1233 1980 1332 2075 quod
1351 1982 1446 2057 bene
1463 1982 1598 2058 adrer-

426 2113 478 2183 tat
502 2108 548 2182 ad
574 2128 693 2181 unum
714 2104 813 2200 quod
839 2103 963 2179 dioere
983 2100 1147 2195 intendit,
1164 2101 1300 2177 seilicet
1320 2102 1420 2197 quod
1438 2103 1595 2180 vindicta

425 2229 520 2304 iacta
537 2235 593 2303 est
608 2227 656 2302 de
671 2224 849 2317 vindicta3
875 2222 974 2319 qnod
999 2222 1137 2297 dietum
1159 2221 1304 2297 videtur
1322 2222 1489 2299 mirabile
1509 2225 1597 2320 quia

426 2348 572 2426 videtur
610 2346 798 2441 implicare
835 2341 1171 2419 ooutradictionem.
1199 2342 1292 2417 Dicit
1316 2363 1431 2441 ergo:
1462 2366 1507 2417 or
1541 2348 1601 2437 poi

427 2471 614 2543 t’antmiro
628 2470 668 2540 io
683 2459 738 2539 eid
761 2469 812 2539 cd’
824 2468 861 2539 io
885 2466 1070 2557 trepton,
1090 2463 1190 2559 quia,
1208 2463 1354 2559 seilicet,
1373 2465 1595 2540 vocabulum

427 2588 542 2664 semel
559 2586 719 2682 positum
736 2584 868 2680 repetit
883 2583 948 2659 bis.
966 2584 1011 2657 Et
1025 2582 1148 2657 subdit
1165 2583 1465 2680 gloriosissimam
1484 2584 1600 2660 victo·

428 2708 523 2783 riam
544 2727 657 2801 quam
676 2706 741 2781 ista
759 2704 882 2800 aquila
900 2704 1030 2780 victrix
1055 2710 1093 2779 et
1118 2704 1378 2801 triumphatrix
1404 2706 1532 2781 habuit
1554 2707 1602 2782 de

314 2874 318 2879 ‚
426 2828 574 2925 judaeis3
603 2826 700 2902 unde
723 2824 828 2901 dicit:
851 2827 974 2917 porcio
998 2845 1111 2916 oorse,
1128 2824 1217 2899 illud
1242 2824 1402 2922 signum,
1426 2847 1493 2901 con
1514 2830 1603 2919 lito,

429 2947 494 3043 qui
518 2946 587 3021 luit
605 2945 823 3023 undecimus
842 2944 1043 3038 imperator
1062 2944 1271 3039 Vespasiani
1294 2944 1388 3020 lilius
1407 2946 1508 3021 omni
1529 2946 1605 3023 vir-

430 3073 510 3143 tuto
534 3066 731 3162 refulgens,
749 3064 813 3159 qui
833 3063 1029 3159 imperavit
1052 3084 1139 3138 oum
1159 3070 1264 3161 patre
1284 3072 1418 3160 etpost
1442 3072 1601 3162 patrem,

430 3188 495 3283 qui
519 3186 652 3262 dicitur
682 3184 810 3260 iecisse
838 3183 1037 3259 vindictam
1068 3183 1115 3259 de
1143 3190 1266 3261 morte
1295 3186 1425 3261 Christi
1456 3186 1605 3282 quando

430 3307 561 3384 evertit
587 3306 790 3382 Jerusalem
826 3326 913 3379 cum
944 3310 1046 3379 tanto
1079 3305 1222 3380 excidio
1249 3306 1473 3403 jndeorum.
1505 3308 1606 3382 lstud

430 3435 557 3504 autem
582 3427 692 3503 donet
716 3425 865 3522 intelligi
886 3445 987 3519 sane,
1008 3425 1145 3501 seilicet
1171 3426 1269 3521 quod
1290 3428 1392 3523 justo
1413 3429 1552 3524 judicio
1564 3424 1602 3523 (¹)

432 3547 498 3623 Dei
531 3547 632 3621 'litus
666 3545 751 3622 lecit
785 3545 981 3620 vindictam
1011 3545 1060 3619 de
1096 3546 1254 3641 peecatis
1280 3548 1505 3644 judaeorum,
1533 3560 1616 3624 non'

433 3674 558 3743 tamen
591 3688 638 3743 ea
670 3665 882 3759 intentione,
913 3684 998 3740 eum
1034 3665 1146 3741 luerit
1180 3686 1356 3763 paganus,
1387 3667 1482 3743 siout
1513 3669 1609 3745 bene

434 3786 640 3883 expositum
674 3794 730 3863 est
762 3786 799 3860 in
837 3786 1081 3881 Purgatori03
1107 3784 1207 3861 unde
1236 3786 1343 3862 dicit:
1374 3809 1399 3862 α
1427 3793 1492 3885 sor
1524 3812 1609 3864 oen-

434 3911 529 3983 detta
544 3910 637 3982 della
659 3908 818 3981 omdeoa
832 3908 891 3980 del
908 3912 1053 3997 peceato
1077 3908 1207 3996 anteo,
1238 3907 1344 4002 primi
1373 3910 1541 4004 parentis.
1556 3949 1607 3965 -

435 4034 469 4103 E
482 4030 635 4120 quondo.
650 4027 716 4101 llio
733 4026 864 4101 ultimo
880 4024 1106 4101 iustinianus
1121 4025 1159 4100 in
1178 4029 1390 4104 narratione
1407 4050 1474 4104 sua
1492 4031 1611 4127 tangit

435 4148 535 4224 aliud
557 4156 704 4246 gestum
730 4146 872 4243 insigne
896 4146 999 4221 istius
1022 4146 1115 4243 signi
1139 4146 1322 4223 victoriosi
1348 4147 1386 4222 in
1408 4170 1519 4225 manu
1539 4152 1610 4228 Ca-

436 4268 505 4343 roli
530 4269 667 4367 magni,
685 4277 723 4345 et
741 4273 867 4345 servat
891 4266 1072 4362 optimum
1097 4267 1277 4362 ordinem,
1299 4268 1385 4364 quia
1412 4270 1506 4346 siout
1532 4272 1609 4369 ipse

437 4387 661 4463 Justinianus
686 4388 854 4464 liberarit
878 4388 1017 4463 ltaliam
1044 4388 1091 4463 de
1121 4389 1292 4463 manibus
1321 4392 1520 4487 gothorum
1545 4395 1610 4488 qui

437 4506 497 4581 diu
525 4512 782 4602 oppresserant
806 4527 903 4601 eam,
928 4506 979 4583 ita
1013 4508 1166 4582 Carolus
1197 4507 1365 4585 liberavit
1393 4511 1533 4587 ltaliam
1565 4514 1612 4590 de

437 4626 608 4703 manibus
632 4625 945 4723 longobardorum
976 4628 1040 4721 qui
1069 4626 1207 4701 diutius
1231 4638 1489 4723 oppresserant
1514 4652 1610 4709 eam.

437 4745 492 4821 dd
524 4737 849 4844 intelligendami‘l
885 4746 996 4843 igitur
1027 4746 1172 4824 literam
1199 4754 1254 4825 ost
1285 4750 1487 4847 sciendum,
1513 4753 1612 4847 quod

439 4867 535 4943 siout
558 4865 683 4943 scribit
706 4866 910 4964 lginardus
935 4866 1095 4941 nutritus
1123 4890 1147 4943 a
1181 4870 1324 4965 Carolo,
1356 4871 1431 4966 qui,
1464 4878 1507 4946 ut
1538 4872 1615 4969 ipse

480 5074 483 5081 ·
503 5052 531 5114 (⁸)
547 5052 577 5104 B.
594 5052 692 5117 jndicio
707 5052 809 5103 deitatis
824 5052 887 5103 feeit
902 5053 1040 5104 vindictam
1058 5053 1091 5105 de
1106 5058 1222 5117 morato.

502 5124 534 5193 θ)
547 5129 580 5181 tt
596 5128 639 5181 nt
653 5129 850 5194 intefflmtlam
864 5131 946 5195 tgttm
960 5129 1044 5182 litere
1058 5135 1100 5181 est
1113 5131 1256 5184 mudum.
