4575 6842
729 970 779 1036 08
1086 977 1291 1035 coneum
1315 981 1537 1036 eunosuonu

727 1131 876 1220 propter
901 1123 1148 1218 colloquium3
1171 1130 1212 1198 et
1242 1143 1265 1199 e
1295 1144 1473 1199 converso
1504 1123 1755 1218 colloquentes
1786 1121 1895 1196 simul

728 1265 824 1340 saepe
849 1245 967 1320 solent
986 1242 1170 1320 dimittere
1186 1245 1245 1319 vel
1263 1243 1410 1320 tardere
1426 1241 1649 1338 colloquium
1667 1248 1816 1337 propter
1831 1262 1895 1317 ac-

726 1365 892 1440 celerare
911 1364 1000 1459 iter3
1016 1363 1063 1440 ud
1080 1361 1306 1459 propositum
1325 1384 1416 1440 vcro
1430 1367 1539 1460 poete
1558 1362 1638 1437 vult
1653 1361 1778 1438 dcere
1797 1360 1896 1456 quod

727 1485 786 1562 hic
806 1491 1008 1579 utrumque
1023 1477 1059 1576 (¹)
1079 1483 1270 1577 luciehunt,
1287 1489 1326 1558 el
1341 1484 1449 1560 bene.
1464 1482 1556 1560 Dicit
1572 1503 1683 1578 ergo:
1711 1478 1765 1556 Ne*
1778 1485 1806 1557 il
1821 1485 1893 1574 dir,

726 1604 829 1698 idest,
856 1611 985 1680 mutua
1011 1603 1156 1680 collatio
1179 1604 1374 1679 amborum
1391 1595 1443 1697 (¹),
1463 1608 1567 1698 socco
1590 1597 1652 1696 pet
1675 1605 1767 1678 kalo
1791 1605 1896 1676 tou-

725 1727 811 1815 dm,
833 1731 1011 1819 nostrum,
1034 1719 1080 1798 nd
1094 1725 1119 1797 l’
1125 1726 1246 1798 codor
1258 1727 1364 1818 succo
1376 1718 1439 1816 pist
1453 1726 1546 1796 kalo
1560 1725 1623 1814 dci,
1647 1721 1752 1816 idest,
1769 1721 1890 1817 ipsum

725 1843 837 1938 loqui,
864 1863 924 1916 mo
947 1845 1173 1935 ropiomudo
1197 1846 1378 1918 oodooom
1403 1846 1509 1937 soro,
1538 1863 1562 1918 a
1591 1841 1710 1937 simili,
1740 1834 1893 1918 sicone

725 1983 815 2036 nove
827 1967 928 2056 pluto
945 1967 993 2038 do
1012 1965 1103 2038 boon
1123 1971 1233 2038 vento.
1254 1965 1300 2038 Et
1315 1971 1371 2039 est
1390 1962 1537 2059 propriu
1556 1962 1771 2038 similitudo:
1790 1963 1892 2037 navis

577 2085 585 2096 ’
726 2083 824 2158 cuim
850 2083 1001 2156 istorum
1030 2083 1118 2158 levis
1142 2083 1400 2178 impellebatur
1423 2104 1446 2158 a
1471 2083 1569 2157 bono
1593 2082 1733 2179 spiritu,
1750 2088 1790 2158 et
1812 2089 1893 2158 ten·

725 2203 834 2282 debat
857 2203 904 2278 ed
923 2203 1062 2280 bonum
1084 2211 1232 2298 pontum
1250 2224 1337 2280 cum
1358 2204 1454 2278 bone
1472 2203 1702 2296 confidentia,
1719 2201 1806 2298 quia
1826 2204 1892 2278 ha·

724 2324 835 2400 hebet
858 2324 951 2398 duos
976 2323 1110 2420 peritos
1142 2330 1326 2419 patronos,
1355 2324 1503 2419 scilicet,
1524 2323 1716 2421 Virgilium
1747 2330 1787 2400 et
1813 2323 1896 2398 Stu-

724 2445 829 2538 tium,
847 2445 911 2539 qui
928 2445 1022 2520 bene
1048 2445 1209 2520 sciebant
1227 2445 1343 2522 vitane
1361 2446 1530 2540 scopulos
1546 2451 1585 2522 et
1603 2451 1731 2522 lenem
1747 2452 1894 2522 rectum

724 2565 804 2642 iter.
831 2566 875 2640 Et
898 2564 1019 2640 subdit
1044 2564 1313 2660 dispositionem
1338 2564 1485 2640 illarum
1509 2565 1731 2660 animarum,
1750 2565 1890 2640 dicens:

724 2707 744 2758 e
768 2686 922 2760 lomere
946 2687 1006 2758 clte
1026 2705 1169 2779 parcan
1192 2705 1271 2758 cose
1293 2689 1453 2776 morte,
1477 2685 1515 2760 in
1539 2685 1638 2762 sume
1668 2693 1706 2761 et
1737 2685 1807 2778 siti,
1825 2706 1894 2776 per

725 2810 756 2880 le
777 2811 871 2901 fosse
890 2808 983 2898 decli
1001 2808 1109 2896 ocelli,
1136 2812 1178 2879 ut
1201 2805 1340 2881 dictum
1358 2813 1414 2882 eet
1430 2805 1468 2880 in
1484 2806 1643 2901 mpttmo
1659 2805 1892 2901 procedenti,

725 2933 851 3001 docco
874 2928 1110 3000 ommuoziou
1134 2929 1173 3000 di
1196 2945 1264 3016 me,
1292 2925 1373 3020 illm,
1399 2925 1493 3020 dico,
1518 2934 1656 3000 ccoorte
1679 2929 1718 3000 di
1741 2930 1812 3000 mio
1837 2929 1890 2998 oi·

725 3067 829 3120 vere.-
857 3067 924 3141 per
957 3046 1128 3120 umbram
1155 3045 1319 3142 corporis
1343 3051 1512 3141 poterent
1536 3047 1594 3121 isti
1626 3046 1764 3140 mirari,
1787 3045 1892 3140 quod

722 3165 857 3242 nantes
882 3172 962 3241 erat
987 3166 1103 3260 vivus,
1131 3172 1302 3242 necerat
1329 3185 1454 3241 macer
1477 3166 1572 3240 sicut
1588 3165 1668 3262 ipsi,
1687 3165 1770 3242 licet
1794 3173 1891 3241 esset

725 3307 850 3387 macen
875 3306 940 3381 per
966 3291 1136 3362 naturam
1163 3291 1202 3362 et
1226 3285 1411 3379 studium;
1428 3307 1497 3362 uec
1513 3293 1594 3362 emt
1615 3285 1782 3362 ebriosus
1798 3287 1894 3361 sicut

723 3405 782 3480 isti
808 3406 964 3498 luerent,
982 3405 1057 3478 imo
1076 3405 1181 3480 valde
1205 3405 1361 3482 sobrius
1374 3411 1539 3482 -Etio
1562 3407 1629 3483 llic
1643 3413 1752 3504 poete
1768 3414 1893 3484 osten·

723 3526 776 3600 dit
802 3526 987 3620 quomodo
1004 3525 1221 3620 processerit
1235 3525 1274 3600 in
1293 3545 1465 3602 sermone
1480 3527 1667 3621 iochoutm
1685 3527 1773 3622 quia
1788 3527 1886 3602 enim

722 3646 763 3719 iu
787 3646 859 3721 line
885 3645 1120 3740 precedentis
1145 3645 1292 3741 capituli
1318 3647 1501 3740 loquendo
1516 3667 1606 3721 cum
1622 3647 1770 3724 Foresio
1785 3647 1889 3723 dixe·

723 3773 781 3843 nat
801 3767 899 3861 quod
924 3767 1048 3842 anime
1064 3766 1167 3843 Statii
1184 3767 1417 3844 recedebam
1437 3788 1554 3864 reguo
1569 3768 1786 3865 purgatorie
1803 3769 1887 3844 ideo

724 3907 823 3964 nunc
848 3888 1001 3964 rellectit
1025 3907 1066 3962 sc
1089 3888 1136 3962 ad
1161 3888 1250 3963 illud
1273 3888 1418 3964 dictum
1446 3895 1485 3963 et
1511 3888 1616 3964 dicit:
1645 3893 1691 3963 uc
1719 3893 1756 3964 io
1779 3894 1888 3964 osne

722 4010 866 4082 macodo
890 4011 917 4081 il
940 4011 1009 4082 mco
1029 4029 1202 4099 sumone,
1219 4010 1317 4096 dissi,
1342 4007 1509 4084 Foreslo:
1532 4011 1613 4100 ello,
1631 4009 1778 4104 scilicet,
1806 4031 1892 4084 um-

722 4127 790 4204 bra
822 4127 935 4222 Statii,
966 4149 1028 4204 scu
1062 4149 1108 4202 vo
1145 4149 1200 4219 su,
1229 4148 1359 4204 versus
1382 4128 1533 4223 colum,
1558 4133 1658 4222 sorec
1681 4127 1744 4227 piu
1768 4133 1887 4222 toda,

722 4248 867 4341 scilicet,
893 4255 1042 4343 propter
1069 4268 1129 4324 me
1154 4255 1192 4323 et
1222 4249 1425 4343 Vitgilium,
1457 4249 1495 4325 in
1524 4271 1686 4345 quorum
1717 4250 1891 4326 societate

722 4371 801 4446 vult
826 4389 907 4444 esse
939 4389 1058 4463 usque
1089 4369 1135 4444 ad
1161 4389 1352 4444 summum
1385 4370 1530 4464 montis,
1559 4372 1620 4444 cte
1648 4391 1722 4445 nou
1747 4370 1891 4464 [orello

718 4511 785 4584 per
810 4492 952 4564 saltui
976 4491 1135 4580 capione,
1156 4488 1245 4583 quia
1268 4489 1387 4585 gretie
1412 4490 1564 4567 alienius
1580 4511 1654 4566 non
1672 4489 1891 4566 rearmsset

722 4611 851 4686 sinon
876 4610 1096 4686 occurrisset
1122 4609 1226 4684 nobis
1256 4610 1296 4684 in
1325 4609 1397 4706 vie,
1430 4610 1506 4686 imo
1531 4611 1610 4705 jum
1642 4609 1821 4686 evolasset
1853 4609 1892 4684 in

722 4733 879 4808 coelum:
905 4737 943 4807 et
965 4731 1016 4808 sic
1033 4730 1115 4806 vide
1132 4731 1232 4825 quod
1249 4751 1362 4808 verus
1377 4731 1520 4807 amicus
1535 4731 1718 4827 postponit
1732 4730 1779 4806 ud
1795 4738 1891 4805 tem-

724 4871 793 4948 pus
806 4851 995 4948 proprium
1009 4851 1247 4926 commodum
1260 4873 1328 4946 pro
1344 4852 1477 4946 amico,
1496 4858 1541 4926 ut
1557 4851 1643 4927 dicit
1658 4850 1892 4948 philosophus

786 5112 814 5177 (¹)
832 5117 885 5174 lli,
902 5119 1044 5179 utrumque
1059 5113 1139 5166 dmul
1152 5113 1289 5166 imi.
1389 5111 1418 5175 ι’)
1435 5116 1488 5175 ill,
1504 5114 1656 5168 mrtem
