4575 6842
728 915 800 981 256
1090 928 1296 984 cannarum
1320 930 1538 985 runenaanu

727 1072 826 1148 coelis
853 1078 938 1147 sunt
971 1079 1110 1170 septem
1137 1075 1251 1149 stellae
1280 1076 1454 1168 lucentes,
1481 1082 1522 1149 ut
1550 1074 1636 1149 alibi
1660 1076 1798 1149 dietum
1832 1083 1897 1170 est,

726 1197 757 1268 le
778 1198 906 1288 sacena
930 1195 1084 1268 claustro
1109 1196 1149 1267 di
1173 1217 1211 1268 se
1234 1198 1272 1269 la
1296 1199 1444 1287 serebia,
1471 1196 1557 1288 quia
1587 1196 1625 1269 in
1656 1196 1808 1271 modum
1835 1216 1899 1270 ea-

727 1335 827 1389 ronae
859 1314 1147 1389 circumstabant
1178 1322 1216 1389 et
1249 1314 1468 1389 claudebant
1501 1336 1603 1409 eam3
1633 1321 1671 1391 et
1703 1316 1799 1410 dicit,
1833 1336 1900 1389 cua

726 1439 804 1527 puel
829 1438 913 1508 lumi
935 1438 972 1507 ln
990 1454 1109 1523 mano,
1128 1434 1230 1528 idest,
1250 1454 1336 1508 eum
1357 1434 1425 1508 illis
1442 1442 1580 1529 septem
1607 1435 1851 1509 luminaribus
1861 1428 1898 1527 (¹)

726 1575 811 1651 quae
836 1555 1060 1649 reliquerant
1084 1554 1134 1628 ibi
1160 1554 1197 1627 in
1222 1575 1310 1629 aere
1335 1556 1395 1630 illa
1419 1562 1560 1650 septem
1591 1556 1810 1631 candelabra
1836 1577 1898 1630 ar-

726 1676 860 1770 dentia,
886 1696 969 1770 quae
1002 1681 1087 1749 sunt
1120 1681 1258 1769 septem
1293 1677 1388 1751 dona
1413 1676 1568 1771 Spiritus
1592 1676 1718 1770 sanati,
1750 1679 1811 1749 ele
1833 1696 1898 1749 sorr

726 1800 835 1871 sirari
857 1798 1061 1890 d'Aqrrilone
1086 1816 1105 1867 e
1128 1798 1308 1889 d'Aaslm,
1338 1797 1518 1891 quianon
1544 1796 1812 1892 extinguuntur
1831 1794 1898 1869 ali-

727 1939 802 2013 que
828 1922 948 2010 ventu,
974 1916 1061 2010 quia
1087 1936 1160 1988 n0n
1186 1937 1208 1990 a
1234 1916 1348 1991 borea
1374 1916 1432 1991 vel
1457 1924 1595 2011 austra,
1622 1916 1792 2012 quisunt
1818 1936 1899 1989 ma·

725 2038 780 2133 gis
805 2034 951 2110 violenti
979 2056 1091 2130 quam
1121 2036 1305 2132 zephyrus
1323 2037 1381 2111 vel
1406 2056 1532 2111 eurus.
1553 2036 1681 2111 Solum
1708 2036 1806 2110 enim
1833 2054 1898 2111 ve-

726 2157 802 2230 lum
830 2158 947 2252 eulpae
973 2176 1045 2230 n0n
1075 2154 1158 2231 sinit
1187 2156 1245 2229 illa
1279 2156 1405 2230 lucere
1436 2157 1551 2229 oeulis
1586 2154 1730 2249 nostris,
1757 2160 1799 2228 ut
1818 2156 1896 2251 jam

725 2277 854 2372 patuit.

803 2400 870 2487 Oai
880 2400 992 2470 sarai.
1006 2398 1076 2471 Ista
1088 2404 1143 2471 est
1156 2403 1287 2492 quarta
1301 2402 1339 2471 et
1351 2396 1480 2470 ultima
1493 2417 1578 2492 pars
1591 2389 1629 2489 (²)
1644 2398 1752 2471 buius
1768 2396 1903 2492 penul-.

725 2519 803 2592 tim'i
829 2516 987 2612 capituli,
1017 2516 1053 2588 in
1079 2538 1154 2610 qua
1180 2522 1286 2610 poeta
1313 2516 1483 2590 describit
1508 2538 1679 2613 magnam
1705 2517 1929 2591 desolatis·

725 2658 824 2733 nem,
842 2658 926 2733 quae
943 2636 1043 2711 venit
1066 2656 1179 2731 super
1195 2655 1350 2710 currum
1371 2635 1643 2730 triumphalem,
1661 2656 1773 2730 quem
1794 2634 1897 2709 Cbri-

726 2765 803 2835 stus
833 2759 1009 2854 ligaverat
1042 2756 1089 2832 ad
1122 2756 1306 2831 arborem.
1337 2756 1381 2829 Et
1410 2756 1529 2851 primo
1560 2756 1660 2851 punit
1692 2757 1895 2831 orationem

725 2878 899 2955 Beatrieis
923 2878 969 2952 ad
999 2899 1039 2953 se
1069 2898 1181 2972 qrrem
1198 2868 1234 2971 (³)
1261 2876 1390 2951 invitat
1418 2877 1464 2950 ad
1497 2877 1694 2951 videndum
1728 2876 1896 2972 quaedam

725 2999 900 3075 terribilia
913 2997 1109 3094 affligentia
1124 3003 1161 3072 et
1174 2998 1343 3072 venantia
1362 2997 1608 3093 multipliciter
1621 3018 1787 3072 currum.
1806 2996 1898 3071 llicit

725 3141 817 3217 erga
841 3119 987 3194 Beatrix
1013 3119 1148 3193 faciens
1173 3124 1318 3213 poetam
1341 3118 1561 3193 benevolum
1588 3124 1625 3193 et
1648 3123 1831 3193 attentum
1848 3117 1895 3193 ad

725 3240 896 3316 dicenda:
923 3244 972 3311 'lb
989 3242 1092 3312 sarai
1102 3259 1195 3331 poco
1212 3245 1324 3330 tempo
1343 3241 1480 3312 silvam
1504 3241 1576 3329 pai,
1593 3238 1696 3334 idest,
1714 3240 1897 3314 habitator

616 3375 618 3381 ·
726 3361 829 3435 istius
853 3360 965 3455 sylvae
997 3357 1181 3452 (letitiam,
1213 3357 1299 3450 quia
1328 3378 1411 3431 cras
1440 3378 1586 3432 mecum
1619 3359 1691 3431 eris
1715 3358 1750 3431 in
1777 3359 1896 3450 coela;

726 3480 825 3555 unde
849 3478 954 3554 dicit:
981 3500 1000 3551 e
1023 3481 1125 3551 sarai
1148 3499 1256 3571 mera,
1274 3479 1311 3551 in
1336 3485 1474 3552 aeterna
1501 3479 1585 3573 vita,
1606 3500 1714 3553 senza
1735 3482 1806 3571 fine
1824 3483 1897 3553 cive

725 3604 764 3676 di
788 3603 901 3693 puella
926 3604 1052 3689 Roma,
1071 3599 1173 3693 idest,
1192 3618 1362 3693 supernae
1380 3599 1519 3693 patria,
1536 3602 1627 3672 made
1655 3603 1765 3673 Crista
1789 3596 1810 3673 e*
1832 3620 1896 3672 re-

707 3743 846 3811 mano,
873 3721 959 3814 quia
986 3727 1040 3795 est
1064 3712 1265 3814 imperator
1288 3720 1383 3793 illius
1399 3720 1524 3793 curiae.
1547 3722 1591 3793 Et
1607 3729 1693 3794 nota
1714 3719 1813 3813 quod
1829 3739 1897 3814 po·

725 3844 798 3916 tius
818 3840 902 3917 lacit
918 3840 1143 3915 mentionem
1170 3840 1217 3915 de
1241 3841 1358 3914 Roma
1384 3861 1497 3934 quam
1524 3841 1570 3914 de
1595 3841 1798 3915 Jerusalem
1826 3840 1895 3931 bie,

726 3963 813 4058 quia
837 3962 954 4036 Roma
981 3961 1016 4034 in
1042 3967 1210 4054 tempore
1236 3960 1363 4056 gratiae
1389 3959 1456 4032 luit
1481 3959 1598 4054 patria
1623 3960 1725 4033 istius
1749 3980 1895 4051 currus,

726 4084 831 4159 sedes
856 4080 1078 4177 pontificum,
1105 4086 1205 4155 terra
1232 4080 1309 4155 lere
1335 4085 1411 4153 tota
1438 4079 1583 4153 madida
1600 4080 1779 4176 sanguine
1796 4099 1897 4153 mar-

726 4210 864 4301 tyrum,
885 4207 922 4276 et
942 4200 1029 4295 quia
1051 4200 1173 4274 statim
1190 4200 1306 4295 tangit
1323 4200 1596 4293 persecutiones
1614 4219 1707 4294 quas
1731 4200 1897 4273 lecerunt

624 4346 671 4441 s
726 4322 870 4399 romani
896 4322 1134 4417 imperatores
1160 4325 1288 4395 contra
1313 4320 1423 4393 istum
1451 4340 1617 4394 currum.
1641 4321 1758 4395 Rama
1785 4319 1894 4394 etiam

726 4445 795 4519 luit
818 4443 934 4539 patria
959 4442 1147 4537 libertatis,
1175 4442 1274 4515 unde
1298 4440 1418 4515 omnis
1444 4440 1534 4514 liber
1556 4442 1668 4515 bomo
1692 4439 1897 4535 appellatur

697 4584 698 4589 ‘
727 4566 815 4641 civis
840 4584 1016 4639 romanus
1042 4563 1078 4636 in
1099 4563 1188 4659 jure
1213 4560 1325 4654 civili3
1352 4562 1432 4635 vult
1459 4581 1550 4657 ergo
1582 4561 1704 4635 dicere
1728 4558 1895 4635 beatrix:

725 4692 767 4760 tu
785 4686 848 4780 qui
866 4705 964 4758 nunc
981 4704 1021 4759 es
1038 4684 1126 4758 civis
1145 4689 1302 4758 terrenae
1319 4681 1447 4755 Romae
1464 4680 1537 4756 eila
1554 4681 1626 4755 eris
1642 4681 1731 4755 civis
1747 4686 1896 4755 aeternae

725 4806 870 4898 Romae3
898 4804 999 4899 quasi
1018 4804 1133 4879 dicat:
1160 4802 1246 4897 qnia
1272 4807 1313 4874 tu
1340 4821 1380 4875 es
1405 4800 1454 4873 ita
1480 4802 1620 4875 electus
1646 4807 1684 4875 et
1708 4798 1894 4895 praedesti-

789 4992 817 5055 Γ)
833 4993 864 5042 Ε.
880 4992 1028 5043 luminibus.
1278 4987 1306 5048 (¹)
1324 4991 1369 5038 ll⁷
1385 5002 1400 5037 e
1417 4988 1447 5057 Ε.
1463 5001 1522 5052 pare
1538 4988 1673 5052 generalis.

788 5067 816 5133 l'l
833 5072 887 5130 117,
903 5082 962 5133 quoe
978 5070 1068 5120 invitat
1083 5082 1143 5119 euru
1161 5068 1192 5117 nd
1208 5065 1316 5117 adeum
1331 5065 1459 5129 quadam·
