4575 6842
722 980 863 1038 murus
887 981 1079 1037 rrunsmus
1104 982 1298 1037 secuunus.
1546 969 1592 1038 lt

424 1127 594 1224 castigari
610 1126 749 1223 inopia,
760 1132 887 1202 contra
904 1127 1182 1202 delectationem
1200 1129 1370 1223 primam.
1388 1129 1491 1206 Unde
1507 1137 1593 1206 nota

424 1247 523 1340 quod
548 1247 635 1343 gula
661 1267 807 1341 semper
826 1246 965 1322 solicita
986 1254 1041 1322 est
1060 1246 1107 1322 ad
1133 1246 1377 1322 suscitandam
1406 1257 1594 1324 mortuam

424 1367 559 1443 tamem
585 1373 623 1442 et
647 1367 846 1442 extinctam
871 1365 980 1460 sitim,
1004 1373 1043 1442 ut
1069 1367 1232 1462 palatum
1257 1369 1407 1464 molliat,
1425 1377 1593 1445 ventrem

423 1489 557 1583 dilatet,
583 1495 621 1563 et
645 1487 753 1562 meiat
783 1507 917 1582 corpus
946 1487 1143 1582 hospitium
1171 1489 1400 1584 morborum,
1421 1497 1593 1590 ¹recepta-

423 1609 550 1684 culum
575 1606 749 1682 sordium.
777 1605 821 1680 Et
845 1607 897 1680 sic
921 1607 1010 1702 gula
1028 1605 1111 1682 lacit
1136 1627 1182 1682 ea
1207 1615 1391 1684 tormenta
1416 1631 1501 1705 qnae
1526 1631 1593 1685 na·

425 1735 509 1803 tura
533 1727 670 1820 iecerat
695 1727 982 1821 oblectamenta,
1010 1747 1215 1821 numquam
1233 1727 1353 1801 sobria
1378 1730 1500 1804 omnia
1524 1731 1593 1804 ab·

424 1847 557 1941 sorbet,
583 1855 621 1922 et
639 1847 768 1942 ieiuna
793 1853 830 1921 et
855 1847 960 1940 plena
987 1865 1133 1940 semper
1153 1845 1455 1942 cruciatumque
1476 1850 1593 1924 multa

423 1972 461 2042 ei
497 1987 631 2063 magna
669 1967 705 2040 in
743 1986 861 2042 unum
892 1974 929 2040 ct
965 1985 1121 2062 parvum
1152 1972 1320 2041 ventrem
1341 1966 1520 2062 ·iniulcit;
1555 1975 1594 2042 et

423 2085 521 2162 dolet
545 2087 645 2181 quod
670 2107 745 2162 non
775 2092 893 2182 potest
925 2085 1048 2160 omnia
1083 2107 1157 2159 uno
1186 2086 1358 2161 claudere
1383 2094 1528 2182 ventre3
1554 2097 1592 2164 et

424 2209 534 2284 vellet
571 2209 708 2283 babere
746 2207 929 2301 reliquum
965 2227 1099 2302 corpus
1136 2227 1359 2303 pygmaeum,
1391 2207 1592 2284 dummodo

423 2331 654 2405 stomachum
679 2328 831 2402 baberet
851 2327 1077 2423 giganteum.
1099 2328 1199 2402 Bene
1223 2349 1314 2423 ergo
1338 2334 1480 2402 constat
1504 2349 1592 2403 cara

425 2450 513 2545 gula
540 2447 604 2544 ipsi
628 2448 760 2544 guloso
786 2446 850 2541 qui
875 2445 965 2520 emit
994 2467 1076 2521 eam
1108 2446 1225 2541 pretio
1255 2447 1500 2521 vitae—Pet
1527 2447 1593 2522 llic

425 2574 532 2662 poeta
557 2565 727 2642 describit
743 2566 853 2640 aliam
872 2585 1000 2640 vocem
1018 2567 1338 2641 commendantem
1356 2566 1592 2642 sobrietatem

425 2686 463 2762 in
487 2687 764 2762 detestationem
781 2685 1001 2783 gulositatis3
1019 2689 1056 2758 ct
1076 2684 1196 2779 primo
1212 2685 1349 2779 optimo
1369 2687 1539 2780 exemplo
1555 2678 1593 2779 (⁴)

423 2807 558 2900 Mariae,
585 2827 669 2901 quae
707 2807 744 2880 in
782 2805 914 2900 nuptiis
940 2803 1096 2878 Galilaeae
1133 2804 1242 2878 dixit:
1284 2809 1404 2878 Vinum
1426 2827 1500 2880 con
1524 2810 1591 2880 bo·

425 2927 516 3018 beot,
535 2947 608 3000 non
625 2927 766 3002 ratione
791 2925 976 3002 ebrietatis
992 2925 1055 3000 sed
1072 2925 1190 3021 gratia
1209 2926 1358 3000 bonoris
1376 2928 1507 3022 sponsi.
1526 2929 1589 3002 lii·

423 3045 473 3119 cit
496 3066 605 3142 ergo:
629 3049 690 3137 poi
714 3048 825 3118 disse:
850 3045 995 3139 scilicet,
1021 3045 1081 3118 illa
1106 3063 1199 3118 vox:
1214 3040 1277 3137 pici
1288 3066 1450 3137 pericopa
1470 3051 1591 3121 Matio

423 3169 527 3255 mode,
553 3165 654 3258 idest,
673 3185 719 3240 ex
745 3186 818 3259 qna
845 3185 896 3258 re,
911 3170 1026 3260 [osser
1048 3169 1079 3238 le
1095 3187 1207 3238 cozzo
1224 3170 1389 3258 orreootc',
1406 3168 1510 3258 idest,
1527 3189 1588 3242 so-

421 3287 573 3379 lemnes,
598 3293 632 3359 ct
653 3288 781 3378 interm
807 3285 884 3359 sine
909 3285 1033 3379 aliquo
1050 3285 1206 3380 delectu,
1223 3293 1266 3360 ut
1288 3287 1460 3362 scribitur
1477 3290 1588 3364 loan-

423 3406 477 3482 nis
496 3407 526 3480 11
547 3405 717 3500 capitulo,
742 3407 831 3478 cd'a
855 3407 892 3478 lo
916 3425 983 3478 sua
1007 3406 1125 3496 bocca,
1149 3416 1191 3482 nt
1215 3407 1358 3482 biberet
1376 3408 1455 3502 sibi,
1472 3410 1592 3498 cd'or,

420 3528 523 3622 idest,
549 3546 634 3621 quae
658 3527 772 3600 bucca
799 3544 897 3600 nuno
922 3529 1003 3599 orat
1026 3524 1075 3598 ad
1099 3526 1218 3598 Deum
1249 3547 1317 3620 pro
1347 3527 1461 3600 nobis.
1489 3527 1590 3602 Scie-

421 3649 485 3723 bat
509 3645 607 3722 enim
634 3643 745 3720 Maria
770 3643 914 3719 inimica
939 3645 1036 3741 gulae
1061 3644 1293 3739 quodquod
1319 3645 1430 3720 intrat
1454 3667 1521 3742 per
1550 3666 1593 3720 os

422 3789 495 3844 non
520 3766 685 3863 inquinat
700 3757 735 3857 (¹)
762 3763 936 3860 animam,
962 3771 1000 3841 et
1025 3764 1124 3859 quod
1150 3767 1262 3839 bomo
1287 3771 1405 3860 potest
1425 3767 1522 3842 vesci
1538 3765 1591 3840 ci·

422 3889 477 3964 bis
510 3886 702 3984 splendidis
731 3891 767 3960 et
798 3884 890 3960 vinis
919 3884 1051 3978 sobrie,
1078 3889 1115 3958 et
1149 3885 1364 3980 vulgaribus
1394 3886 1525 3980 gulose
1554 3893 1592 3960 et

422 4007 534 4084 ebrie.
551 4007 595 4080 Et
611 4004 669 4080 hic
697 4010 793 4097 nota,
812 4003 910 4097 quod
927 4001 1021 4076 sicut
1037 4000 1162 4076 scribit
1177 4003 1383 4076 llacrobins
1399 4004 1446 4078 de
1468 4010 1592 4078 mente

423 4117 629 4219 Gallienilb,
644 4131 816 4200 vacantes
833 4122 930 4220 gulae
946 4142 1017 4195 non
1034 4127 1184 4216 possunt
1200 4121 1263 4194 diu
1284 4121 1410 4196 vivere
1427 4141 1495 4196 nec
1512 4143 1593 4197 esse

423 4247 512 4340 sani,
526 4267 594 4322 nec
610 4244 808 4340 quicquam
826 4243 977 4318 coteste
994 4241 1158 4338 cogitare
1171 4242 1306 4315 nedum
1321 4243 1534 4317 honorabile
1541 4230 1591 4335 (⁸),

424 4365 517 4442 sicut
541 4364 651 4439 modo
675 4363 797 4438 Maria.
812 4367 906 4434 -Ε
928 4365 960 4436 te
983 4382 1140 4435 romono.
1166 4359 1232 4434 llic
1257 4369 1376 4455 poeta,
1403 4368 1498 4438 tacta
1529 4383 1590 4436 so·

422 4486 576 4562 brietate
600 4485 734 4578 llariae,
759 4503 845 4577 quae
871 4483 937 4556 luit
964 4480 1223 4578 perfectissima
1252 4480 1464 4575 mulierum,
1490 4500 1590 4556 nunc

421 4605 569 4682 adducit
593 4605 805 4699 exemplum
833 4602 942 4708 nnius
973 4601 1118 4696 generis
1148 4601 1348 4674 mulierum
1373 4577 1592 4694 clarum'Jet

484 4791 511 4854 (¹)
528 4791 558 4842 E.
576 4790 695 4853 exemplo
711 4789 901 4854 gloriosissimo)
918 4787 1030 4850 Virginis
1047 4787 1147 4838 Maria.

483 4865 512 4929 (Ἴ
529 4868 557 4916 li.
574 4867 730 4930 coinquinat.
917 4864 944 4926 (⁸)
962 4863 992 4912 li.
1008 4863 1114 4914 Gallieni.

483 4942 511 5006 (⁸)
526 4941 558 4992 ll.
574 4941 734 5000 bonorabile,
750 4942 825 4992 cuius
840 4940 1000 4992 centrarium
1018 4937 1125 4988 tnriebrt
1142 4945 1205 4989 tnnc
1220 4939 1383 4990 smoosstmr
1399 4938 1480 5001 Virgo
1499 4937 1592 4998 Murio,

421 5021 523 5086 qundo
539 5019 603 5068 dixit
619 5018 646 5068 in
662 5021 778 5070 convivio
795 5019 872 5070 rerba
888 5017 942 5068 ills.
951 5042 981 5054 ·-
991 5017 1017 5066 Ε
1032 5016 1054 5065 te
1069 5029 1182 5066 mancos.
1196 5015 1248 5067 llic
1267 5021 1351 5079 poeta,
1367 5021 1435 5067 tecla
1455 5015 1592 5067 sobrletate

345 5113 348 5124 ·
422 5096 612 5163 gloriosissimo
628 5095 740 5160 Virginis
757 5095 854 5156 bitrio,
871 5109 929 5159 qum
945 5093 1004 5144 luit.
