4575 6842
723 977 863 1034 caurus
887 976 1079 1033 vrousruus
1102 978 1245 1034 snmus.
1520 963 1564 1032 1⁹

397 1124 628 1218 intellectivo,
646 1122 732 1218 quia
753 1129 842 1196 tuno
862 1121 943 1216 plus
967 1128 1143 1214 operatur
1160 1121 1197 1194 iu
1214 1120 1266 1204 eis
1282 1120 1400 1195 rirtus
1420 1117 1564 1196 eorum.

396 1245 501 1320 Nune
530 1244 577 1320 ad
607 1242 776 1335 literam3
802 1239 887 1314 dicit
912 1245 1040 1335 poeta:
1071 1245 1192 1328 Oreste
1215 1244 1355 1332 parole,
1379 1240 1474 1314 dicta
1499 1259 1566 1337 per

397 1364 567 1459 Statium,
588 1367 703 1437 volser
724 1363 866 1452 Virpitto
887 1381 911 1432 o
932 1381 985 1434 me
1001 1381 1069 1434 eon
1086 1363 1161 1434 viso
1184 1362 1246 1434 alte
1270 1363 1429 1464 moenaio,
1453 1362 1569 1436 amie-

398 1486 514 1562 oando
526 1479 575 1578 (⁴),
592 1487 709 1558 diseo:
728 1484 810 1572 tuti,
827 1481 973 1575 scilicet,
991 1502 1076 1556 eum
1099 1487 1191 1555 nutu
1210 1480 1325 1556 laoiei.
1352 1481 1396 1554 Et
1420 1481 1505 1555 dicit
1521 1481 1567 1556 ad

400 1605 673 1682 excusationem
700 1623 828 1696 suam3
847 1623 907 1675 ma
932 1605 968 1676 lo
991 1597 1089 1676 verbi
1108 1603 1169 1674 ete
1184 1604 1295 1693 anob,
1316 1600 1418 1696 idest,
1436 1603 1569 1677 volun-

400 1735 457 1802 tas
481 1726 540 1802 vel
564 1725 744 1822 appetitus
769 1724 1020 1818 intellectivus,
1045 1743 1118 1797 non
1141 1715 1212 1814 put
1233 1729 1332 1814 tutto,
1349 1744 1461 1818 supra
1485 1745 1569 1819 pas-

401 1847 562 1922 sionem:
588 1852 626 1920 et
650 1845 810 1941 assignat
836 1843 1014 1918 rationem
1031 1833 1067 1935 (‘)
1094 1863 1182 1917 cum
1207 1842 1348 1917 subdit:
1369 1836 1432 1916 old
1451 1847 1528 1918 riso
1553 1866 1572 1919 e

384 1970 535 2064 ,pionte
561 1965 624 2060 qui
650 1971 735 2039 sunt
759 1964 943 2059 passiones
968 1963 1112 2056 animae,
1131 1983 1197 2036 son
1221 1970 1318 2036 tonte
1341 1967 1481 2056 sequaci
1496 1968 1572 2039 otta

400 2089 558 2182 person,
590 2083 694 2176 idest,
726 2083 851 2158 virtuti
885 2081 1167 2177 concupiscibili,
1200 2085 1251 2156 da
1283 2085 1343 2155 cte
1370 2086 1574 2158 emereri

401 2209 531 2299 mima,
547 2204 649 2299 idest,
667 2203 898 2296 exciduntur,
914 2203 975 2276 else
1000 2222 1078 2275 men
1100 2222 1232 2292 sepuon
1255 2205 1365 2294 ooter,
1382 2203 1486 2297 idest,
1505 2223 1572 2279 vo·

406 2327 596 2419 luntatem,
622 2327 679 2398 oet
701 2318 765 2416 ptri
798 2325 928 2413 wari,
952 2321 1055 2415 idest,
1082 2321 1193 2396 etiam
1219 2321 1256 2394 in
1282 2323 1573 2418 sapientioribus,

406 2445 493 2540 quia
514 2443 624 2519 etiam
642 2443 740 2518 viros
757 2441 937 2538 sapientes
963 2448 1001 2516 et
1019 2441 1199 2515 veridicos
1218 2448 1363 2536 oportet
1378 2442 1575 2537 aliquando

406 2565 527 2640 ridere
552 2569 589 2639 et
614 2564 759 2658 plorare
776 2562 899 2655 invite,
917 2560 1119 2636 secundum
1143 2561 1304 2636 laetitiam
1330 2568 1367 2637 et
1392 2563 1574 2638 tristitiam

408 2685 542 2780 quibus
567 2685 788 2760 afficiuntur.
803 2687 916 2756 —lo.
942 2682 1007 2756 llio
1032 2689 1138 2776 poeta
1169 2682 1324 2757 ostendit
1355 2682 1512 2776 qualiter
1537 2705 1577 2760 se

410 2812 554 2881 tacente
578 2823 665 2880 eum
684 2803 821 2900 lingua,
842 2802 989 2875 loeutus
1013 2801 1080 2874 luit
1105 2821 1193 2875 cum
1213 2802 1314 2896 risu3
1333 2823 1379 2878 ex
1397 2825 1473 2897 quo
1498 2804 1579 2878 Sta·

411 2925 483 3000 tius
508 2922 713 3019 suspicione
738 2927 843 3017 capta
867 2919 1049 2995 adiurarit
1074 2940 1163 2995 eum
1189 2928 1232 2994 ut
1259 2921 1398 2996 diceret
1426 2944 1578 2998 causam

412 3045 467 3120 sui
496 3043 600 3130 risus.
628 3042 718 3117 Dicit
743 3061 854 3138 ergo:
881 3045 922 3113 lo
944 3061 1015 3134 pur
1031 3043 1172 3132 sorra'st,
1189 3061 1285 3114 conte
1303 3045 1325 3116 Γ
1338 3064 1420 3116 uem
1441 3047 1581 3133 eb'omr

411 3171 533 3256 micon
560 3163 661 3257 idest,
687 3163 749 3258 qui
776 3161 922 3236 inclinat
948 3161 1077 3236 laniem
1102 3161 1330 3237 oonnivendo
1344 3155 1381 3255 (³)
1400 3166 1459 3239 rel
1476 3166 1581 3239 atllr·

413 3285 548 3359 mando
572 3283 727 3377 aliquid:
748 3278 1073 3376 pernitionem,
1099 3281 1245 3375 scilieet,
1263 3282 1376 3377 Statii,
1405 3287 1438 3356 st
1462 3292 1583 3376 torque

411 3426 432 3478 e
450 3405 709 3494 ripuardommi
724 3404 816 3493 nepti
832 3403 939 3491 oeelrt,
957 3421 1021 3473 ove
1033 3402 1058 3474 'l
1080 3402 1268 3474 semblable
1280 3398 1341 3494 ptri
1365 3406 1397 3476 st
1418 3406 1516 3495 fison
1539 3404 1583 3477 ltt

412 3523 514 3619 ponit
539 3522 749 3617 petitionem
775 3521 855 3595 eius
880 3521 1154 3612 dieenszdtese,
1179 3520 1240 3595 ille
1262 3522 1409 3615 Statius,
1427 3525 1511 3596 deb!
1528 3524 1584 3598 lo-

414 3642 542 3737 quitur
574 3642 815 3718 admirative:
846 3637 974 3734 percle*
1003 3643 1039 3714 lo
1067 3643 1184 3734 soemo
1218 3648 1291 3732 tua,
1321 3663 1405 3735 quae
1440 3641 1585 3717 ridetur

416 3761 505 3836 mibi
531 3761 646 3858 rigida
673 3763 834 3855 bonesta,
855 3763 1109 3834 dimostrommi
1132 3782 1182 3834 on
1206 3763 1425 3852 tompeppior
1448 3764 1486 3836 di
1510 3765 1586 3836 riso

419 3891 551 3975 wetere,
584 3882 685 3975 idest,
716 3901 813 3955 nunc
843 3901 952 3975 nunc,
978 3903 1015 3955 se
1046 3884 1213 3954 ossommt
1242 3889 1337 3955 tanto
1371 3886 1497 3956 toooro
1529 3887 1587 3956 in-

416 4009 535 4078 seme?
554 4001 664 4090 Quasi
681 4001 794 4075 dieat:
815 4000 845 4074 si
862 3999 960 4075 Deus
977 3999 1038 4076 det
1059 4000 1123 4074 tibi
1143 4006 1282 4076 tantam
1300 4001 1470 4097 gratiam,
1488 4001 1588 4096 quod

420 4122 572 4198 feliciter
597 4121 763 4217 perficias
788 4127 863 4195 tam
890 4119 1114 4202 laboriosum
1141 4140 1246 4215 opus,
1271 4121 1322 4194 ita
1354 4120 1453 4215 quod
1478 4121 1590 4194 simul

421 4247 541 4318 totum
572 4243 777 4337 aggreges?
802 4241 845 4313 Et
872 4246 980 4335 poeta
1005 4239 1136 4315 deinde
1166 4241 1332 4334 loquitur
1365 4247 1403 4316 et
1435 4235 1593 4317 ostendit
1626 4250 1630 4260 '

419 4384 527 4439 suam
553 4361 831 4458 perplexitatem
847 4380 907 4435 ‘ex
940 4361 1125 4436 contrario
1156 4368 1242 4437 voto
1273 4362 1434 4436 duorum
1465 4369 1592 4458 poeta·

423 4503 520 4578 rum,
541 4481 626 4577 quia
645 4487 826 4577 prmeepto
844 4481 953 4556 unius
970 4501 1042 4555 non
1058 4487 1202 4575 poterat
1217 4482 1412 4577 eontraire,
1430 4488 1468 4556 et
1487 4481 1592 4557 adiu-

424 4603 553 4678 rationi
579 4601 730 4678 alterius
747 4623 822 4676 uon
837 4602 1007 4677 audebat.
1025 4602 1128 4676 Unde
1145 4600 1248 4676 dicit:
1271 4606 1323 4675 Or
1342 4623 1409 4676 soa
1427 4607 1466 4697 io
1479 4606 1593 4678 duna

421 4731 525 4816 parte
540 4745 560 4797 e
575 4725 609 4797 d'
619 4727 714 4797 oltra
726 4743 854 4816 preso;
879 4721 985 4814 quasi
1006 4720 1120 4796 dieat:
1139 4721 1240 4814 loqui
1257 4721 1464 4817 probibeor,
1482 4730 1520 4797 et
1537 4730 1593 4800 ta·

424 4863 512 4918 cere
537 4863 610 4918 non
634 4863 783 4938 possum
799 4866 807 4914 ε
826 4845 948 4932 luno,
965 4840 1111 4935 seilicet,
1129 4840 1311 4937 Virgilius,
1338 4847 1386 4915 nti
1405 4847 1446 4937 [a
1466 4849 1593 4938 tacere,

489 5101 518 5166 (¹)
534 5101 565 5154 B.
581 5103 719 5154 mutando.
775 5101 804 5166 (¹)
820 5107 875 5164 lll,
891 5115 996 5154 auum
1011 5101 1119 5154 rationis
1133 5113 1196 5152 eum
1211 5101 1305 5152 subdit.
1361 5099 1435 5164 0)ss
1452 5103 1598 5156 moenaio.
