4575 6842
728 951 774 1017 74
1089 961 1293 1020 ΟΟΜΕΝΤΙΙΜ
1317 965 1535 1020 runctwttn

684 1129 687 1138 ·
722 1107 772 1182 ita
796 1105 895 1202 quod
918 1093 1098 1199 peameca,
1122 1107 1200 1183 sire
1223 1108 1418 1205 genticula,
1437 1107 1522 1184 dicit
1538 1107 1597 1182 bic
1613 1107 1893 1184 diminutionem

722 1227 759 1300 in
784 1226 971 1322 qualitate,
997 1249 1071 1304 non
1096 1227 1134 1303 in
1160 1229 1363 1325 quantitate
1388 1229 1447 1304 rel
1470 1248 1640 1304 numero.
1663 1230 1707 1303 ct
1731 1229 1837 1304 dicit:
1858 1220 1896 1304 tt

720 1348 822 1420 ov’ci
844 1351 957 1422 sentio
995 1352 1032 1423 la
1057 1351 1169 1443 pinpo
1199 1351 1292 1423 dello
1320 1351 1496 1441 piustiziu,
1528 1341 1646 1424 ctest
1679 1352 1706 1424 li
1728 1353 1893 1446 pineta,

721 1467 826 1560 quasi
857 1466 964 1563 dicat,
990 1468 1038 1543 ibi
1070 1489 1186 1566 prope
1213 1470 1398 1563 arborem,
1424 1469 1489 1544 ubi
1518 1470 1697 1546 sentiebat
1730 1491 1890 1566 poenam,

723 1608 808 1682 quae
840 1589 940 1683 juste
973 1596 1136 1690 macerat
1168 1609 1242 1665 eos.
1268 1588 1334 1664 Vel
1362 1589 1432 1683 dic,
1456 1591 1516 1682 tot,
1540 1589 1631 1666 idest
1663 1590 1702 1666 in
1732 1596 1846 1688 gustu
1870 1612 1893 1666 a

722 1713 875 1804 gutture
899 1729 1061 1803 sursum,
1087 1709 1151 1784 ubi
1175 1708 1355 1786 sentiebat
1378 1708 1586 1784 cruciatum
1612 1709 1717 1784 lamis
1742 1715 1780 1786 ct
1804 1710 1891 1785 sitis.

724 1829 768 1904 Et
799 1829 899 1924 ponit
928 1829 1139 1926 petitionem
1172 1849 1278 1904 suam
1310 1828 1358 1904 ad
1390 1827 1669 1926 Bonagiuntam,
1700 1830 1891 1906 dicenszo

588 2005 594 2016 ,
724 1953 857 2041 omnm,
882 1950 1025 2041 diss'io,
1049 1951 1110 2023 cte
1138 1970 1212 2042 pur
1240 1941 1272 2022 sl
1296 1968 1405 2042 napa,
1430 1950 1532 2044 idest,
1552 1951 1672 2045 arida,
1702 1955 1741 2026 di
1760 1954 1892 2044 partor

723 2093 832 2162 nosco,
867 2063 968 2163 sa'sl
1004 2071 1055 2143 ob’
1068 2073 1104 2144 lo
1141 2072 1336 2161 distendo,
1376 2069 1461 2167 quia
1499 2071 1760 2146 murmurabat
1797 2072 1893 2145 intra

722 2191 860 2285 denter,
886 2189 936 2265 ita
962 2188 1060 2286 quod
1086 2211 1160 2265 non
1184 2196 1329 2286 poterat
1353 2189 1512 2287 intelligi,
1545 2190 1628 2265 ideo
1651 2189 1757 2266 dicit:
1784 2211 1804 2264 e
1827 2211 1894 2284 op-

718 2331 831 2406 papa,
857 2309 948 2386 idest
985 2309 1110 2405 quieta
1149 2317 1187 2385 te
1224 2317 1263 2387 et
1294 2329 1367 2405 me,
1392 2313 1450 2383 ool
1483 2317 1543 2384 tuo
1563 2312 1696 2404 partor
1719 2313 1830 2384 clero.
1846 2349 1896 2366 -

721 2432 900 2505 Femminu
932 2427 953 2505 e*
980 2439 1077 2506 nato.
1104 2431 1170 2506 llic
1193 2438 1302 2528 poeta
1331 2430 1433 2526 ponit
1466 2429 1738 2526 responsionem
1769 2432 1890 2508 Bona·

721 2551 860 2647 ginntoe
884 2549 929 2625 ad
955 2550 1167 2646 petitionem
1197 2551 1266 2646 sui,
1297 2549 1361 2646 qui
1390 2549 1553 2645 loquitur
1581 2551 1628 2626 de
1655 2551 1821 2645 materia,
1846 2551 1893 2628 de

722 2693 797 2765 qua
824 2671 943 2765 primo
969 2671 1238 2746 murmurabat.
1269 2669 1498 2768 Bonapiunta
1530 2671 1630 2746 enim
1664 2671 1702 2745 in
1731 2671 1792 2747 illo
1822 2691 1891 2747 suo

723 2811 920 2866 murmure
943 2790 1086 2866 dicebat
1111 2789 1158 2866 de
1182 2791 1299 2865 llante
1323 2789 1360 2864 in
1386 2789 1493 2866 tertia
1517 2810 1698 2887 persona:
1724 2791 1804 2885 iste,
1829 2791 1892 2885 qui

723 2909 921 3006 aliquando
951 2917 1094 2986 temere
1126 2909 1272 2985 locutus
1303 2908 1372 2984 luit
1395 2909 1443 2986 de
1471 2909 1618 2985 civitate
1648 2911 1795 3005 lucana,
1820 2910 1893 2986 cito

681 3081 687 3090 -
723 3029 846 3106 veniet
870 3030 918 3105 ad
943 3028 1140 3106 videndum
1158 3051 1254 3125 eam,
1272 3035 1310 3106 et
1333 3030 1563 3106 amorabitur
1587 3031 1647 3105 ibi.
1674 3031 1766 3106 Dicit
1781 3051 1890 3128 ergo:

722 3142 890 3224 comittcid
915 3153 958 3242 ci,
984 3151 1125 3246 supple,
1150 3149 1274 3226 dicere
1306 3149 1366 3226 ille
1391 3150 1643 3249 Bouagiunta:
1668 3144 1895 3225 domnanae*

721 3277 809 3344 outa
833 3291 852 3344 e
875 3291 948 3344 non
968 3278 1078 3363 porta
1102 3290 1216 3344 anaor
1240 3270 1367 3361 bondo,
1387 3269 1474 3365 qnia
1499 3277 1555 3346 est
1580 3271 1732 3365 innupta
1758 3271 1890 3366 puella.

721 3389 793 3465 lsta
818 3394 947 3464 vocata
973 3395 1028 3466 est
1043 3390 1263 3486 Pargoletta,
1281 3389 1327 3464 de
1344 3409 1418 3484 qua
1437 3396 1547 3465 autor
1564 3390 1648 3465 lacit
1666 3390 1890 3466 mentionem

721 3509 815 3583 inira
840 3509 999 3604 capitulo
1017 3509 1151 3603 lllllll3
1176 3509 1283 3584 cuius
1299 3517 1578 3607 amorecaptus
1597 3516 1663 3604 est,
1686 3510 1775 3584 dum
1795 3517 1889 3586 tem-

721 3648 812 3725 pore
836 3629 932 3704 exilii
959 3629 1019 3704 sul·
1041 3629 1200 3705 venisset
1227 3629 1390 3724 bucam3
1417 3628 1499 3706 ideo
1529 3631 1637 3706 dicit:
1663 3633 1724 3704 atre
1752 3634 1779 3704 tt
1803 3621 1892 3726 sord

716 3751 859 3844 pinam
879 3752 916 3823 la
936 3753 1008 3824 mia
1023 3742 1117 3842 nod,
1133 3749 1281 3845 scilicet,
1294 3752 1452 3844 Lucam;
1465 3757 1503 3826 et
1518 3749 1623 3826 dicit:
1637 3771 1733 3826 come
1748 3755 1891 3827 clt'oom

722 3871 759 3944 la
783 3871 964 3962 riprende.
990 3870 1067 3944 lloc
1091 3869 1187 3964 dicit,
1214 3869 1301 3964 quia
1326 3870 1461 3944 bantm
1485 3869 1534 3944 ita
1558 3870 1682 3968 arguit
1703 3871 1888 3946 civitatem

721 3990 893 4064 lucanam
913 3990 959 4066 dc
984 3989 1181 4084 barataria,
1200 3990 1261 4064 ubi
1279 3989 1369 4064 dixit
1384 3990 1432 4066 de
1446 3991 1609 4066 Antianis
1634 3997 1769 4068 sanctae
1788 3992 1884 4068 Zitae.

721 4111 765 4186 Et
789 4110 877 4205 qula
906 4111 1051 4186 locutus
1076 4110 1198 4186 luerat
1221 4109 1391 4207 obscure,
1415 4111 1556 4186 subdit:
1589 4119 1626 4187 tu
1654 4119 1687 4186 te
1709 4115 1891 4187 n’ondrtu'

720 4249 785 4304 con
811 4236 929 4322 questo
953 4233 1165 4322 andvedere,
1182 4230 1284 4325 idest,
1302 4251 1389 4306 cum
1405 4231 1475 4306 isto
1491 4231 1735 4330 prognostico,
1753 4233 1790 4306 in
1814 4254 1889 4328 quo

720 4349 830 4424 tacite
864 4349 1029 4444 predixit
1054 4349 1120 4424 sibl
1146 4349 1298 4425 exilium
1324 4371 1447 4425 suum.
1472 4352 1516 4426 Et
1547 4351 1652 4427 dicit:
1677 4373 1715 4426 se
1738 4355 1797 4426 nel
1819 4357 1889 4427 mlo

719 4488 925 4544 mormorar
937 4470 1116 4563 praedesti
1130 4488 1269 4560 more,
1289 4470 1443 4546 credens
1462 4471 1562 4566 quod
1578 4471 1739 4548 dicerem
1756 4473 1803 4548 de
1819 4473 1892 4550 ulia

720 4587 886 4682 materia,
920 4591 1174 4662 dedimam
1201 4609 1314 4664 atuor
1346 4593 1378 4664 te
1406 4611 1485 4666 cose
1516 4613 1609 4684 vere,
1638 4591 1744 4688 quasi
1774 4593 1888 4668 dicat:

720 4707 792 4784 cito
809 4707 946 4782 ridebis
960 4708 1145 4802 ellectum,
1160 4716 1199 4784 et
1215 4709 1469 4786 recordaberis
1486 4712 1686 4786 verborum
1706 4733 1890 4809 meorum,

721 4846 805 4922 quae
829 4825 1000 4902 videntur
1029 4828 1140 4903 modo
1171 4829 1307 4904 clausa.
1321 4835 1446 4904 -llo
1470 4833 1528 4904 dt.
1555 4830 1620 4906 llic
1650 4830 1890 4928 Bunaglunta,

721 4946 808 5042 quia
833 4947 970 5024 lecerat
995 4949 1221 5026 mentionem
1246 4950 1294 5025 de
1316 4971 1447 5026 amore
1470 4951 1596 5026 lutuno
1621 4951 1774 5046 aulone,
1790 4974 1889 5030 nunc

722 5068 807 5144 lacit
832 5068 1054 5146 mentionem
1079 5069 1126 5146 de
1150 5090 1280 5146 amore
1304 5071 1488 5166 preterito
1505 5071 1596 5148 eius.
1615 5071 1760 5148 Sciebat
1776 5073 1886 5171 enim,
