4575 6842
836 983 974 1038 clusus
999 983 1177 1050 ounnnus.
1524 971 1595 1038 389

425 1133 519 1204 Dice.
545 1128 611 1204 llic
635 1127 797 1202 declarat
822 1127 936 1222 ipsam
963 1127 1180 1202 sententiam
1207 1128 1366 1202 Platonis
1391 1129 1595 1203 secundum

424 1270 556 1324 sonum
585 1247 795 1322 verborum.
815 1248 859 1320 Et
873 1247 920 1320 ad
942 1246 1052 1320 buius
1071 1247 1187 1323 liberae
1204 1249 1306 1321 lortis
1323 1249 1595 1344 intelligentiam

425 1377 481 1446 est
504 1368 770 1444 advertendum
798 1373 978 1462 notanter,
992 1368 1091 1461 quod
1108 1367 1230 1462 opinio
1248 1369 1418 1462 Platonis,
1439 1370 1598 1444 Socratis

427 1496 465 1564 et
489 1485 791 1562 Academicorum
810 1486 890 1578 luit,
910 1487 1050 1560 animas
1067 1487 1291 1568 descendere
1315 1509 1337 1561 a
1363 1489 1598 1582 comparibus

426 1607 547 1702 stellis,
566 1613 603 1681 et
622 1612 702 1700 post
727 1612 885 1681 mortem
904 1607 1040 1682 reverti
1057 1607 1104 1680 ad
1122 1626 1315 1702 compares
1335 1608 1467 1680 stellas.
1488 1609 1598 1682 Stella

426 1735 553 1805 autem
578 1747 730 1820 compar
756 1726 958 1802 vocabatur
982 1727 1042 1802 illa
1067 1728 1174 1802 cuius
1202 1735 1322 1802 motor
1348 1729 1386 1801 in
1412 1728 1599 1802 nativitate

427 1849 487 1924 dal
504 1847 644 1922 semina
670 1847 753 1920 vitae
780 1853 817 1921 et
841 1847 1065 1940 intellectus,
1084 1847 1189 1921 etsie
1211 1847 1331 1941 posuit
1352 1849 1514 1922 animam
1536 1847 1601 1921 de·

427 1969 603 2044 scendere
631 1988 653 2040 a
687 1967 826 2042 coelesti
851 1986 1005 2061 corpore
1039 1966 1084 2041 ad
1118 1987 1253 2063 corpus
1282 1976 1468 2042 terrestre.
1500 1969 1601 2042 Sicut

428 2110 517 2186 ergo
535 2091 717 2164 elementa
736 2095 975 2162 revertuntur
991 2086 1037 2160 ad
1055 2107 1141 2160 suas
1158 2087 1329 2183 origines,
1350 2089 1402 2162 sic
1410 2082 1447 2180 (¹)
1467 2089 1600 2162 nnimae

426 2210 473 2285 ad
507 2230 613 2283 suem
646 2209 825 2305 originem
858 2209 1065 2282 coelestem:
1097 2214 1134 2281 et
1168 2206 1257 2281 dixit
1292 2208 1328 2282 in
1363 2210 1485 2282 anima
1520 2229 1601 2284 esse

428 2349 577 2405 omnem
603 2329 769 2403 habitum
790 2329 934 2402 virtutis
959 2335 996 2403 et
1022 2328 1192 2422 scientiae,
1214 2338 1251 2402 et
1265 2329 1333 2403 isto
1351 2331 1461 2404 modo
1481 2330 1600 2406 studia

430 2456 467 2526 et
492 2450 774 2524 assuefactiones
800 2469 872 2522 non
898 2449 1091 2522 conterunt
1110 2449 1210 2522 aliud
1231 2449 1473 2524 intellectibus
1493 2458 1531 2524 et
1548 2451 1601 2524 ai-

430 2572 596 2665 iectibus,
613 2571 679 2644 nisi
697 2570 797 2664 quod
815 2577 1007 2644 removent
1025 2570 1251 2643 contrarium
1271 2571 1489 2666 impediens,
1508 2571 1602 2646 sicut

372 2737 377 2747 ·
430 2691 598 2766 videmus
623 2691 659 2763 in
685 2689 829 2765 ebrioso
855 2694 892 2764 et
917 2689 1128 2783 epileutic0;
1159 2691 1223 2764 sed
1253 2692 1389 2765 veritas
1419 2699 1475 2766 est
1503 2691 1601 2784 qrind

431 2831 497 2905 per
522 2809 683 2883 studium
709 2816 747 2883 et
771 2808 1073 2882 assuefactionem
1095 2810 1176 2882 baec
1194 2811 1318 2883 omnia
1344 2811 1600 2904 acquiruntur.

431 2929 522 3004 uicit
547 2950 656 3024 ergo:
684 2932 780 3022 Dice,
801 2928 946 3022 scilicet,
973 2927 1032 3002 ille
1057 2929 1226 3024 Timaeus,
1247 2910 1306 3002 cte
1329 2933 1351 3003 t
1364 2933 1473 3020 almo,
1500 2931 1601 3026 idest,

430 3049 554 3124 anima
580 3050 754 3142 bumana,
779 3051 852 3122 ullu
876 3069 942 3122 sua
966 3050 1064 3122 stella
1087 3051 1196 3142 stede,
1226 3057 1306 3144 post
1333 3059 1491 3126 mortem
1518 3074 1603 3127 cor-

432 3170 541 3266 poris,
567 3172 739 3242 medendo
765 3171 878 3260 quella
903 3190 1016 3242 essere
1039 3171 1156 3242 decisa
1180 3173 1314 3261 polodi,
1340 3173 1475 3248 scilicet
1500 3174 1602 3248 stella

431 3310 511 3383 sua,
538 3292 679 3381 quaudo
703 3297 834 3362 nutura
856 3311 922 3380 per
944 3293 1065 3383 formu
1091 3292 1127 3363 lu
1152 3292 1262 3383 dicde,
1286 3290 1351 3385 ipsi
1377 3295 1520 3387 corpori
1540 3315 1603 3368 or·

432 3409 562 3507 ganico
588 3416 754 3504 tempore
779 3409 984 3483 nativitatis.
998 3449 1047 3463 —
1061 3415 1093 3482 E
1103 3413 1211 3504 forse.
1231 3411 1296 3483 llic
1313 3411 1457 3485 Beatrix
1477 3414 1604 3488 nititur

433 3532 578 3605 salvare
589 3521 625 3622 (²)
645 3529 853 3624 opinionem
872 3530 1041 3623 Platonis,
1060 3537 1097 3604 et
1115 3531 1255 3605 reducit
1271 3533 1385 3626 ipsam
1406 3534 1451 3606 ad
1470 3555 1602 3609 sanum
1641 3586 1644 3592 ,

433 3651 672 3744 intellectum,
698 3649 844 3744 scilicet,
870 3650 970 3745 quod
995 3657 1099 3724 actus
1124 3652 1275 3725 bumani
1306 3653 1368 3745 qui
1397 3661 1605 3747 sequuntur

434 3781 635 3848 causantur
660 3793 682 3844 a
708 3773 813 3864 coelo,
838 3776 875 3844 et
899 3792 921 3845 a
948 3771 1108 3846 motibus
1125 3779 1162 3847 et
1178 3773 1382 3866 aspectibus
1403 3775 1603 3848 stellarum.

436 3891 529 3966 llicit
553 3911 663 3987 ergo:
690 3896 723 3963 li
742 3895 840 3984 forse
863 3911 929 3964 suu
953 3895 1131 3964 senlenzic
1156 3888 1177 3965 e*
1198 3895 1232 3964 d'
1246 3895 1342 3966 ultra
1362 3898 1476 3985 parba,
1503 3896 1605 3988 idest,

434 4011 585 4086 alterius
612 4009 752 4103 iormae,
769 4013 829 4082 cde
853 4013 889 4084 la
915 4031 996 4082 uoce
1014 4031 1084 4083 nou
1102 4032 1228 4101 setona,
1249 4012 1352 4105 idest,
1370 4035 1482 4107 quam
1503 4016 1606 4090 litera

437 4132 572 4206 vocalis
598 4149 730 4204 sonare
755 4130 933 4205 videatur.
960 4131 1002 4204 Et
1027 4131 1192 4225 loquitur
1219 4133 1418 4226 prudenter
1444 4136 1513 4207 sub
1539 4135 1608 4209 du-

438 4250 622 4343 bitatione,
648 4252 734 4354 quia
760 4249 806 4324 de
832 4250 884 4323 rei
911 4250 1065 4325 veritate
1091 4253 1159 4325 ista
1185 4252 1330 4328 videtur
1350 4253 1461 4328 luisse
1486 4255 1607 4349 opinio

439 4371 607 4464 Platonis,
621 4390 706 4464 quae
723 4371 845 4444 iuerat
861 4377 968 4444 antea
983 4372 1213 4467 Pythagora,
1229 4379 1266 4447 et
1287 4375 1409 4469 magni
1428 4375 1608 4469 sapientes

438 4491 607 4565 videntur
633 4490 683 4564 sic
708 4490 855 4583 sentire,
873 4490 967 4564 sicut
991 4492 1142 4585 Tullius,
1160 4493 1349 4588 Virgilius3
1368 4495 1443 4569 imo
1462 4495 1609 4571 Boetius

437 4609 755 4686 christianissimus
780 4610 925 4684 ridetur
942 4611 1053 4686 luisse
1071 4612 1173 4685 istius
1193 4613 1379 4707 opinionis.
1399 4617 1483 4691 lden
1500 4625 1609 4694 autor

438 4731 587 4826 corrigit
613 4729 748 4804 dictum
776 4729 945 4822 Platonis,
961 4730 1104 4804 dicens:
1125 4738 1160 4805 et
1177 4754 1272 4806 esser
1286 4742 1390 4826 prote
1407 4759 1472 4809 con
1496 4741 1609 4812 inten-
1665 4735 1671 4748 '

440 4853 520 4924 zion
546 4852 594 4923 du
618 4869 692 4922 oon
716 4871 809 4922 esser
834 4853 964 4938 densa,
983 4851 1161 4943 quianon
1183 4874 1351 4948 erronea,
1374 4878 1447 4930 non
1472 4860 1610 4936 absona

505 5107 533 5173 (¹)
551 5107 581 5158 li.
598 5109 634 5158 sle
649 5112 677 5158 ct
692 5109 777 5160 anima
793 5111 833 5163 ad.
1083 5109 1111 5174 (ἢ
1127 5117 1150 5172 s,
1164 5125 1277 5163 servare,
