4575 6842
817 987 956 1046 CANTUS
980 990 1147 1057 numus.
1492 985 1561 1054 Μ

388 1129 491 1224 idest,
517 1129 719 1206 secundum
745 1132 844 1226 quod
869 1135 951 1228 plus
983 1137 1181 1232 cognoscit,
1207 1130 1279 1211 cosi
1308 1143 1367 1214 net
1389 1121 1473 1215 lenc
1496 1163 1565 1236 up-

383 1272 490 1345 prsso
513 1271 635 1324 mrwoc
650 1253 678 1324 il
689 1254 801 1343 ptcde,
827 1253 929 1348 idest,
955 1255 1186 1332 affectionem
1213 1257 1251 1332 iu
1274 1259 1395 1355 ipsum
1421 1261 1562 1337 bonum

386 1371 586 1468 cognitum,
616 1371 704 1465 quia
736 1372 910 1448 continuo
943 1376 1060 1472 magis
1089 1376 1203 1450 tendit
1233 1377 1272 1450 iu
1303 1379 1431 1454 altum.
1447 1421 1497 1436 -
1512 1386 1562 1454 lo.

385 1491 450 1566 llic
475 1489 622 1564 Beatrir
647 1489 809 1566 declarat
834 1491 870 1564 in
897 1512 943 1568 eo
968 1495 1068 1589 quod
1092 1496 1193 1590 dixit
1211 1495 1353 1572 diceus:
1379 1504 1421 1572 lo
1437 1504 1561 1592 veppto

386 1614 450 1686 den
473 1604 503 1686 sl
527 1629 623 1684 come
647 1601 708 1703 oid
731 1615 907 1705 risplcnda
931 1619 1010 1690 nelt’
1022 1620 1183 1692 multene
1208 1624 1266 1691 tuo
1292 1621 1315 1691 l'
1327 1627 1449 1692 clema
1473 1623 1560 1712 tuce,

387 1733 532 1828 scilicet,
552 1732 735 1826 veritatis3
758 1739 795 1808 et
820 1734 925 1810 dicit:
950 1739 1011 1809 cte
1035 1741 1124 1812 visto
1148 1741 1228 1812 sota
1251 1760 1271 1812 c
1294 1760 1432 1833 compre
1455 1761 1562 1813 amor

387 1856 545 1929 uccmrtr.
571 1853 616 1928 Et
640 1853 698 1929 hio
724 1860 810 1930 nota
835 1855 941 1952 hene,
959 1858 1059 1950 quod
1085 1858 1152 1933 ista
1179 1859 1284 1936 litera
1310 1866 1429 1955 potest
1453 1861 1562 1937 intel-

386 1973 448 2070 ligi
474 1973 511 2048 in
532 1994 641 2050 sensu
660 1975 860 2070 composito
877 1983 915 2052 et
938 1977 975 2052 iu
999 1997 1110 2052 sensu
1126 1978 1253 2055 diviso.
1272 1981 1313 2054 lu
1330 2001 1438 2056 sensu
1457 2002 1562 2056 com-

387 2094 504 2190 posito
521 2095 732 2190 dupliciter3
752 2115 827 2171 uno
845 2097 967 2193 modo,
988 2097 1060 2173 sic:
1081 2102 1154 2192 cte,
1174 2100 1278 2196 idest,
1295 2123 1410 2195 quam
1436 2103 1559 2179 lucem

386 2221 576 2310 aeteruam,
601 2218 680 2289 soto
705 2218 807 2308 vum,
824 2216 928 2311 idest,
946 2219 1024 2294 sola
1049 2219 1140 2294 visio
1157 2219 1410 2296 intellectualis
1429 2243 1562 2298 accen·

385 2336 456 2430 dit;
482 2336 546 2412 sed
570 2335 639 2412 ista
664 2337 841 2432 expositio
867 2338 1011 2414 videtur
1037 2339 1248 2436 impropria,
1270 2341 1356 2436 quia
1377 2342 1469 2418 visio
1492 2345 1563 2418 hu-

385 2477 495 2533 mana
516 2477 590 2531 nou
607 2457 770 2533 accendit
788 2459 910 2534 lucem
928 2465 1118 2554 cateruam,
1136 2460 1201 2535 sed
1217 2461 1339 2555 potius
1364 2481 1387 2536 e
1411 2465 1560 2538 contra·

387 2576 458 2651 rio:
485 2577 557 2651 alio
583 2577 704 2672 modo,
729 2577 801 2652 sic:
819 2581 879 2652 cle
895 2581 984 2654 outa
1002 2583 1093 2670 solo,
1111 2579 1214 2674 idest,
1232 2601 1318 2674 quoe
1337 2582 1402 2656 lux
1419 2587 1561 2657 aeterua
1673 2646 1677 2654 .

387 2697 462 2772 visa
494 2697 583 2790 sola,
615 2697 665 2772 ita
696 2697 796 2791 quod
829 2690 854 2772 ti
887 2701 964 2771 auo
997 2706 1155 2794 ponatur
1185 2693 1456 2796 participialiter
1485 2722 1561 2776 non

388 2815 640 2909 nominaliter3
666 2821 704 2890 at
730 2817 796 2892 ista
822 2818 998 2912 expositio
1028 2819 1138 2896 etiam
1173 2840 1248 2895 nou
1279 2822 1425 2896 videtur
1453 2840 1561 2917 posse

386 2942 496 3029 stare,
522 2936 608 3029 quia
633 2936 722 3011 illud
747 2945 781 3012 et
804 2958 877 3012 non
902 2938 1012 3014 habet
1037 2940 1124 3034 quid
1141 2931 1178 3041 ζ’)
1204 2942 1362 3037 copulet,
1380 2948 1418 3017 et
1439 2941 1560 3017 oratio

386 3063 441 3131 eet
466 3075 613 3152 semper
638 3058 868 3154 suspensiva3
894 3059 976 3134 ideo
1006 3060 1073 3135 ista
1105 3061 1211 3136 litera
1238 3068 1295 3137 est
1325 3060 1558 3160 intelligenda

386 3177 422 3251 iu
447 3196 557 3251 sensu
582 3176 707 3271 diviso,
734 3177 783 3252 ita
816 3185 857 3252 ut
889 3185 1106 3274 exponatur,
1133 3183 1206 3275 ote,
1240 3181 1344 3277 idest,
1376 3202 1460 3276 quae
1491 3183 1558 3257 lux

384 3303 536 3390 aeterna,
562 3299 663 3388 oum,
689 3297 792 3392 idest,
808 3305 879 3373 stat
903 3298 951 3372 ibi
978 3298 1014 3372 iu
1040 3299 1227 3375 intellectu
1245 3307 1323 3395 tuo,
1344 3304 1434 3395 mla,
1454 3301 1558 3395 idest,

385 3416 464 3491 sine
487 3416 557 3492 alia
587 3417 778 3492 allectione
809 3418 1040 3514 impediente,
1066 3420 1152 3514 quia
1183 3420 1388 3497 intellectus
1418 3421 1558 3496 autoris

385 3541 465 3612 erat
489 3536 633 3632 penitus
657 3537 858 3632 depuratus
891 3545 928 3613 et
958 3538 1065 3613 datus
1090 3540 1387 3635 contemplationi
1417 3541 1560 3617 divino·

262 3749 264 3754 ,
385 3679 491 3754 rum3
518 3659 600 3734 ideo
636 3659 744 3734 dicit:
773 3679 911 3752 semprc
936 3663 1085 3734 accende
1108 3681 1225 3755 umor,
1253 3661 1356 3757 idest,
1381 3662 1420 3736 iu
1452 3661 1561 3737 intel-

383 3779 481 3874 lectu
513 3784 591 3872 tuo,
622 3778 708 3874 quia
739 3778 913 3853 contiuuo
948 3798 1094 3874 semper
1127 3779 1326 3855 inardescis
1357 3781 1394 3854 in
1427 3800 1559 3857 amore

384 3904 533 3974 aeternae
563 3899 744 3992 veritatis;
776 3905 813 3974 et
842 3898 909 3974 ista
944 3899 1089 3974 videtur
1119 3899 1272 3974 intentio
1304 3900 1432 3995 litera,
1463 3900 1559 3975 sicut

384 4026 483 4116 patet
503 4041 549 4096 ex
568 4019 690 4096 verbis
710 4018 1000 4114 precedentibus
1017 4025 1053 4094 et
1070 4019 1330 4115 sequentibus;
1351 4020 1451 4095 unde
1468 4019 1558 4093 sub-

384 4140 436 4216 dit
453 4141 551 4236 quod
578 4141 664 4214 nihil
689 4140 783 4215 cadit
809 4141 845 4215 in
871 4131 1158 4235 intellectuum,
1175 4140 1243 4214 uisi
1268 4142 1397 4216 saltem
1423 4141 1558 4226 habeat

385 4263 547 4338 colorem
573 4262 661 4338 veri.
689 4261 781 4337 Dicit
810 4281 921 4358 ergo:
952 4283 971 4335 c
999 4263 1137 4336 saldo
1170 4282 1267 4354 cosa,
1292 4261 1396 4357 idest,
1426 4262 1457 4335 si
1485 4261 1557 4337 alia

386 4383 519 4458 veritas
544 4401 734 4478 apparens,
755 4389 874 4457 vocuo
899 4404 1004 4456 amor
1028 4385 1164 4475 seduco,
1182 4382 1286 4478 idest,
1304 4383 1415 4459 trahit
1436 4402 1503 4457 vos
1519 4380 1555 4455 in

383 4522 553 4578 amorem
576 4502 645 4594 sui,
661 4523 735 4576 non
752 4499 783 4592 ei,
803 4525 841 4576 se
859 4524 930 4576 oon
949 4506 1053 4578 moun
1073 4506 1229 4596 vestem,
1247 4503 1351 4597 idest,
1367 4503 1553 4596 quoddam

383 4623 530 4720 signum
562 4641 753 4717 apparens,
788 4623 826 4696 a·
859 4625 984 4714 melta,
1015 4621 1162 4718 scilicet,
1196 4623 1289 4698 lucis
1323 4629 1361 4698 et
1393 4623 1558 4699 veritatis

384 4748 545 4838 merum,
574 4745 650 4816 mol
679 4746 888 4836 muosciuto,
926 4743 1013 4838 quia
1046 4743 1334 4839 apprehenditur
1362 4750 1555 4838 tamquam

384 4863 535 4957 honum,
562 4883 649 4938 cum
674 4869 798 4938 tamen
823 4883 897 4937 non
917 4862 981 4957 sit3
997 4862 1082 4938 idco
1098 4861 1203 4938 dicit:
1224 4866 1285 4937 cte
1301 4867 1434 4938 omna
1449 4866 1557 4957 omui,

446 5124 475 5189 ζ’)
490 5131 514 5186 t,
531 5139 584 5192 quo
600 5125 712 5190 copulet.
948 5124 976 5188 (Ἴ
993 5125 1024 5176 Ε.
1041 5126 1068 5176 in
1084 5125 1228 5178 intelleotn.

516 5234 554 5279 lv.
1395 5235 1422 5277 ao
