<?xml version="1.0" encoding="UTF-8"?>
<!DOCTYPE html PUBLIC "-//W3C//DTD XHTML 1.0 Transitional//EN"
    "http://www.w3.org/TR/xhtml1/DTD/xhtml1-transitional.dtd">
<html xmlns="http://www.w3.org/1999/xhtml" xml:lang="en" lang="en">
 <head>
  <title>
</title>
<meta http-equiv="Content-Type" content="text/html;charset=utf-8" />
  <meta name='ocr-system' content='tesseract 3.04.00' />
  <meta name='ocr-capabilities' content='ocr_page ocr_carea ocr_par ocr_line ocrx_word'/>
</head>
<body>
  <div class='ocr_page' id='page_1' title='image "./comentumsuperda00unkngoog_0480.png"; bbox 0 0 4575 6842; ppageno 0'>
   <div class='ocr_carea' id='block_1_1' title="bbox 1117 938 1513 995">
    <p class='ocr_par' dir='ltr' id='par_1_1' title="bbox 1117 938 1513 995">
     <span class='ocr_line' id='line_1_1' title="bbox 1117 938 1513 995; baseline 0 -3"><span class='ocrx_word' id='word_1_1' title='bbox 1117 938 1332 995; x_wconf 70' lang='lat' dir='ltr'>conmuni·</span> <span class='ocrx_word' id='word_1_2' title='bbox 1346 938 1513 993; x_wconf 72' lang='lat' dir='ltr'>stntotst</span> 
     </span>
    </p>
   </div>
   <div class='ocr_carea' id='block_1_2' title="bbox 724 1431 1898 1613">
    <p class='ocr_par' dir='ltr' id='par_1_2' title="bbox 724 1431 1898 1613">
     <span class='ocr_line' id='line_1_2' title="bbox 724 1431 1898 1518; baseline 0.003 -17"><span class='ocrx_word' id='word_1_3' title='bbox 724 1432 891 1503; x_wconf 74' lang='lat' dir='ltr'>cautus</span> <span class='ocrx_word' id='word_1_4' title='bbox 913 1431 1133 1514; x_wconf 78' lang='lat' dir='ltr'>SEPTIMUS,</span> <span class='ocrx_word' id='word_1_5' title='bbox 1148 1436 1185 1499; x_wconf 84' lang='lat' dir='ltr'>io</span> <span class='ocrx_word' id='word_1_6' title='bbox 1198 1453 1259 1517; x_wconf 79' lang='lat' dir='ltr'>quo</span> <span class='ocrx_word' id='word_1_7' title='bbox 1279 1435 1454 1501; x_wconf 75' lang='lat' dir='ltr'>mrrttnctrrr</span> <span class='ocrx_word' id='word_1_8' title='bbox 1474 1434 1694 1501; x_wconf 64' lang='lat' dir='ltr'>ammodum</span> <span class='ocrx_word' id='word_1_9' title='bbox 1707 1434 1898 1518; x_wconf 68' lang='lat' dir='ltr'>judeorum,</span> 
     </span>
     <span class='ocr_line' id='line_1_3' title="bbox 1046 1544 1574 1613; baseline 0.002 -1"><span class='ocrx_word' id='word_1_10' title='bbox 1046 1546 1103 1612; x_wconf 74' lang='lat' dir='ltr'>adr·</span> <span class='ocrx_word' id='word_1_11' title='bbox 1122 1550 1242 1613; x_wconf 74' lang='lat' dir='ltr'>tractat</span> <span class='ocrx_word' id='word_1_12' title='bbox 1261 1546 1302 1612; x_wconf 77' lang='lat' dir='ltr'>dc</span> <span class='ocrx_word' id='word_1_13' title='bbox 1321 1552 1421 1613; x_wconf 74' lang='lat' dir='ltr'>morte</span> <span class='ocrx_word' id='word_1_14' title='bbox 1444 1544 1574 1613; x_wconf 68' lang='lat' dir='ltr'>cuod.</span> 
     </span>
    </p>
   </div>
   <div class='ocr_carea' id='block_1_3' title="bbox 727 1824 1900 3101">
    <p class='ocr_par' dir='ltr' id='par_1_3' title="bbox 727 1824 1900 3101">
     <span class='ocr_line' id='line_1_4' title="bbox 810 1824 1897 2017; baseline 0.002 -24"><span class='ocrx_word' id='word_1_15' title='bbox 810 1824 1009 1995; x_wconf 74' lang='lat' dir='ltr'>ossum</span> <span class='ocrx_word' id='word_1_16' title='bbox 1025 1927 1166 1994; x_wconf 82' lang='lat' dir='ltr'>sauctus</span> <span class='ocrx_word' id='word_1_17' title='bbox 1175 1926 1268 1993; x_wconf 77' lang='lat' dir='ltr'>Deus</span> <span class='ocrx_word' id='word_1_18' title='bbox 1281 1921 1443 1994; x_wconf 77' lang='lat' dir='ltr'>satana.</span> <span class='ocrx_word' id='word_1_19' title='bbox 1458 1922 1657 2015; x_wconf 88' lang='lat' dir='ltr'>Postquam</span> <span class='ocrx_word' id='word_1_20' title='bbox 1674 1920 1712 1995; x_wconf 91' lang='lat' dir='ltr'>in</span> <span class='ocrx_word' id='word_1_21' title='bbox 1729 1922 1897 2017; x_wconf 79' lang='lat' dir='ltr'>proximo</span> 
     </span>
     <span class='ocr_line' id='line_1_5' title="bbox 728 2039 1896 2137; baseline -0.003 -21"><span class='ocrx_word' id='word_1_22' title='bbox 728 2039 946 2137; x_wconf 75' lang='lat' dir='ltr'>precedenti</span> <span class='ocrx_word' id='word_1_23' title='bbox 971 2039 1132 2135; x_wconf 90' lang='lat' dir='ltr'>capituto</span> <span class='ocrx_word' id='word_1_24' title='bbox 1152 2040 1287 2115; x_wconf 86' lang='lat' dir='ltr'>Dantes</span> <span class='ocrx_word' id='word_1_25' title='bbox 1308 2039 1509 2115; x_wconf 79' lang='lat' dir='ltr'>introduxit</span> <span class='ocrx_word' id='word_1_26' title='bbox 1525 2040 1687 2117; x_wconf 88' lang='lat' dir='ltr'>animam</span> <span class='ocrx_word' id='word_1_27' title='bbox 1708 2040 1896 2115; x_wconf 76' lang='lat' dir='ltr'>iustiniani</span> 
     </span>
     <span class='ocr_line' id='line_1_6' title="bbox 727 2160 1899 2256; baseline -0.002 -21"><span class='ocrx_word' id='word_1_28' title='bbox 727 2161 1009 2256; x_wconf 66' lang='lat' dir='ltr'>persuadentem</span> <span class='ocrx_word' id='word_1_29' title='bbox 1031 2161 1093 2255; x_wconf 88' lang='lat' dir='ltr'>jus</span> <span class='ocrx_word' id='word_1_30' title='bbox 1111 2167 1150 2234; x_wconf 89' lang='lat' dir='ltr'>et</span> <span class='ocrx_word' id='word_1_31' title='bbox 1161 2160 1340 2256; x_wconf 84' lang='lat' dir='ltr'>justitiam</span> <span class='ocrx_word' id='word_1_32' title='bbox 1360 2160 1501 2235; x_wconf 88' lang='lat' dir='ltr'>romani</span> <span class='ocrx_word' id='word_1_33' title='bbox 1523 2160 1676 2256; x_wconf 87' lang='lat' dir='ltr'>imperii,</span> <span class='ocrx_word' id='word_1_34' title='bbox 1696 2180 1793 2235; x_wconf 94' lang='lat' dir='ltr'>nunc</span> <span class='ocrx_word' id='word_1_35' title='bbox 1809 2180 1899 2235; x_wconf 90' lang='lat' dir='ltr'>uun-</span> 
     </span>
     <span class='ocr_line' id='line_1_7' title="bbox 727 2280 1899 2376; baseline -0.003 -19"><span class='ocrx_word' id='word_1_36' title='bbox 727 2286 926 2376; x_wconf 85' lang='lat' dir='ltr'>sequenter</span> <span class='ocrx_word' id='word_1_37' title='bbox 955 2280 994 2353; x_wconf 92' lang='lat' dir='ltr'>in</span> <span class='ocrx_word' id='word_1_38' title='bbox 1031 2281 1099 2355; x_wconf 90' lang='lat' dir='ltr'>isto</span> <span class='ocrx_word' id='word_1_39' title='bbox 1126 2281 1186 2354; x_wconf 89' lang='lat' dir='ltr'>Vll</span> <span class='ocrx_word' id='word_1_40' title='bbox 1220 2280 1379 2376; x_wconf 90' lang='lat' dir='ltr'>capituto</span> <span class='ocrx_word' id='word_1_41' title='bbox 1413 2286 1612 2375; x_wconf 80' lang='lat' dir='ltr'>pertrectat</span> <span class='ocrx_word' id='word_1_42' title='bbox 1647 2300 1759 2355; x_wconf 90' lang='lat' dir='ltr'>unam</span> <span class='ocrx_word' id='word_1_43' title='bbox 1794 2300 1899 2373; x_wconf 82' lang='lat' dir='ltr'>quae-</span> 
     </span>
     <span class='ocr_line' id='line_1_8' title="bbox 727 2400 1899 2497; baseline 0 -22"><span class='ocrx_word' id='word_1_44' title='bbox 727 2400 882 2475; x_wconf 88' lang='lat' dir='ltr'>stionem</span> <span class='ocrx_word' id='word_1_45' title='bbox 908 2421 992 2495; x_wconf 82' lang='lat' dir='ltr'>quae</span> <span class='ocrx_word' id='word_1_46' title='bbox 1023 2402 1142 2476; x_wconf 88' lang='lat' dir='ltr'>oritur</span> <span class='ocrx_word' id='word_1_47' title='bbox 1168 2422 1215 2476; x_wconf 84' lang='lat' dir='ltr'>eu</span> <span class='ocrx_word' id='word_1_48' title='bbox 1241 2402 1401 2497; x_wconf 88' lang='lat' dir='ltr'>quodam</span> <span class='ocrx_word' id='word_1_49' title='bbox 1436 2401 1532 2476; x_wconf 89' lang='lat' dir='ltr'>dicto</span> <span class='ocrx_word' id='word_1_50' title='bbox 1563 2401 1731 2496; x_wconf 84' lang='lat' dir='ltr'>superius</span> <span class='ocrx_word' id='word_1_51' title='bbox 1759 2400 1899 2497; x_wconf 89' lang='lat' dir='ltr'>posito;</span> 
     </span>
     <span class='ocr_line' id='line_1_9' title="bbox 728 2521 1899 2617; baseline 0 -20"><span class='ocrx_word' id='word_1_52' title='bbox 728 2527 767 2597; x_wconf 90' lang='lat' dir='ltr'>et</span> <span class='ocrx_word' id='word_1_53' title='bbox 790 2527 846 2595; x_wconf 81' lang='lat' dir='ltr'>eut</span> <span class='ocrx_word' id='word_1_54' title='bbox 870 2521 1041 2615; x_wconf 67' lang='lat' dir='ltr'>questio:</span> <span class='ocrx_word' id='word_1_55' title='bbox 1068 2522 1255 2616; x_wconf 89' lang='lat' dir='ltr'>quomodo</span> <span class='ocrx_word' id='word_1_56' title='bbox 1290 2522 1445 2597; x_wconf 84' lang='lat' dir='ltr'>vindicta</span> <span class='ocrx_word' id='word_1_57' title='bbox 1479 2521 1573 2597; x_wconf 86' lang='lat' dir='ltr'>iacta</span> <span class='ocrx_word' id='word_1_58' title='bbox 1605 2541 1670 2617; x_wconf 87' lang='lat' dir='ltr'>per</span> <span class='ocrx_word' id='word_1_59' title='bbox 1701 2521 1824 2596; x_wconf 84' lang='lat' dir='ltr'>Titum</span> <span class='ocrx_word' id='word_1_60' title='bbox 1853 2521 1899 2597; x_wconf 88' lang='lat' dir='ltr'>de</span> 
     </span>
     <span class='ocr_line' id='line_1_10' title="bbox 728 2641 1900 2739; baseline 0.001 -23"><span class='ocrx_word' id='word_1_61' title='bbox 728 2649 850 2717; x_wconf 90' lang='lat' dir='ltr'>morte</span> <span class='ocrx_word' id='word_1_62' title='bbox 874 2641 1002 2716; x_wconf 84' lang='lat' dir='ltr'>Christi</span> <span class='ocrx_word' id='word_1_63' title='bbox 1029 2642 1147 2738; x_wconf 89' lang='lat' dir='ltr'>potuit</span> <span class='ocrx_word' id='word_1_64' title='bbox 1172 2662 1253 2718; x_wconf 88' lang='lat' dir='ltr'>esse</span> <span class='ocrx_word' id='word_1_65' title='bbox 1268 2642 1380 2739; x_wconf 84' lang='lat' dir='ltr'>justa,</span> <span class='ocrx_word' id='word_1_66' title='bbox 1401 2642 1431 2716; x_wconf 89' lang='lat' dir='ltr'>si</span> <span class='ocrx_word' id='word_1_67' title='bbox 1452 2662 1552 2716; x_wconf 91' lang='lat' dir='ltr'>mors</span> <span class='ocrx_word' id='word_1_68' title='bbox 1568 2641 1698 2717; x_wconf 85' lang='lat' dir='ltr'>Christi</span> <span class='ocrx_word' id='word_1_69' title='bbox 1719 2643 1813 2717; x_wconf 85' lang='lat' dir='ltr'>iacta</span> <span class='ocrx_word' id='word_1_70' title='bbox 1830 2642 1900 2717; x_wconf 88' lang='lat' dir='ltr'>sub</span> 
     </span>
     <span class='ocr_line' id='line_1_11' title="bbox 727 2761 1897 2858; baseline -0.001 -22"><span class='ocrx_word' id='word_1_71' title='bbox 727 2762 871 2837; x_wconf 80' lang='lat' dir='ltr'>Tiberio</span> <span class='ocrx_word' id='word_1_72' title='bbox 896 2763 964 2836; x_wconf 86' lang='lat' dir='ltr'>tuit</span> <span class='ocrx_word' id='word_1_73' title='bbox 984 2764 1110 2858; x_wconf 82' lang='lat' dir='ltr'>justat</span> <span class='ocrx_word' id='word_1_74' title='bbox 1133 2764 1226 2837; x_wconf 86' lang='lat' dir='ltr'>Nam</span> <span class='ocrx_word' id='word_1_75' title='bbox 1257 2762 1285 2837; x_wconf 91' lang='lat' dir='ltr'>si</span> <span class='ocrx_word' id='word_1_76' title='bbox 1314 2762 1431 2858; x_wconf 82' lang='lat' dir='ltr'>judex</span> <span class='ocrx_word' id='word_1_77' title='bbox 1459 2763 1559 2857; x_wconf 89' lang='lat' dir='ltr'>juste</span> <span class='ocrx_word' id='word_1_78' title='bbox 1591 2761 1742 2837; x_wconf 82' lang='lat' dir='ltr'>damnat</span> <span class='ocrx_word' id='word_1_79' title='bbox 1779 2782 1897 2855; x_wconf 88' lang='lat' dir='ltr'>reum,</span> 
     </span>
     <span class='ocr_line' id='line_1_12' title="bbox 728 2882 1899 2981; baseline -0.002 -24"><span class='ocrx_word' id='word_1_80' title='bbox 728 2882 914 2978; x_wconf 88' lang='lat' dir='ltr'>quomodo</span> <span class='ocrx_word' id='word_1_81' title='bbox 940 2890 1058 2978; x_wconf 89' lang='lat' dir='ltr'>potest</span> <span class='ocrx_word' id='word_1_82' title='bbox 1081 2883 1160 2959; x_wconf 87' lang='lat' dir='ltr'>tieri</span> <span class='ocrx_word' id='word_1_83' title='bbox 1186 2882 1343 2959; x_wconf 83' lang='lat' dir='ltr'>vindicta</span> <span class='ocrx_word' id='word_1_84' title='bbox 1363 2884 1463 2981; x_wconf 88' lang='lat' dir='ltr'>justa</span> <span class='ocrx_word' id='word_1_85' title='bbox 1489 2882 1536 2957; x_wconf 85' lang='lat' dir='ltr'>de</span> <span class='ocrx_word' id='word_1_86' title='bbox 1561 2886 1650 2957; x_wconf 85' lang='lat' dir='ltr'>reoi</span> <span class='ocrx_word' id='word_1_87' title='bbox 1669 2884 1713 2957; x_wconf 84' lang='lat' dir='ltr'>Et</span> <span class='ocrx_word' id='word_1_88' title='bbox 1739 2900 1899 2977; x_wconf 79' lang='lat' dir='ltr'>praesens</span> 
     </span>
     <span class='ocr_line' id='line_1_13' title="bbox 727 3003 1898 3101; baseline 0.001 -23"><span class='ocrx_word' id='word_1_89' title='bbox 727 3004 928 3098; x_wconf 90' lang='lat' dir='ltr'>capitutum</span> <span class='ocrx_word' id='word_1_90' title='bbox 956 3010 1073 3099; x_wconf 87' lang='lat' dir='ltr'>potest</span> <span class='ocrx_word' id='word_1_91' title='bbox 1097 3004 1205 3079; x_wconf 87' lang='lat' dir='ltr'>dividi</span> <span class='ocrx_word' id='word_1_92' title='bbox 1232 3005 1350 3079; x_wconf 89' lang='lat' dir='ltr'>sulum</span> <span class='ocrx_word' id='word_1_93' title='bbox 1377 3004 1414 3077; x_wconf 95' lang='lat' dir='ltr'>in</span> <span class='ocrx_word' id='word_1_94' title='bbox 1439 3010 1515 3079; x_wconf 83' lang='lat' dir='ltr'>tres</span> <span class='ocrx_word' id='word_1_95' title='bbox 1539 3009 1662 3099; x_wconf 86' lang='lat' dir='ltr'>partes</span> <span class='ocrx_word' id='word_1_96' title='bbox 1688 3003 1898 3101; x_wconf 57' lang='lat' dir='ltr'>generalem</span> 
     </span>
    </p>
   </div>
   <div class='ocr_carea' id='block_1_4' title="bbox 575 3124 1897 3220">
    <p class='ocr_par' dir='ltr' id='par_1_4' title="bbox 575 3124 1897 3220">
     <span class='ocr_line' id='line_1_14' title="bbox 575 3124 1897 3220; baseline 0.002 -23"><span class='ocrx_word' id='word_1_97' title='bbox 575 3130 578 3137; x_wconf 84' lang='lat'>&#39;</span> <span class='ocrx_word' id='word_1_98' title='bbox 729 3125 768 3198; x_wconf 94' lang='lat' dir='ltr'>in</span> <span class='ocrx_word' id='word_1_99' title='bbox 791 3144 953 3218; x_wconf 84' lang='lat' dir='ltr'>quarum</span> <span class='ocrx_word' id='word_1_100' title='bbox 979 3125 1097 3220; x_wconf 87' lang='lat' dir='ltr'>prima</span> <span class='ocrx_word' id='word_1_101' title='bbox 1122 3132 1232 3200; x_wconf 93' lang='lat' dir='ltr'>autor</span> <span class='ocrx_word' id='word_1_102' title='bbox 1263 3129 1462 3220; x_wconf 84' lang='lat' dir='ltr'>pertractat</span> <span class='ocrx_word' id='word_1_103' title='bbox 1484 3124 1620 3200; x_wconf 83' lang='lat' dir='ltr'>dictum</span> <span class='ocrx_word' id='word_1_104' title='bbox 1645 3124 1897 3218; x_wconf 69' lang='lat' dir='ltr'>questionem.</span> 
     </span>
    </p>
   </div>
   <div class='ocr_carea' id='block_1_5' title="bbox 725 3243 1952 5144">
    <p class='ocr_par' dir='ltr' id='par_1_5' title="bbox 725 3243 1952 5144">
     <span class='ocr_line' id='line_1_15' title="bbox 729 3243 1952 3340; baseline 0.002 -23"><span class='ocrx_word' id='word_1_105' title='bbox 729 3246 768 3318; x_wconf 91' lang='lat' dir='ltr'>tn</span> <span class='ocrx_word' id='word_1_106' title='bbox 792 3243 952 3319; x_wconf 87' lang='lat' dir='ltr'>secunda</span> <span class='ocrx_word' id='word_1_107' title='bbox 977 3245 1087 3319; x_wconf 88' lang='lat' dir='ltr'>aliam</span> <span class='ocrx_word' id='word_1_108' title='bbox 1109 3264 1193 3340; x_wconf 86' lang='lat' dir='ltr'>quae</span> <span class='ocrx_word' id='word_1_109' title='bbox 1219 3244 1381 3319; x_wconf 90' lang='lat' dir='ltr'>nascitur</span> <span class='ocrx_word' id='word_1_110' title='bbox 1405 3264 1453 3319; x_wconf 85' lang='lat' dir='ltr'>ex</span> <span class='ocrx_word' id='word_1_111' title='bbox 1478 3244 1607 3339; x_wconf 88' lang='lat' dir='ltr'>prima,</span> <span class='ocrx_word' id='word_1_112' title='bbox 1625 3243 1694 3318; x_wconf 91' lang='lat' dir='ltr'>ibi:</span> <span class='ocrx_word' id='word_1_113' title='bbox 1715 3249 1777 3317; x_wconf 83' lang='lat' dir='ltr'>tto</span> <span class='ocrx_word' id='word_1_114' title='bbox 1795 3247 1842 3318; x_wconf 85' lang='lat' dir='ltr'>to.</span> <span class='ocrx_word' id='word_1_115' title='bbox 1860 3245 1900 3319; x_wconf 90' lang='lat' dir='ltr'>tn</span> <span class='ocrx_word' id='word_1_116' title='bbox 1945 3302 1952 3318; x_wconf 91' lang='lat'><em>.</em></span> 
     </span>
     <span class='ocr_line' id='line_1_16' title="bbox 728 3362 1900 3459; baseline 0 -21"><span class='ocrx_word' id='word_1_117' title='bbox 728 3363 835 3438; x_wconf 84' lang='lat' dir='ltr'>tertia</span> <span class='ocrx_word' id='word_1_118' title='bbox 856 3370 894 3437; x_wconf 85' lang='lat' dir='ltr'>et</span> <span class='ocrx_word' id='word_1_119' title='bbox 911 3363 1039 3439; x_wconf 88' lang='lat' dir='ltr'>ultima</span> <span class='ocrx_word' id='word_1_120' title='bbox 1063 3362 1172 3438; x_wconf 83' lang='lat' dir='ltr'>utiam</span> <span class='ocrx_word' id='word_1_121' title='bbox 1199 3382 1285 3459; x_wconf 85' lang='lat' dir='ltr'>quae</span> <span class='ocrx_word' id='word_1_122' title='bbox 1305 3362 1467 3438; x_wconf 88' lang='lat' dir='ltr'>nascitur</span> <span class='ocrx_word' id='word_1_123' title='bbox 1487 3383 1534 3438; x_wconf 84' lang='lat' dir='ltr'>ex</span> <span class='ocrx_word' id='word_1_124' title='bbox 1552 3363 1723 3458; x_wconf 83' lang='lat' dir='ltr'>secunda,</span> <span class='ocrx_word' id='word_1_125' title='bbox 1742 3363 1808 3438; x_wconf 89' lang='lat' dir='ltr'>ibi:</span> <span class='ocrx_word' id='word_1_126' title='bbox 1835 3368 1900 3456; x_wconf 87' lang='lat' dir='ltr'>Or,</span> 
     </span>
     <span class='ocr_line' id='line_1_17' title="bbox 725 3483 1901 3580; baseline 0.003 -24"><span class='ocrx_word' id='word_1_127' title='bbox 725 3502 791 3576; x_wconf 79' lang='lat' dir='ltr'>par</span> <span class='ocrx_word' id='word_1_128' title='bbox 821 3486 987 3576; x_wconf 67' lang='lat' dir='ltr'>mprcrd.</span> <span class='ocrx_word' id='word_1_129' title='bbox 1021 3483 1075 3558; x_wconf 76' lang='lat' dir='ltr'>td</span> <span class='ocrx_word' id='word_1_130' title='bbox 1108 3484 1270 3580; x_wconf 90' lang='lat' dir='ltr'>primum</span> <span class='ocrx_word' id='word_1_131' title='bbox 1303 3483 1397 3577; x_wconf 86' lang='lat' dir='ltr'>diuo,</span> <span class='ocrx_word' id='word_1_132' title='bbox 1431 3483 1529 3578; x_wconf 90' lang='lat' dir='ltr'>quod</span> <span class='ocrx_word' id='word_1_133' title='bbox 1559 3489 1668 3559; x_wconf 86' lang='lat' dir='ltr'>autor</span> <span class='ocrx_word' id='word_1_134' title='bbox 1702 3492 1901 3580; x_wconf 89' lang='lat' dir='ltr'>pertractat</span> 
     </span>
     <span class='ocr_line' id='line_1_18' title="bbox 728 3602 1900 3699; baseline 0.002 -22"><span class='ocrx_word' id='word_1_135' title='bbox 728 3602 962 3699; x_wconf 84' lang='lat' dir='ltr'>principalem</span> <span class='ocrx_word' id='word_1_136' title='bbox 977 3604 1233 3698; x_wconf 77' lang='lat' dir='ltr'>quastiooem3</span> <span class='ocrx_word' id='word_1_137' title='bbox 1247 3604 1310 3679; x_wconf 88' lang='lat' dir='ltr'>sed</span> <span class='ocrx_word' id='word_1_138' title='bbox 1324 3604 1443 3699; x_wconf 91' lang='lat' dir='ltr'>primo</span> <span class='ocrx_word' id='word_1_139' title='bbox 1456 3603 1642 3699; x_wconf 87' lang='lat' dir='ltr'>praemittit</span> <span class='ocrx_word' id='word_1_140' title='bbox 1656 3625 1772 3679; x_wconf 92' lang='lat' dir='ltr'>unum</span> <span class='ocrx_word' id='word_1_141' title='bbox 1790 3625 1900 3680; x_wconf 83' lang='lat' dir='ltr'>eror-</span> 
     </span>
     <span class='ocr_line' id='line_1_19' title="bbox 728 3724 1898 3821; baseline 0 -22"><span class='ocrx_word' id='word_1_142' title='bbox 728 3724 842 3817; x_wconf 92' lang='lat' dir='ltr'>dium,</span> <span class='ocrx_word' id='word_1_143' title='bbox 868 3725 1005 3820; x_wconf 86' lang='lat' dir='ltr'>inquo</span> <span class='ocrx_word' id='word_1_144' title='bbox 1032 3724 1146 3820; x_wconf 85' lang='lat' dir='ltr'>tangit</span> <span class='ocrx_word' id='word_1_145' title='bbox 1175 3745 1361 3800; x_wconf 83' lang='lat' dir='ltr'>recessum</span> <span class='ocrx_word' id='word_1_146' title='bbox 1394 3724 1596 3819; x_wconf 86' lang='lat' dir='ltr'>Justiniani,</span> <span class='ocrx_word' id='word_1_147' title='bbox 1627 3731 1665 3800; x_wconf 90' lang='lat' dir='ltr'>et</span> <span class='ocrx_word' id='word_1_148' title='bbox 1693 3724 1898 3821; x_wconf 87' lang='lat' dir='ltr'>apparatio-</span> 
     </span>
     <span class='ocr_line' id='line_1_20' title="bbox 729 3843 1900 3937; baseline 0 -20"><span class='ocrx_word' id='word_1_149' title='bbox 729 3865 814 3919; x_wconf 90' lang='lat' dir='ltr'>nem</span> <span class='ocrx_word' id='word_1_150' title='bbox 840 3844 896 3918; x_wconf 90' lang='lat' dir='ltr'>sui</span> <span class='ocrx_word' id='word_1_151' title='bbox 921 3844 968 3918; x_wconf 89' lang='lat' dir='ltr'>ud</span> <span class='ocrx_word' id='word_1_152' title='bbox 995 3864 1126 3919; x_wconf 89' lang='lat' dir='ltr'>novam</span> <span class='ocrx_word' id='word_1_153' title='bbox 1150 3845 1363 3937; x_wconf 82' lang='lat' dir='ltr'>materiam3</span> <span class='ocrx_word' id='word_1_154' title='bbox 1382 3845 1480 3919; x_wconf 86' lang='lat' dir='ltr'>unde</span> <span class='ocrx_word' id='word_1_155' title='bbox 1496 3846 1713 3919; x_wconf 89' lang='lat' dir='ltr'>continuans</span> <span class='ocrx_word' id='word_1_156' title='bbox 1730 3843 1824 3919; x_wconf 89' lang='lat' dir='ltr'>dicta</span> <span class='ocrx_word' id='word_1_157' title='bbox 1844 3843 1900 3918; x_wconf 91' lang='lat' dir='ltr'>di·</span> 
     </span>
     <span class='ocr_line' id='line_1_21' title="bbox 729 3962 1899 4061; baseline -0.003 -21"><span class='ocrx_word' id='word_1_158' title='bbox 729 3964 852 4040; x_wconf 89' lang='lat' dir='ltr'>cendis</span> <span class='ocrx_word' id='word_1_159' title='bbox 876 3963 961 4039; x_wconf 93' lang='lat' dir='ltr'>dicit</span> <span class='ocrx_word' id='word_1_160' title='bbox 985 3964 1084 4058; x_wconf 89' lang='lat' dir='ltr'>quod</span> <span class='ocrx_word' id='word_1_161' title='bbox 1104 3964 1327 4038; x_wconf 87' lang='lat' dir='ltr'>Justinianus</span> <span class='ocrx_word' id='word_1_162' title='bbox 1343 3963 1504 4038; x_wconf 86' lang='lat' dir='ltr'>cantavit</span> <span class='ocrx_word' id='word_1_163' title='bbox 1528 3962 1565 4037; x_wconf 91' lang='lat' dir='ltr'>in</span> <span class='ocrx_word' id='word_1_164' title='bbox 1592 3962 1664 4037; x_wconf 87' lang='lat' dir='ltr'>fine</span> <span class='ocrx_word' id='word_1_165' title='bbox 1680 3984 1757 4037; x_wconf 87' lang='lat' dir='ltr'>suae</span> <span class='ocrx_word' id='word_1_166' title='bbox 1778 3964 1899 4061; x_wconf 79' lang='lat' dir='ltr'>longao</span> 
     </span>
     <span class='ocr_line' id='line_1_22' title="bbox 729 4081 1898 4179; baseline 0 -20"><span class='ocrx_word' id='word_1_167' title='bbox 729 4084 903 4160; x_wconf 90' lang='lat' dir='ltr'>orationis</span> <span class='ocrx_word' id='word_1_168' title='bbox 927 4085 1054 4159; x_wconf 87' lang='lat' dir='ltr'>laudes</span> <span class='ocrx_word' id='word_1_169' title='bbox 1079 4083 1270 4179; x_wconf 77' lang='lat' dir='ltr'>ditissimo,</span> <span class='ocrx_word' id='word_1_170' title='bbox 1296 4091 1334 4158; x_wconf 83' lang='lat' dir='ltr'>et</span> <span class='ocrx_word' id='word_1_171' title='bbox 1358 4081 1538 4158; x_wconf 83' lang='lat' dir='ltr'>cantando</span> <span class='ocrx_word' id='word_1_172' title='bbox 1560 4081 1746 4179; x_wconf 79' lang='lat' dir='ltr'>disparuit.</span> <span class='ocrx_word' id='word_1_173' title='bbox 1764 4083 1898 4159; x_wconf 86' lang='lat' dir='ltr'>Ordina</span> 
     </span>
     <span class='ocr_line' id='line_1_23' title="bbox 729 4202 1899 4301; baseline -0.002 -21"><span class='ocrx_word' id='word_1_174' title='bbox 729 4223 820 4301; x_wconf 77' lang='lat' dir='ltr'>crgo</span> <span class='ocrx_word' id='word_1_175' title='bbox 845 4204 896 4279; x_wconf 91' lang='lat' dir='ltr'>sic</span> <span class='ocrx_word' id='word_1_176' title='bbox 921 4204 1063 4278; x_wconf 84' lang='lat' dir='ltr'>literam</span> <span class='ocrx_word' id='word_1_177' title='bbox 1090 4210 1128 4278; x_wconf 89' lang='lat' dir='ltr'>et</span> <span class='ocrx_word' id='word_1_178' title='bbox 1153 4223 1314 4299; x_wconf 83' lang='lat' dir='ltr'>expone:</span> <span class='ocrx_word' id='word_1_179' title='bbox 1342 4208 1432 4276; x_wconf 82' lang='lat' dir='ltr'>Essa</span> <span class='ocrx_word' id='word_1_180' title='bbox 1455 4210 1637 4294; x_wconf 74' lang='lat' dir='ltr'>numera,</span> <span class='ocrx_word' id='word_1_181' title='bbox 1657 4202 1760 4297; x_wconf 83' lang='lat' dir='ltr'>idest,</span> <span class='ocrx_word' id='word_1_182' title='bbox 1777 4204 1899 4279; x_wconf 89' lang='lat' dir='ltr'>anima</span> 
     </span>
     <span class='ocr_line' id='line_1_24' title="bbox 730 4322 1899 4419; baseline 0.001 -23"><span class='ocrx_word' id='word_1_183' title='bbox 730 4324 903 4419; x_wconf 81' lang='lat' dir='ltr'>praectara</span> <span class='ocrx_word' id='word_1_184' title='bbox 932 4322 1133 4416; x_wconf 90' lang='lat' dir='ltr'>Justiniani,</span> <span class='ocrx_word' id='word_1_185' title='bbox 1159 4343 1269 4414; x_wconf 84' lang='lat' dir='ltr'>sopra</span> <span class='ocrx_word' id='word_1_186' title='bbox 1293 4326 1330 4396; x_wconf 87' lang='lat' dir='ltr'>tu</span> <span class='ocrx_word' id='word_1_187' title='bbox 1355 4324 1441 4417; x_wconf 82' lang='lat' dir='ltr'>qaut</span> <span class='ocrx_word' id='word_1_188' title='bbox 1463 4325 1591 4415; x_wconf 83' lang='lat' dir='ltr'>duppin</span> <span class='ocrx_word' id='word_1_189' title='bbox 1616 4325 1705 4396; x_wconf 82' lang='lat' dir='ltr'>tuma</span> <span class='ocrx_word' id='word_1_190' title='bbox 1728 4326 1899 4416; x_wconf 67' lang='lat' dir='ltr'>sadduc,</span> 
     </span>
     <span class='ocr_line' id='line_1_25' title="bbox 729 4441 1900 4540; baseline 0.003 -25"><span class='ocrx_word' id='word_1_191' title='bbox 729 4441 831 4537; x_wconf 75' lang='lat' dir='ltr'>idest,</span> <span class='ocrx_word' id='word_1_192' title='bbox 857 4441 1105 4538; x_wconf 82' lang='lat' dir='ltr'>ingeminatur</span> <span class='ocrx_word' id='word_1_193' title='bbox 1130 4447 1169 4517; x_wconf 92' lang='lat' dir='ltr'>et</span> <span class='ocrx_word' id='word_1_194' title='bbox 1193 4442 1411 4537; x_wconf 85' lang='lat' dir='ltr'>duplicatur,</span> <span class='ocrx_word' id='word_1_195' title='bbox 1438 4444 1524 4537; x_wconf 91' lang='lat' dir='ltr'>quia</span> <span class='ocrx_word' id='word_1_196' title='bbox 1545 4442 1768 4517; x_wconf 85' lang='lat' dir='ltr'>Justinianus</span> <span class='ocrx_word' id='word_1_197' title='bbox 1786 4443 1900 4540; x_wconf 82' lang='lat' dir='ltr'>iulget</span> 
     </span>
     <span class='ocr_line' id='line_1_26' title="bbox 726 4561 1901 4661; baseline 0.003 -25"><span class='ocrx_word' id='word_1_198' title='bbox 726 4561 858 4660; x_wconf 87' lang='lat' dir='ltr'>duplici</span> <span class='ocrx_word' id='word_1_199' title='bbox 884 4562 1001 4659; x_wconf 81' lang='lat' dir='ltr'>gioria</span> <span class='ocrx_word' id='word_1_200' title='bbox 1022 4561 1058 4637; x_wconf 91' lang='lat' dir='ltr'>in</span> <span class='ocrx_word' id='word_1_201' title='bbox 1076 4562 1182 4657; x_wconf 88' lang='lat' dir='ltr'>coeto,</span> <span class='ocrx_word' id='word_1_202' title='bbox 1205 4563 1299 4637; x_wconf 88' lang='lat' dir='ltr'>sicut</span> <span class='ocrx_word' id='word_1_203' title='bbox 1316 4564 1352 4637; x_wconf 95' lang='lat' dir='ltr'>in</span> <span class='ocrx_word' id='word_1_204' title='bbox 1371 4563 1509 4638; x_wconf 93' lang='lat' dir='ltr'>mundo</span> <span class='ocrx_word' id='word_1_205' title='bbox 1527 4562 1594 4637; x_wconf 84' lang='lat' dir='ltr'>tuit</span> <span class='ocrx_word' id='word_1_206' title='bbox 1610 4562 1801 4659; x_wconf 86' lang='lat' dir='ltr'>dupliciter</span> <span class='ocrx_word' id='word_1_207' title='bbox 1820 4565 1901 4661; x_wconf 83' lang='lat' dir='ltr'>glo·</span> 
     </span>
     <span class='ocr_line' id='line_1_27' title="bbox 728 4681 1900 4781; baseline 0.003 -24"><span class='ocrx_word' id='word_1_208' title='bbox 728 4682 859 4777; x_wconf 84' lang='lat' dir='ltr'>riosus,</span> <span class='ocrx_word' id='word_1_209' title='bbox 890 4681 1036 4778; x_wconf 86' lang='lat' dir='ltr'>scilicet,</span> <span class='ocrx_word' id='word_1_210' title='bbox 1069 4682 1146 4757; x_wconf 90' lang='lat' dir='ltr'>utili</span> <span class='ocrx_word' id='word_1_211' title='bbox 1179 4681 1337 4758; x_wconf 88' lang='lat' dir='ltr'>editione</span> <span class='ocrx_word' id='word_1_212' title='bbox 1366 4684 1504 4780; x_wconf 83' lang='lat' dir='ltr'>legum,</span> <span class='ocrx_word' id='word_1_213' title='bbox 1531 4688 1568 4759; x_wconf 87' lang='lat' dir='ltr'>et</span> <span class='ocrx_word' id='word_1_214' title='bbox 1587 4684 1687 4781; x_wconf 77' lang='lat' dir='ltr'>iusta</span> <span class='ocrx_word' id='word_1_215' title='bbox 1712 4684 1900 4781; x_wconf 81' lang='lat' dir='ltr'>guberna-</span> 
     </span>
     <span class='ocr_line' id='line_1_28' title="bbox 728 4802 1899 4900; baseline 0.003 -25"><span class='ocrx_word' id='word_1_216' title='bbox 728 4802 828 4877; x_wconf 89' lang='lat' dir='ltr'>tione</span> <span class='ocrx_word' id='word_1_217' title='bbox 851 4803 993 4898; x_wconf 88' lang='lat' dir='ltr'>imperii</span> <span class='ocrx_word' id='word_1_218' title='bbox 1021 4803 1180 4900; x_wconf 87' lang='lat' dir='ltr'>reparati</span> <span class='ocrx_word' id='word_1_219' title='bbox 1209 4803 1347 4877; x_wconf 90' lang='lat' dir='ltr'>viribus</span> <span class='ocrx_word' id='word_1_220' title='bbox 1371 4824 1576 4899; x_wconf 89' lang='lat' dir='ltr'>armorum,</span> <span class='ocrx_word' id='word_1_221' title='bbox 1591 4807 1632 4899; x_wconf 78' lang='lat' dir='ltr'>su</span> <span class='ocrx_word' id='word_1_222' title='bbox 1654 4806 1728 4877; x_wconf 75' lang='lat' dir='ltr'>orso</span> <span class='ocrx_word' id='word_1_223' title='bbox 1753 4812 1899 4879; x_wconf 80' lang='lat' dir='ltr'>cantore</span> 
     </span>
     <span class='ocr_line' id='line_1_29' title="bbox 728 4922 1900 5020; baseline 0.005 -26"><span class='ocrx_word' id='word_1_224' title='bbox 728 4942 753 4994; x_wconf 89' lang='lat' dir='ltr'>o</span> <span class='ocrx_word' id='word_1_225' title='bbox 777 4942 844 5012; x_wconf 76' lang='lat' dir='ltr'>arc,</span> <span class='ocrx_word' id='word_1_226' title='bbox 868 4929 949 5017; x_wconf 90' lang='lat' dir='ltr'>post</span> <span class='ocrx_word' id='word_1_227' title='bbox 974 4924 1122 5020; x_wconf 83' lang='lat' dir='ltr'>tongam</span> <span class='ocrx_word' id='word_1_228' title='bbox 1147 4922 1352 4999; x_wconf 88' lang='lat' dir='ltr'>orationem</span> <span class='ocrx_word' id='word_1_229' title='bbox 1373 4945 1491 5019; x_wconf 88' lang='lat' dir='ltr'>suam,</span> <span class='ocrx_word' id='word_1_230' title='bbox 1509 4928 1711 5018; x_wconf 78' lang='lat' dir='ltr'>votpmdort</span> <span class='ocrx_word' id='word_1_231' title='bbox 1727 4928 1802 5000; x_wconf 86' lang='lat' dir='ltr'>utto</span> <span class='ocrx_word' id='word_1_232' title='bbox 1818 4933 1900 5001; x_wconf 82' lang='lat' dir='ltr'>roto</span> 
     </span>
     <span class='ocr_line' id='line_1_30' title="bbox 730 5040 1899 5144; baseline 0.005 -28"><span class='ocrx_word' id='word_1_233' title='bbox 730 5062 813 5133; x_wconf 83' lang='lat' dir='ltr'>suo,</span> <span class='ocrx_word' id='word_1_234' title='bbox 842 5040 950 5136; x_wconf 89' lang='lat' dir='ltr'>idest,</span> <span class='ocrx_word' id='word_1_235' title='bbox 981 5042 1163 5118; x_wconf 85' lang='lat' dir='ltr'>movendo</span> <span class='ocrx_word' id='word_1_236' title='bbox 1196 5064 1237 5119; x_wconf 87' lang='lat' dir='ltr'>se</span> <span class='ocrx_word' id='word_1_237' title='bbox 1271 5044 1316 5119; x_wconf 90' lang='lat' dir='ltr'>ad</span> <span class='ocrx_word' id='word_1_238' title='bbox 1342 5051 1493 5119; x_wconf 90' lang='lat' dir='ltr'>cantum</span> <span class='ocrx_word' id='word_1_239' title='bbox 1523 5040 1899 5144; x_wconf 66' lang='lat' dir='ltr'>sarmentum,</span> 
     </span>
    </p>
   </div>
   <div class='ocr_carea' id='block_1_6' title="bbox 0 0 2295 6836">
    <p class='ocr_par' dir='ltr' id='par_1_6' title="bbox 0 0 2295 6836">
     <span class='ocr_line' id='line_1_31' title="bbox 0 0 2295 6836; baseline 0 0"><span class='ocrx_word' id='word_1_240' title='bbox 0 0 2295 6836; x_wconf 95' lang='lat' dir='ltr'> </span> 
     </span>
    </p>
   </div>
  </div>
 </body>
</html>
