4575 6842
698 1017 836 1074 caurus
861 1018 1076 1073 rnreusurus
1102 1018 1296 1073 secuunus.
1513 1006 1582 1072 251

414 1167 457 1234 ut
480 1162 647 1236 omniurn
681 1168 873 1258 poetarum
905 1162 1079 1258 iigmeuta
1117 1162 1296 1257 omittam,
1324 1169 1360 1238 et
1393 1163 1582 1237 historiam

414 1301 541 1357 veram
574 1288 611 1357 et
638 1282 851 1379 allegoriam
887 1304 1035 1377 sequar,
1061 1282 1127 1357 luit
1160 1284 1293 1358 mulier
1322 1276 1493 1377 lormal¹l
1521 1284 1587 1359 de·

414 1422 514 1497 cora,
540 1400 685 1498 ingenio
716 1399 855 1494 nobilis,
883 1423 967 1496 quae
992 1424 1014 1477 a
1040 1402 1129 1477 Jove
1165 1423 1301 1500 magno
1333 1402 1500 1478 adultero
1522 1403 1587 1477 de-

414 1520 541 1596 llorata
569 1520 776 1617 virginitate
800 1522 896 1596 lacta
921 1528 975 1597 est
1001 1523 1200 1598 meretrix:
1227 1522 1309 1597 ideo
1335 1521 1587 1597 benedicitur

415 1646 556 1715 mutata
572 1640 610 1713 in
629 1661 789 1735 vaccam,
809 1646 846 1716 et
866 1641 997 1717 tradita
1022 1644 1120 1740 Argo
1143 1642 1390 1736 custodienda,
1411 1648 1513 1737 rapta
1530 1640 1585 1716 di-

413 1760 510 1836 citur
534 1782 556 1835 a
582 1761 774 1856 Mercurio,
801 1760 885 1856 quia
913 1782 1024 1837 nemo
1049 1770 1104 1837 est
1128 1768 1204 1837 tam
1227 1769 1395 1860 argutus,
1417 1761 1586 1836 oculatus

413 1889 450 1957 et
475 1887 619 1955 astutus
645 1882 707 1975 qui
735 1881 929 1957 mulierem
960 1883 1081 1957 valcat
1112 1884 1297 1958 custodire
1330 1882 1378 1957 ab
1410 1882 1585 1957 insidiosis

412 2001 552 2076 artibus
577 2000 758 2097 Mercurii,
785 2002 848 2096 qui
878 2002 977 2099 viget
1009 2003 1229 2098 eloquentia,
1254 2002 1389 2076 astutia
1422 2008 1460 2077 et
1485 2002 1585 2076 omni

411 2142 550 2219 genere
585 2122 730 2196 furtivae
765 2122 930 2197 malitiae:
965 2123 1047 2199 ideo
1080 2122 1341 2199 benedicitur
1373 2122 1587 2217 apposuisse

412 2242 462 2316 illi
493 2242 623 2317 asilum
659 2242 729 2316 sub
762 2242 931 2337 caudam,
965 2244 1067 2338 idest,
1099 2243 1288 2317 stimulum
1319 2242 1586 2337 libidinisque

414 2370 599 2459 pungente
624 2362 685 2438 diu
713 2384 807 2459 vaga
832 2363 1012 2438 discurrit.
1044 2364 1104 2437 Est
1134 2362 1233 2439 enim
1259 2362 1370 2437 asilus
1395 2362 1471 2458 apis
1498 2381 1583 2455 quae

413 2483 598 2579 supposita
628 2482 755 2557 caudae
785 2482 887 2557 bovis
916 2482 1001 2557 lacit
1029 2482 1132 2556 illum
1161 2482 1296 2557 furiose
1326 2500 1481 2556 currere
1515 2500 1583 2576 per

289 2616 303 2635 ⁵
415 2606 532 2679 multa
555 2602 738 2697 milliaria3
764 2602 846 2678 ideo
872 2604 966 2678 bene
993 2624 1052 2679 res
1078 2624 1151 2677 non
1176 2604 1328 2677 honesta
1345 2602 1507 2676 colorata
1530 2608 1585 2676 est

415 2723 484 2799 sub
504 2725 656 2799 honesta
683 2722 827 2798 fictione
852 2730 889 2797 et
914 2723 1095 2797 velamine
1120 2723 1263 2797 fabulae.
1286 2722 1370 2796 llaec
1388 2722 1500 2819 igitur
1520 2721 1583 2795 diu

412 2850 544 2941 vagata
576 2864 643 2939 per
676 2842 817 2937 orbem,
845 2843 970 2918 multis
994 2844 1178 2939 percursis
1202 2842 1406 2939 provinciis,
1431 2842 1579 2916 tandem

412 2962 558 3038 devenit
587 2962 624 3036 in
648 2962 869 3059 AEgyptum3
897 2963 958 3036 ubi
985 2963 1119 3038 semina
1145 2984 1267 3059 graeca
1293 2961 1436 3057 sapiens
1461 2962 1584 3037 docuit

412 3083 586 3183 aegyptios
621 3083 786 3157 homines
819 3082 1016 3157 imbecilles
1045 3082 1291 3179 superstitioni
1326 3088 1430 3178 aptos
1461 3083 1584 3157 colere

411 3209 595 3302 agnoscet
622 3225 668 3279 ex
702 3203 869 3300 frugibus
896 3223 1026 3298 panem
1053 3204 1258 3279 conficere:
1286 3210 1324 3279 et
1350 3202 1448 3297 quod
1474 3202 1582 3297 longe

411 3325 567 3400 nobilius
592 3324 660 3397 luit
684 3324 782 3397 dedii
807 3344 946 3397 novum
972 3345 1081 3399 usum
1109 3324 1300 3399 literarum
1326 3324 1404 3397 illis.
1428 3324 1584 3417 Propter

412 3465 496 3539 quae
530 3450 604 3518 tam
638 3444 852 3518 excellentia
878 3464 988 3538 opera
1017 3465 1090 3518 non
1115 3465 1162 3518 ex
1194 3444 1333 3518 Graecia
1359 3444 1488 3517 Isidem
1517 3462 1583 3515 ve-

412 3564 518 3658 nisse,
536 3564 598 3639 sed
619 3584 666 3639 ex
692 3564 785 3638 coelo
806 3564 978 3640 cecidisse
999 3564 1065 3639 sibi
1083 3565 1338 3659 crediderunt,
1358 3564 1455 3638 unde
1476 3570 1513 3639 et
1532 3563 1582 3636 illi

411 3684 531 3760 adhuc
556 3684 692 3759 viventi
718 3684 928 3758 tribuerunt
952 3684 1092 3760 divinos
1117 3687 1285 3760 honores.
1310 3685 1415 3760 ltlodo
1431 3683 1478 3758 ad
1495 3705 1582 3779 pro-

411 3806 569 3901 positum
596 3806 675 3879 vult
699 3804 822 3880 dicere
848 3811 974 3900 poeta:
1000 3804 1093 3880 sicut
1119 3806 1239 3901 Argus
1264 3807 1414 3880 audiens
1434 3808 1579 3880 llercu-

411 3924 509 3999 rium
536 3916 741 4021 pulsantem
767 3925 989 4000 obdormirit
1015 3926 1126 4000 nimia
1151 3927 1402 4020 delectatione,
1428 3927 1476 4001 ita
1501 3926 1577 4020 ipse

410 4046 524 4121 nimia
555 4045 746 4120 dulcedine
783 4052 914 4120 cantus
946 4044 1060 4119 auditi
1098 4044 1327 4119 obdormivit.
1363 4047 1407 4118 Et
1438 4046 1490 4119 sic
1525 4051 1580 4119 est

410 4165 546 4261 optima
572 4164 799 4260 comparatio
823 4163 869 4239 de
895 4172 1000 4259 poeta
1027 4171 1152 4237 nostro
1178 4162 1223 4237 ad
1243 4162 1397 4260 Argum,
1420 4185 1579 4258 quorum

409 4290 569 4378 uterque
593 4284 731 4378 sopitus
756 4290 812 4359 est
836 4282 1027 4359 dulcedine
1047 4304 1192 4379 magna.
1215 4284 1320 4358 Nunc
1345 4284 1392 4357 ad
1415 4283 1580 4358 literam:

409 4404 521 4477 Poeta
534 4403 649 4499 tangit
665 4402 784 4499 ipsum
805 4408 967 4498 cantum,
981 4402 1122 4479 dicens:
1144 4408 1183 4476 lo
1200 4423 1271 4476 non
1288 4406 1323 4476 lo
1337 4406 1437 4476 inlesi
1452 4406 1581 4495 diano,

407 4519 512 4616 idest,
538 4522 684 4597 laudern
712 4524 788 4598 Deo
804 4522 976 4618 debitam,
994 4525 1054 4597 cire
1071 4525 1185 4615 puello
1201 4531 1313 4615 pente,
1331 4544 1415 4618 quae
1434 4543 1581 4599 reman-

411 4649 509 4718 serat
535 4642 583 4716 ibi
609 4643 705 4718 circa
732 4666 897 4738 currum,
925 4646 1017 4717 ullor
1042 4650 1205 4735 centurn,
1230 4665 1306 4739 prae
1340 4643 1476 4742 gaudio
1505 4665 1583 4719 ma-

406 4783 492 4859 gno,
519 4784 538 4837 e
571 4767 724 4855 quinon
750 4768 783 4837 ci
805 4768 836 4838 si
860 4772 978 4857 raam,
996 4763 1083 4858 quia
1103 4764 1186 4839 talis
1211 4765 1370 4862 hymnus
1395 4786 1468 4839 nou
1495 4787 1585 4840 can-

409 4888 510 4957 tatur
534 4882 571 4956 in
599 4883 737 4958 mundo
767 4885 847 4978 isto,
878 4884 935 4959 vel
970 4904 1043 4957 nou
1076 4889 1247 4958 cantatur
1279 4884 1349 4978 hic,
1375 4884 1478 4978 idest,
1510 4906 1584 4959 non

474 5138 502 5205 (¹)
518 5141 549 5191 E.
566 5140 680 5192 formosa
696 5146 723 5193 ct
738 5142 840 5193 decom.
