4575 6842
724 955 863 1012 cassus
888 957 1079 1012 uonsmus
1104 959 1247 1014 ramus.
1522 950 1566 1016 17

399 1098 515 1174 iactos
539 1099 757 1175 christianus
782 1119 849 1194 per
873 1099 1004 1194 ipsum.
1031 1098 1242 1176 Secundum
1276 1102 1435 1194 primum
1463 1103 1567 1180 litera

398 1223 454 1292 est
477 1218 528 1294 sic
554 1219 787 1315 exponenda:
817 1223 861 1292 le
886 1222 1020 1312 saville,
1046 1218 1149 1312 idest,
1180 1218 1275 1294 dicta
1305 1221 1441 1318 Virgilii
1472 1231 1569 1298 tam-

398 1359 511 1434 quam
538 1339 632 1414 vivoe
663 1337 836 1432 scintillae,
862 1341 952 1412 made
982 1359 1070 1412 sotto
1103 1341 1274 1429 adamat,
1303 1328 1406 1429 idest,
1431 1341 1569 1416 illumi·

303 1492 306 1497 ’
399 1459 484 1553 nati,
499 1455 561 1552 piri
576 1461 615 1531 di
630 1460 733 1549 mdia,
753 1457 839 1552 quia
861 1459 976 1532 multa
1004 1459 1114 1533 millia
1140 1459 1339 1533 latinorum
1364 1459 1570 1536 didicerunt

398 1578 576 1675 poetriam
619 1583 656 1652 et
698 1578 944 1673 eloquentiam
988 1572 1172 1654 mediante
1212 1578 1384 1675 dogmate
1418 1579 1569 1677 Virgilii,

398 1701 457 1772 cle
486 1701 535 1772 ari
563 1699 707 1772 scattor
740 1699 832 1772 dello
860 1700 980 1771 diobeo
1005 1701 1165 1790 fiammo,
1189 1699 1293 1794 idest,
1317 1700 1572 1799 :accenderunt⁵

399 1824 560 1894 mentem
589 1839 709 1896 meam
736 1817 815 1892 eins
840 1817 1003 1893 doctrina
1029 1818 1161 1912 divina,
1184 1823 1225 1913 su
1248 1842 1351 1911 seme,
1378 1820 1482 1915 idest,
1509 1840 1568 1896 se-

400 1937 531 2012 mentis
556 1944 593 2012 ct
627 1937 743 2029 radix,
769 1940 808 2010 ol
834 1941 903 2010 mio
935 1941 1081 2030 ardore,
1112 1925 1215 2032 idest,
1245 1940 1386 2015 ardenti
1421 1940 1570 2037 ingenio

400 2077 485 2132 meo
509 2057 555 2132 ad
580 2057 814 2153 poetandum.
835 2057 1044 2132 Secundum
1071 2059 1183 2132 alium
1210 2059 1436 2134 intellectum
1462 2061 1568 2134 litera

401 2177 452 2252 sic
486 2183 711 2273 exponatur:
746 2181 792 2250 Le
821 2160 941 2271 sovdle
974 2181 1034 2252 cle
1067 2183 1115 2252 mt
1145 2183 1290 2255 sochor
1320 2184 1413 2255 deta
1447 2184 1570 2255 diemo

396 2301 557 2390 flammo,
574 2296 718 2390 scilicet,
736 2298 889 2374 caritate
906 2297 987 2372 fidei
1010 2298 1228 2395 christianae,
1241 2305 1305 2394 sur
1324 2323 1448 2391 scenae,
1465 2301 1571 2394 idest,

401 2419 549 2493 luerunt
562 2412 599 2510 (¹)
638 2424 725 2492 tunc
763 2417 962 2513 diminutae,
996 2422 1035 2493 ut
1063 2425 1134 2494 mio
1165 2425 1311 2516 ardore,
1343 2422 1447 2515 idest,
1483 2441 1571 2496 meo

399 2539 542 2632 amori3
569 2537 672 2631 quasi
702 2537 799 2612 dicat
823 2537 978 2612 Statius:
1013 2539 1098 2615 licet
1130 2562 1153 2615 a
1186 2549 1223 2616 to
1257 2541 1448 2617 habuerim
1484 2561 1567 2616 cre·

399 2657 588 2732 dulitatem
615 2656 696 2732 fidei
724 2677 833 2750 verae,
859 2663 984 2732 tamen
1014 2679 1121 2734 amor
1151 2681 1257 2736 meus
1288 2661 1357 2735 luit
1386 2661 1502 2734 simus
1530 2667 1569 2734 et

400 2781 520 2854 lentus
544 2778 619 2870 diu,
645 2784 683 2853 et
708 2777 758 2852 sic
785 2779 931 2872 peccavi
946 2770 982 2871 (²)
1002 2800 1068 2874 per
1092 2781 1280 2873 accidiam,
1297 2782 1393 2856 sicut
1412 2789 1567 2858 testatur

402 2898 511 2995 paulo
535 2903 625 2994 post.
643 2898 713 2974 Sed
731 2898 789 2972 hic
807 2905 904 2992 nota,
922 2899 1020 2993 quod
1038 2900 1120 2976 licet
1138 2909 1245 2996 poeta
1266 2903 1351 2978 velit
1368 2903 1468 2998 qnod
1484 2903 1571 2979 Sta-

402 3019 473 3093 tius
498 3018 668 3093 habuerit
692 3018 882 3113 aVirgilio
909 3027 1110 3115 utrumque
1135 3021 1287 3116 bonum,
1308 3023 1454 3119 scilicet,
1480 3045 1569 3120 poe-

401 3139 481 3213 triae
506 3145 544 3213 ct
569 3137 662 3232 fidei,
686 3145 809 3212 tamen
834 3139 952 3232 prima
978 3139 1153 3234 expositio
1179 3141 1246 3214 luit
1263 3143 1413 3237 melior,
1431 3144 1517 3237 quia
1537 3144 1568 3218 si

401 3260 536 3334 Statius
561 3259 629 3332 luit
654 3243 879 3333 illuminatus
904 3259 1043 3335 lumine
1069 3260 1151 3335 fidei
1177 3282 1243 3356 per
1268 3262 1470 3359 Virgilium,
1496 3285 1568 3339 non

401 3381 501 3454 millo
524 3380 596 3472 alii,
622 3379 716 3454 sicut
739 3379 844 3454 litera
869 3378 974 3454 dicit:
1000 3388 1179 3474 praeterea
1205 3381 1310 3456 litera
1328 3402 1486 3478 sequens
1503 3383 1569 3459 de·

401 3502 516 3577 clarat
545 3519 717 3594 expresse
742 3500 840 3593 quod
870 3499 1033 3594 loquitur
1063 3501 1265 3575 secundum
1295 3501 1457 3596 primum
1488 3493 1570 3578 mo-

400 3621 501 3695 dum.
532 3619 635 3694 Unde
667 3619 811 3692 subdit:
845 3620 1068 3692 dellEoeida
1098 3623 1190 3712 dm,
1228 3621 1292 3715 qui
1327 3619 1419 3696 liber
1454 3627 1571 3715 potest

401 3740 470 3818 dici
504 3740 693 3837 speculum
728 3741 901 3814 hnmanae
933 3739 1027 3833 ritoe,
1053 3740 1155 3814 sicut
1176 3741 1263 3815 dicit
1290 3741 1500 3818 Aristoteles
1524 3740 1571 3816 do

378 3861 560 3958 ·0dyssea
584 3858 734 3934 Homeri
766 3859 801 3931 in
826 3859 1052 3952 Rhetoricis3
1077 3863 1113 3932 to
1142 3861 1228 3952 quoi
1247 3864 1371 3952 summi
1401 3881 1570 3951 maimo,

402 3984 505 4076 idest,
525 3979 685 4056 mamilla
702 3978 827 4071 dulcis,
846 3980 903 4053 rcl
923 3999 1091 4071 maome,
1110 3979 1212 4073 idest,
1230 3987 1361 4073 mater,
1375 3981 1569 4075 propinans

403 4104 491 4178 mihi
517 4101 676 4197 primum
704 4101 760 4174 lac
785 4098 957 4193 poetriae:
983 4099 1081 4175 unde
1106 4099 1210 4174 dicit:
1237 4104 1317 4194 eso
1341 4105 1414 4173 mio
1437 4103 1570 4174 nutrice

400 4225 588 4318 portando,
613 4221 695 4296 ideo
720 4219 842 4293 studui
869 4219 952 4293 totis
979 4220 1116 4294 viribus
1145 4220 1278 4295 imitari
1307 4221 1427 4315 ipsum
1452 4241 1568 4315 opus,

404 4344 502 4420 unde
526 4341 629 4416 dicit:
655 4342 839 4414 sarz'esso
863 4359 935 4412 aco
953 4343 1082 4434 [mmai
1098 4361 1183 4432 peso
1207 4342 1245 4413 di
1269 4342 1447 4431 drommo,
1465 4339 1569 4433 quasi

403 4465 511 4558 dicat,
536 4484 610 4538 non
636 4460 778 4535 lirmavi
806 4460 999 4533 minimum
1025 4468 1202 4554 punctum
1234 4460 1292 4534 vel
1322 4479 1481 4554 passum
1509 4459 1571 4533 Est

405 4585 503 4660 enim
519 4583 694 4658 drachma
711 4581 907 4676 parvulum
927 4579 1079 4673 pondos,
1097 4600 1173 4672 quo
1190 4585 1346 4653 utuntur
1366 4578 1513 4654 modici:
1532 4585 1571 4654 et

404 4705 509 4797 hene,
536 4702 708 4797 quoniam
733 4692 932 4774 Statius'in
957 4721 1025 4774 suo
1050 4699 1252 4774 Thebaidos
1272 4719 1418 4794 semper
1445 4699 1572 4773 nititur

403 4823 536 4898 imitari
563 4822 697 4896 Eneida
724 4819 872 4916 Virgilii,
899 4839 973 4894 non
999 4819 1118 4892 solum
1140 4819 1178 4893 in
1195 4840 1353 4895 numero
1377 4819 1572 4911 librorum,

468 5081 495 5145 (¹)
511 5081 537 5132 S.
553 5081 661 5132 luerunt
675 5093 777 5132 summo
793 5080 934 5132 diminuto.
1121 5074 1149 5138 (¹)
1165 5077 1196 5129 E.
1211 5077 1313 5142 mouri
1329 5089 1385 5140 por.

412 5156 419 5174 h

538 5189 576 5233 IV.
1425 5185 1439 5226 1
