4575 6842
716 943 786 1012 306
1107 953 1312 1009 compununt
1336 955 1503 1008 nnnnnrsr

710 1099 805 1174 duce
825 1119 910 1194 quae
927 1097 973 1174 do
993 1098 1118 1193 asello,
1137 1097 1204 1172 nisi
1220 1097 1406 1194 scriptoris
1424 1097 1643 1175 beneficium
1662 1100 1886 1176 subveniret

713 1219 868 1294 Scienlia
885 1240 977 1315 ergo
996 1220 1158 1293 multum
1176 1219 1344 1294 honestat
1360 1219 1601 1316 nobilitatem,
1619 1227 1658 1296 et
1676 1220 1773 1296 bone
1792 1225 1895 1297 stant

710 1340 829 1415 simul.
851 1340 954 1416 Unde
979 1337 1129 1416 scientia
1147 1339 1342 1415 literarum
1370 1346 1407 1415 et
1428 1360 1622 1416 armorum
1645 1341 1772 1416 militia
1790 1362 1889 1417 sern-

711 1481 777 1556 per
795 1461 953 1536 inrentae
969 1466 1055 1534 suut
1072 1458 1169 1556 apud
1183 1480 1325 1554 graecos
1343 1467 1380 1535 et
1397 1460 1545 1537 latinos:
1560 1461 1642 1536 ideo
1661 1461 1757 1538 bone
1769 1461 1888 1558 Scipio

712 1581 902 1656 diricanus
922 1579 1146 1655 clarissimus
1166 1580 1421 1675 cupidissimus
1433 1581 1562 1677 gloriae
1579 1589 1704 1676 poetas
1717 1582 1777 1656 sui
1791 1589 1888 1677 tem-

711 1701 809 1798 poris
834 1701 996 1776 maxime
1021 1699 1135 1775 coluit
1160 1708 1198 1775 et
1222 1700 1358 1796 dilexit,
1379 1707 1417 1777 et
1441 1710 1529 1778 ante
1553 1702 1644 1778 alios
1669 1703 1798 1779 habuit
1823 1724 1887 1779 ca·

712 1844 797 1897 rum
824 1822 981 1896 Ennium
1012 1827 1173 1917 poetam,
1199 1841 1314 1915 quem
1340 1842 1487 1918 sempor
1516 1822 1645 1898 habuit
1674 1823 1817 1899 socium
1849 1825 1888 1897 in

712 1943 883 2017 omnibus
908 1941 1023 2036 bellis,
1049 1949 1085 2017 ot
1112 1948 1243 2017 testem
1270 1963 1424 2018 suarum
1450 1963 1578 2018 rerum
1609 1964 1756 2039 semper
1780 1944 1886 2020 lateri

712 2084 781 2138 suo
807 2064 1027 2158 herentem,
1053 2070 1091 2137 et
1115 2063 1268 2138 domurn
1295 2063 1354 2138 dic
1379 2063 1554 2158 triumphi
1580 2063 1713 2159 duplici
1733 2063 1888 2138 Cartha-

711 2185 796 2281 gine
821 2185 917 2259 victa
942 2184 1142 2260 ascendens
1159 2184 1377 2280 Capitolium
1394 2184 1512 2259 victor
1532 2185 1723 2270 laureatus
1739 2186 1904 2262 laurea--

712 2310 791 2378 tum
819 2304 922 2378 illum
950 2325 1077 2380 secum
1104 2304 1241 2378 retulit.
1267 2306 1420 2400 insuper
1440 2311 1478 2380 et
1498 2304 1595 2379 illius
1611 2305 1707 2380 senis
1724 2305 1887 2402 effigiem

711 2424 825 2520 sculpi
851 2424 936 2499 lecit
960 2423 997 2498 in
1022 2425 1192 2519 sepulcro
1209 2423 1420 2519 Scipionum
1434 2425 1543 2520 juxta
1560 2424 1758 2522 imaginem
1779 2446 1886 2500 suam

713 2552 751 2620 et
766 2543 908 2619 fratris:
935 2543 992 2618 rir
1016 2548 1117 2619 certe
1142 2543 1286 2640 dignior
1306 2544 1468 2619 Homero
1488 2552 1527 2620 et
1547 2544 1696 2640 Virgilio
1716 2565 1886 2640 praecone

715 2686 828 2760 quam
860 2665 995 2759 Ennio;
1027 2664 1215 2759 quoniam,
1241 2669 1284 2738 ut
1312 2664 1363 2740 ait
1395 2664 1556 2759 Ovidius,
1581 2669 1715 2740 Ennim
1748 2670 1888 2758 ingenio

716 2789 905 2881 munimus,
934 2793 1012 2861 arte
1036 2789 1147 2860 rudis.
1179 2786 1233 2861 lle
1262 2785 1370 2860 cuius
1397 2785 1501 2860 dictis
1533 2806 1687 2882 carpens
1717 2787 1887 2885 Virgilius

716 2906 833 2980 lertur
858 2906 1010 2982 dixisse:
1043 2910 1120 2996 leno
1145 2926 1274 2980 nurum
1305 2909 1343 2978 in
1373 2897 1538 2982 stercore
1556 2909 1670 2980 Ennii
1697 2907 1768 2982 Sed
1798 2928 1888 2984 ecce

713 3026 825 3100 coluit
851 3047 945 3121 quos
970 3027 1104 3123 potuit;
1132 3025 1196 3100 sed
1220 3025 1287 3101 liei
1310 3025 1430 3122 gratia
1450 3025 1629 3122 principes
1651 3028 1765 3104 nostri
1792 3035 1887 3104 tom·

711 3147 810 3242 poris
835 3147 881 3222 de
907 3148 976 3222 lxoc
993 3168 1124 3243 parurn
1146 3153 1289 3221 curant.
1316 3149 1504 3244 Augustus
1521 3167 1624 3244 vero,
1645 3170 1721 3244 quo
1737 3150 1792 3225 sol
1811 3151 1887 3225 cla·

601 3245 604 3254 ’
712 3267 849 3341 riorem
877 3288 950 3342 non
976 3266 1063 3340 vidit
1090 3267 1126 3339 in
1152 3266 1255 3360 orbe,
1281 3265 1420 3361 etipse
1446 3288 1603 3364 magnus
1630 3275 1737 3363 poeta
1762 3277 1888 3365 poetas

714 3407 862 3461 summe
886 3386 1025 3461 amavit
1051 3397 1089 3462 et
1113 3385 1326 3479 honoravit,
1348 3386 1431 3462 ideo
1456 3393 1545 3462 tunc
1571 3387 1677 3462 mulli
1702 3395 1740 3464 el
1765 3390 1888 3486 magni

695 3594 700 3600 ¹
710 3512 832 3602 poetae
850 3508 1077 3600 claruerunt,
1095 3505 1190 3580 sicut
1208 3505 1378 3602 Virgilius
1394 3507 1507 3601 llaro,
1524 3506 1669 3582 llarcus
1688 3507 1798 3602 Varo,
1814 3509 1890 3583 llo·

711 3627 829 3703 ratius
852 3626 1015 3720 Flaccus,
1033 3624 1183 3700 Ovidius
1200 3627 1307 3721 Naso,
1327 3625 1521 3714 Quintilius
1542 3627 1673 3722 Varus,
1700 3628 1890 3704 Cornelius

714 3747 850 3841 Gallus,
876 3747 1020 3821 Asinius
1046 3746 1172 3842 Pollio,
1197 3755 1237 3822 ot
1266 3747 1327 3821 alii
1358 3746 1518 3843 plurimi.
1545 3747 1643 3844 Ergo
1668 3749 1891 3824 nobilissima

712 3868 862 3944 scientia
896 3868 1207 3942 nobilissimorum
1241 3867 1446 3963 principum
1484 3868 1711 3964 temporibus
1747 3870 1815 3944 luit
1854 3871 1891 3944 in

713 3990 840 4087 pretio.
873 3986 1019 4064 Poelria
1050 3989 1163 4084 igitur
1189 4010 1285 4084 quae,
1315 3994 1409 4064 teste
1444 3990 1669 4085 philosopho,
1698 3991 1747 4066 ab
1776 3991 1891 4065 animi

714 4111 901 4186 nobilitate
927 4111 1100 4205 manarit,
1127 4110 1244 4206 viguit
1267 4109 1385 4206 primo
1411 4109 1448 4183 in
1473 4111 1614 4186 Graecia
1639 4111 1809 4187 omniurn
1836 4112 1892 4187 di·'

714 4230 948 4326 sciplinarum
967 4232 1067 4306 lonte
1083 4236 1171 4306 ante
1187 4229 1449 4326 phdosophiam
1464 4238 1502 4305 ot
1518 4251 1666 4306 omnem
1681 4230 1890 4310 seientiam:

715 4349 816 4446 prior
841 4351 938 4424 enirn
966 4350 1034 4424 luit
1066 4351 1250 4425 Homerus
1280 4355 1318 4425 el
1349 4348 1571 4444 Pronapides
1597 4350 1772 4446 magister
1797 4351 1891 4444 eius,

714 4469 892 4546 Pindarus
925 4481 962 4547 et
995 4470 1205 4566 Sophocles,
1231 4490 1343 4564 quarn
1368 4470 1591 4565 Aristotcles,
1618 4470 1731 4565 Plato,
1757 4472 1892 4568 Pytha-

713 4612 836 4689 goraS,
854 4592 1092 4686 Anaxagoras
1117 4598 1156 4666 ot
1180 4589 1240 4664 alii
1258 4590 1477 4686 philosophi:
1496 4589 1694 4666 *simdiler
1714 4591 1813 4688 apud
1830 4611 1893 4666 ro-

717 4732 845 4786 manos
870 4711 933 4785 diu
960 4711 1111 4786 luerunt
1137 4711 1174 4784 in
1201 4711 1342 4787 honore
1366 4717 1486 4807 poetae
1507 4712 1610 4808 prius
1635 4733 1749 4806 quam
1775 4711 1893 4808 philo·

716 4825 917 4926 sophi*(¹),
944 4836 985 4904 ut
1017 4831 1149 4905 asserit
1180 4830 1331 4925 Tullius,
1362 4832 1482 4927 primo
1514 4832 1826 4926 Tusculanarum,
1855 4837 1893 4904 et

777 5090 805 5153 (¹)
821 5091 856 5140 Lo
874 5089 1020 5154 perolalra
1036 5091 1044 5141 l
1061 5091 1112 5142 duo
1128 5091 1262 5142 asterisclxi
1278 5105 1325 5142 son
1341 5091 1453 5156 supplite
1469 5092 1510 5143 dul
1524 5091 1611 5143 Codici
1627 5093 1803 5144 recuruum.
