4575 6842
718 942 789 1011 208
1004 906 1006 911 ⁵
1078 952 1282 1009 couunruu
1306 951 1527 1008 runoamnu

716 1098 753 1173 in
779 1099 858 1175 eius
883 1099 1074 1175 honorem.
1101 1097 1206 1173 Unde
1233 1098 1337 1171 dicit:
1374 1100 1463 1171 lutto·
1494 1097 1659 1169 demam
1688 1099 1890 1171 Benedictus

716 1222 776 1311 poi
798 1220 895 1293 venis
919 1218 1123 1293 innomine
1144 1218 1288 1291 Domini
1306 1223 1374 1292 etc.
1393 1216 1439 1291 ut
1453 1214 1556 1291 dicit:
1574 1238 1595 1289 e
1610 1219 1770 1308 puram
1791 1220 1888 1311 fiori,

716 1337 765 1411 illi
792 1338 924 1435 angeli,
950 1343 1088 1433 repete,
1113 1336 1293 1430 dicebant,
1328 1339 1456 1410 odutc
1483 1338 1557 1409 tilio
1582 1339 1696 1429 pletis
1718 1338 1889 1411 nmnitm.

715 1458 768 1533 Ad
794 1458 900 1533 cuius
925 1458 1040 1533 literae
1057 1458 1332 1555 intelligentiam
1350 1456 1462 1533 debes
1478 1456 1573 1531 scire
1590 1458 1689 1551 quod
1706 1458 1801 1533 sicut
1820 1458 1891 1533 lin-

715 1578 769 1675 git
793 1578 964 1677 Virgilius
990 1579 1035 1653 Vl
1060 1578 1227 1672 Eneidos,
1252 1579 1371 1654 lineas
1386 1577 1520 1654 ductus
1544 1578 1590 1653 ad
1616 1578 1801 1655 inlernum
1823 1600 1890 1674 per

569 1792 574 1806 Ι
717 1697 890 1795 Sybillam
924 1698 1071 1793 reperiit
1110 1697 1148 1770 in
1183 1699 1265 1772 loco
1295 1718 1445 1773 amoeno
1483 1697 1651 1773 virorum
1691 1698 1888 1773 illustrium

717 1818 908 1893 Anchisem
936 1824 1077 1913 patrem
1104 1838 1229 1912 suum,
1251 1818 1314 1911 qui
1332 1818 1428 1893 inter
1452 1817 1523 1893 alia
1548 1817 1706 1893 ostendit
1723 1819 1889 1894 sibiadl-

716 1938 986 2034 masvirorum
1013 1937 1211 2013 illustrium
1243 1958 1497 2033 mmanorum,
1523 1938 1586 2033 qui
1612 1938 1795 2014 debebant
1824 1939 1890 2013 de·

716 2062 891 2139 scendere
916 2062 953 2135 in
978 2081 1117 2157 genere
1142 2082 1222 2156 suo,
1248 2060 1345 2136 inter
1374 2082 1469 2155 quos
1493 2061 1650 2137 ostendit
1663 2054 1701 2153 (¹)
1727 2060 1888 2135 animam

714 2182 914 2279 gloriosam¹
937 2181 1095 2257 Marcelli
1121 2181 1263 2277 nepotis
1286 2182 1443 2279 Augusti
1471 2202 1518 2256 ex
1544 2202 1683 2276 sorore,
1710 2182 1774 2276 qni
1797 2182 1888 2256 ado·

716 2302 938 2379 lesceutulus
952 2302 1056 2377 mirae
1068 2300 1198 2377 indolis
1211 2302 1383 2376 omnibus
1395 2307 1524 2399 gratus
1537 2308 1575 2377 et
1586 2301 1740 2377 dilectus
1754 2301 1888 2377 acerba

716 2427 836 2497 morte
861 2428 987 2517 raptus
1013 2420 1130 2495 estin
1156 2420 1233 2517 ipso
1257 2422 1350 2496 llore
1374 2422 1501 2496 aetatis.
1524 2422 1629 2497 Modo
1653 2421 1699 2495 ad
1725 2421 1890 2516 proposi·

715 2547 796 2615 tum
810 2540 981 2617 Anchises
999 2541 1083 2617 lecit
1100 2562 1275 2638 magnam
1292 2540 1647 2617 commendationem
1667 2562 1778 2636 supra
1791 2542 1889 2615 ldar-

716 2661 864 2755 cellum,
890 2668 927 2735 et
953 2662 1078 2738 volens
1102 2661 1226 2737 lacere
1243 2648 1392 2756 testum,
1408 2662 1516 2735 dixit:
1539 2667 1590 2735 l'u
1608 2664 1792 2735 Marcellus
1816 2664 1888 2735 eris

715 2784 875 2857 munima
903 2782 984 2855 dote
1012 2785 1086 2857 uta
1113 2785 1251 2876 poam
1283 2783 1388 2877 quasi
1417 2782 1574 2859 diceret:
1605 2782 1690 2858 date
1722 2782 1808 2857 milri
1842 2782 1889 2857 de

717 2902 868 2977 floribus
893 2902 930 2975 in
956 2922 1089 2999 magna
1115 2902 1219 2997 copia
1253 2909 1295 2976 ut
1325 2922 1539 2999 respergam
1559 2904 1737 2998 juvenem
1764 2903 1886 2976 istum.

716 3024 756 3097 ln
782 3024 851 3098 lroc
876 3030 1001 3099 autem
1029 3023 1200 3119 Virgilius
1216 3024 1402 3119 applaudit
1418 3023 1596 3119 Angusto,
1613 3024 1714 3117 quud
1727 3015 1764 3115 (¹)
1782 3024 1889 3097 nimis

715 3144 894 3219 dilexerat
918 3163 1079 3238 puerum
1104 3142 1237 3238 istum;
1263 3144 1362 3219 unde
1386 3164 1461 3219 non
1485 3144 1603 3239 potuit
1627 3144 1817 3219 continere
1833 3145 1889 3218 la·

714 3284 862 3360 crymas
886 3284 972 3337 cum
998 3261 1171 3359 Virgilius
1186 3262 1224 3336 in
1243 3263 1455 3339 recitatione
1471 3262 1697 3359 pervenisset
1713 3264 1760 3339 ad
1776 3264 1886 3337 istum

714 3405 882 3480 passum;
897 3390 1016 3458 mater
1033 3382 1144 3457 etiam
1163 3383 1268 3477 pueri
1286 3405 1477 3478 nunquam
1494 3384 1608 3459 voluit
1622 3384 1787 3480 recipere
1798 3405 1888 3458 con-

713 3504 929 3580 solationem
956 3522 1077 3597 usque
1102 3503 1147 3578 ad
1166 3509 1346 3579 mortem:
1364 3504 1414 3579 ita
1431 3525 1531 3579 nnnc
1547 3506 1584 3578 in
1601 3504 1785 3600 proposito
1802 3503 1889 3579 dicit

580 3679 584 3688 .
713 3631 821 3721 poeta
847 3624 946 3717 quod
973 3644 1072 3697 nunc
1097 3623 1218 3719 augeli
1243 3644 1331 3698 cum
1355 3631 1467 3699 cantu
1488 3631 1525 3700 et
1537 3624 1655 3720 jubilo
1679 3625 1888 3699 clamabant

713 3751 879 3842 petentes
904 3746 1013 3819 llores
1038 3743 1173 3838 quibus
1198 3751 1423 3820 exornarent
1446 3765 1613 3821 currum.
1637 3746 1682 3818 Et
1706 3746 1763 3820 lric
1789 3751 1886 3838 nota,

714 3867 841 3961 lector,
868 3863 1141 3959 quodquidam
1173 3866 1355 3961 sapientes
1384 3865 1492 3941 aliter
1523 3871 1712 3961 exponunt
1741 3865 1886 3941 literam

714 3987 842 4063 iatam:
872 3985 999 4061 dicunt
1028 3985 1125 4061 enim
1159 3986 1259 4080 qnod
1291 3986 1359 4061 ista
1389 3986 1601 4081 solemnitas
1630 4008 1765 4083 magna
1794 3987 1888 4062 iacta

715 4114 771 4183 est
796 4107 854 4183 lric
883 4128 950 4202 pro
983 4106 1224 4181 conversione
1254 4107 1416 4202 autoris3
1441 4107 1541 4181 unde
1565 4114 1754 4203 exponunt
1787 4107 1887 4202 illud,

715 4228 906 4303 modom
931 4229 991 4319 pul
1015 4228 1122 4320 oeus,
1152 4231 1232 4300 otu
1251 4228 1406 4322 Dantes3
1423 4226 1487 4303 sed
1512 4227 1600 4301 milri
1621 4227 1767 4303 videtur
1788 4228 1888 4322 quod

716 4347 820 4423 litera
846 4347 980 4422 haheat
991 4336 1026 4439 (³)
1046 4346 1214 4421 altiorem
1232 4347 1457 4423 intellectum
1474 4348 1677 4423 secundum
1696 4349 1886 4443 quodiam

715 4467 889 4563 exposui3
917 4488 1002 4541 nam
1028 4474 1135 4563 poeta
1162 4470 1288 4542 volens
1312 4469 1436 4544 iacere
1466 4469 1741 4545 venerationem
1768 4476 1807 4545 et
1830 4472 1888 4545 in·

715 4588 991 4687 vestigationem
1017 4588 1192 4663 Beatricis
1218 4589 1349 4664 totiens
1378 4588 1445 4664 sibi
1471 4590 1660 4684 pmmissae
1685 4596 1722 4665 et
1747 4590 1886 4665 tamdiu

716 4715 928 4807 expectatae,
941 4709 1027 4785 lacit
1040 4710 1346 4805 preparationem
1363 4711 1410 4785 ad
1427 4712 1498 4785 lroc
1515 4710 1690 4785 inducens
1709 4732 1886 4809 magnum

716 4851 841 4906 senem
869 4830 933 4924 qui
958 4829 1086 4904 invitat
1111 4829 1314 4924 ecclesiam,
1340 4830 1483 4906 diceus:
1517 4834 1600 4905 Veni
1620 4852 1753 4923 sponsa
1768 4834 1812 4905 de
1828 4834 1887 4903 Li*

778 5015 805 5076 ι’)
822 5020 875 5077 117,
892 5016 1004 5067 ostendit
1019 5017 1067 5067 ulti
1084 5017 1205 5066 animam.
1346 5014 1374 5078 (¹)
1390 5016 1421 5066 Ε.
1437 5016 1482 5081 qni
1499 5018 1583 5068 nimi&

778 5090 807 5153 (⁸)
822 5092 854 5143 R.
870 5092 962 5143 natent
977 5094 1115 5145 clariorem
1131 5097 1160 5144 ct
1173 5092 1302 5143 altiorem.
