4575 6842
732 978 870 1034 caurus
895 979 1087 1033 rronsruus
1111 979 1254 1032 ramus.
1529 965 1574 1033 15

402 1123 497 1198 viter
522 1123 654 1219 dicam,
671 1122 908 1220 Augustinus,
926 1122 1183 1218 Hieronymus,
1203 1123 1369 1218 Rufinus,
1386 1122 1575 1214 Horosius,

402 1250 439 1319 et
464 1243 588 1318 caeteri
614 1243 650 1316 in
676 1244 746 1317 boc
771 1241 1003 1317 concordant.
1034 1241 1106 1317 Sed
1136 1242 1232 1317 bene
1256 1241 1378 1317 divina
1404 1243 1575 1318 maiestas

402 1363 453 1440 sic
479 1363 604 1439 statuit
629 1368 777 1459 propter
803 1369 951 1457 peccata
972 1361 1207 1471 judaeorum,¹
1224 1363 1311 1457 quia
1342 1362 1389 1438 de
1420 1361 1576 1438 inimicis

404 1483 495 1559 meis
521 1483 716 1558 vindictam
734 1481 876 1556 faciam.
891 1521 940 1536 -
959 1488 1079 1556 Tanto.
1097 1483 1163 1557 Hic
1180 1482 1316 1556 Statius
1333 1482 1420 1577 quia
1437 1481 1575 1557 descri-

403 1610 527 1701 pserat
552 1623 592 1678 se
617 1625 639 1677 a
666 1602 775 1677 nobiti
802 1601 962 1696 scientia,
983 1602 1154 1678 describit
1169 1623 1211 1678 se
1227 1624 1250 1677 a
1266 1603 1371 1677 suavi
1397 1603 1576 1697 eloquen-

403 1724 464 1819 tia,
490 1723 631 1799 dicens:
665 1728 775 1796 Tanto
802 1727 843 1817 [a
873 1725 971 1796 dolce
1000 1727 1070 1796 mio
1100 1726 1220 1797 vocale
1242 1725 1364 1815 spirtu.
1391 1722 1455 1796 Hic
1480 1721 1576 1817 capit

403 1844 569 1940 spiritum
603 1850 714 1940 prout
735 1835 772 1936 (¹)
799 1843 966 1919 accidens
998 1843 1157 1940 syliabae,
1184 1844 1289 1938 quasi
1314 1843 1427 1918 dicat:
1461 1865 1575 1918 sonus

403 1963 503 2039 vocis
534 1984 627 2038 meae
662 1971 699 2039 el
732 1962 1036 2059 pronuntiationis
1067 1983 1153 2037 cum
1184 1984 1320 2060 magna
1353 1964 1579 2059 eloquentia,

404 2103 488 2179 quae
514 2090 613 2178 patet
639 2103 685 2158 eu
711 2083 884 2178 operibus
908 2083 1000 2178 eius,
1017 2083 1064 2158 de
1082 2104 1155 2177 qua
1173 2083 1258 2158 dicit
1271 2075 1308 2176 (Ἴ
1336 2083 1521 2158 luvenalis
1537 2083 1575 2156 in

403 2204 551 2299 Satyra:
581 2207 749 2279 curritur·
773 2207 823 2279 od
854 2225 972 2278 vocem
992 2205 1191 2296 jucundam
1221 2212 1254 2277 el
1285 2225 1429 2277 carmen
1453 2207 1576 2278 abaco

409 2325 611 2416 Thebaidos,
636 2328 752 2398 lolem
788 2345 866 2397 cum
900 2327 982 2417 fecit
1016 2327 1145 2398 Statius
1183 2325 1314 2416 urbem,
1345 2327 1577 2417 Promisltpue

402 2447 517 2538 dlem;
543 2451 642 2519 tanta
671 2446 849 2519 dulcedine
878 2452 998 2536 captos
1023 2447 1134 2536 Afficil
1156 2447 1213 2519 ille
1237 2448 1374 2518 animm
1398 2452 1466 2519 etc.
1496 2447 1576 2535 cte,

404 2571 517 2640 Rotae
543 2567 703 2638 trassemi
732 2566 904 2638 Toletano
929 2587 954 2637 o
976 2588 1023 2638 se.
1051 2565 1133 2639 Fuit
1154 2564 1251 2641 enim
1273 2565 1410 2639 Statius
1434 2564 1576 2662 origine

403 2685 449 2762 de
474 2686 582 2760 nobiti
617 2686 759 2778 Tolosa,
791 2705 875 2780 quae
906 2692 961 2760 est
991 2684 1117 2760 civitas
1150 2685 1186 2759 in
1216 2685 1403 2780 provincia
1432 2685 1576 2760 Narbo-

404 2808 519 2901 nensi,
545 2805 643 2882 unde
668 2806 767 2881 venit
791 2806 947 2881 Romam
973 2812 1142 2901 tempore
1162 2805 1382 2901 Vespasiani,
1401 2813 1439 2882 et
1455 2827 1576 2901 usque

404 2926 441 2999 in
468 2933 634 3022 tempora
663 2924 856 3000 Domitiani
890 2925 1070 3021 pervenit,
1096 2925 1159 3000 ubi
1189 2924 1318 3000 enituit
1347 2925 1468 3022 fulgor
1498 2928 1576 3001 elo-

404 3047 564 3140 quentiae
588 3067 675 3120 suae.
703 3044 806 3120 Unde
830 3044 933 3120 dicit:
959 3049 1048 3120 dove
1064 3047 1190 3118 motui
1206 3046 1237 3118 le
1251 3047 1372 3138 temple
1395 3066 1510 3120 orbor
1539 3049 1577 3120 di

404 3168 518 3240 mirto.
544 3167 655 3256 Quasi
680 3165 798 3241 dicat:
832 3165 885 3239 tui
909 3171 1106 3240 coronatus
1132 3163 1266 3239 merito
1296 3163 1425 3239 fronde
1450 3165 1575 3262 myrti,

404 3306 489 3380 quae
514 3294 569 3361 est
593 3287 705 3362 arbor
730 3286 845 3361 calida
868 3288 1040 3380 muttum,
1057 3283 1103 3360 ad
1123 3284 1375 3359 denotandum
1403 3286 1576 3362 ardorem

404 3405 537 3502 ingenii
564 3406 704 3501 poetici.
734 3407 856 3481 Muitae
887 3413 1012 3482 tamen
1041 3413 1148 3480 erant
1175 3404 1262 3479 oiim
1288 3397 1493 3499 comoed)
1529 3407 1578 3482 de

404 3524 538 3620 quibus
563 3525 705 3601 dicetur
731 3526 850 3621 primo
875 3525 1033 3621 capituto
1059 3524 1231 3599 Paradisi.
1249 3524 1388 3600 Deinde
1404 3525 1577 3601 describit

403 3666 444 3720 se
468 3667 489 3720 a
517 3647 665 3721 nomine
689 3646 837 3743 proprio
863 3645 1005 3720 dicens:
1032 3647 1069 3718 la
1088 3653 1187 3737 pente
1205 3668 1318 3718 eaeor
1342 3650 1392 3720 mi
1415 3668 1523 3720 noma
1540 3650 1579 3721 di

404 3753 453 3854 ld,
479 3763 625 3857 scilicet,
651 3763 688 3838 in
714 3763 852 3838 mundo
877 3763 1100 3839 virentium:
1119 3771 1158 3839 et
1182 3764 1233 3838 sic
1250 3765 1413 3859 loquitur
1430 3766 1577 3861 Statius,

405 3883 491 3977 quia
523 3883 657 3959 Dantes
689 3891 769 3959 erat
801 3885 848 3959 ibi
882 3885 1011 3979 rivus3
1048 3888 1179 3959 Slazio.
1205 3886 1281 3959 Hoc
1308 3907 1443 3961 nomen
1471 3893 1580 3961 sonat

404 4003 589 4099 effectum,
616 4003 703 4098 quia
729 4004 826 4080 stetit
851 4004 912 4079 diu
939 4005 1105 4080 occultus
1130 4003 1347 4079 christianus
1375 4005 1412 4079 in
1438 4005 1512 4080 rita
1539 4013 1579 4081 et

404 4128 484 4220 post
511 4131 670 4199 mortem
696 4125 794 4199 stetit
819 4145 885 4220 per
910 4131 964 4199 tot
989 4126 1132 4219 secula3
1154 4132 1192 4200 et
1212 4123 1306 4198 sicut
1331 4124 1502 4222 Virgilius
1521 4126 1577 4201 di·

405 4251 485 4318 ctus
510 4252 565 4319 est
589 4265 612 4318 a
638 4244 753 4341 virga,
779 4245 829 4319 ita
854 4245 988 4319 Statius
1014 4243 1131 4318 dictus
1162 4251 1217 4319 est
1248 4244 1420 4318 surculus
1445 4267 1467 4320 a
1492 4268 1577 4320 sur·

405 4366 500 4459 culo,
527 4364 612 4460 quia
628 4353 665 4456 (ἢ
692 4364 787 4440 idem
818 4373 934 4440 sonat.
968 4364 1105 4440 Deinde
1129 4365 1265 4439 Statius
1289 4365 1462 4439 describit
1489 4387 1531 4442 se
1555 4388 1579 4441 a

404 4485 536 4581 duplici
562 4485 717 4560 materia
742 4485 788 4561 de
814 4506 887 4581 qua
913 4486 1064 4581 scripsit,
1091 4485 1235 4560 dicens:
1260 4489 1380 4559 canni
1407 4489 1445 4559 di
1480 4487 1579 4577 Tabe,

405 4603 507 4698 idest,
526 4605 666 4700 poetice
692 4604 863 4700 descripsi
883 4604 1075 4679 materiam
1096 4606 1315 4679 thebanam:
1334 4627 1419 4680 nam
1441 4605 1578 4681 Statius

406 4723 532 4798 ridens
553 4723 813 4800 dissensionem
832 4745 913 4800 esse
929 4724 1025 4800 inter
1041 4725 1164 4798 Titum
1182 4731 1220 4800 et
1235 4725 1484 4801 bomitianum
1502 4727 1580 4803 ira-

404 4849 480 4920 tres
505 4845 701 4941 assumpsit
724 4845 771 4920 ad
797 4844 1072 4919 instructionem
1098 4865 1230 4920 eorum
1253 4847 1347 4921 banc
1365 4867 1580 4922 memoran-

374 5007 377 5025 ”
468 5031 496 5093 (¹)
512 5030 542 5080 n.
559 5035 637 5094 prout
652 5036 692 5083 ea
706 5033 833 5084 seruans.
1059 5031 1087 5094 (p
1103 5032 1133 5082 n.
1150 5032 1215 5083 une
1229 5033 1362 5085 ravenna
1378 5036 1404 5085 n
1420 5034 1578 5099 mensur.

468 5107 495 5168 (⁸)
510 5106 541 5157 Ε.
557 5120 661 5160 corono
677 5111 792 5173 poetico,
808 5109 958 5174 dequibus.
1060 5107 1087 5172 (¹)
1103 5109 1134 5160 n.
1150 5110 1220 5174 quod
1235 5115 1276 5162 ast
1289 5117 1317 5162 ot
1331 5115 1406 5162 want
1421 5111 1500 5162 idem.
