<?xml version="1.0" encoding="UTF-8"?>
<!DOCTYPE html PUBLIC "-//W3C//DTD XHTML 1.0 Transitional//EN"
    "http://www.w3.org/TR/xhtml1/DTD/xhtml1-transitional.dtd">
<html xmlns="http://www.w3.org/1999/xhtml" xml:lang="en" lang="en">
 <head>
  <title>
</title>
<meta http-equiv="Content-Type" content="text/html;charset=utf-8" />
  <meta name='ocr-system' content='tesseract 3.04.00' />
  <meta name='ocr-capabilities' content='ocr_page ocr_carea ocr_par ocr_line ocrx_word'/>
</head>
<body>
  <div class='ocr_page' id='page_1' title='image "./comentumsuperda00unkngoog_0102.png"; bbox 0 0 4575 6842; ppageno 0'>
   <div class='ocr_carea' id='block_1_1' title="bbox 700 917 1525 1019">
    <p class='ocr_par' dir='ltr' id='par_1_1' title="bbox 700 917 1525 1019">
     <span class='ocr_line' id='line_1_1' title="bbox 700 917 1525 1019; baseline -0.002 -1"><span class='ocrx_word' id='word_1_1' title='bbox 700 917 764 1018; x_wconf 31' lang='lat'><strong>&#39;86</strong></span> <span class='ocrx_word' id='word_1_2' title='bbox 1075 961 1280 1018; x_wconf 74' lang='lat' dir='ltr'><strong>comouritur</strong></span> <span class='ocrx_word' id='word_1_3' title='bbox 1304 963 1525 1019; x_wconf 76' lang='lat' dir='ltr'><strong>nuuoaronu</strong></span> 
     </span>
    </p>
   </div>
   <div class='ocr_carea' id='block_1_2' title="bbox 702 1101 1943 4334">
    <p class='ocr_par' dir='ltr' id='par_1_2' title="bbox 702 1101 1943 4334">
     <span class='ocr_line' id='line_1_2' title="bbox 714 1101 1891 1206; baseline 0.003 -24"><span class='ocrx_word' id='word_1_4' title='bbox 714 1113 751 1182; x_wconf 88' lang='lat' dir='ltr'><strong>et</strong></span> <span class='ocrx_word' id='word_1_5' title='bbox 767 1105 954 1203; x_wconf 88' lang='lat' dir='ltr'><strong>lampadas</strong></span> <span class='ocrx_word' id='word_1_6' title='bbox 969 1107 1152 1184; x_wconf 86' lang='lat' dir='ltr'><strong>ardentes.</strong></span> <span class='ocrx_word' id='word_1_7' title='bbox 1169 1108 1215 1183; x_wconf 86' lang='lat' dir='ltr'><strong>Et</strong></span> <span class='ocrx_word' id='word_1_8' title='bbox 1230 1107 1335 1206; x_wconf 82' lang='lat' dir='ltr'><strong>signo</strong></span> <span class='ocrx_word' id='word_1_9' title='bbox 1352 1108 1438 1183; x_wconf 89' lang='lat' dir='ltr'><strong>dato</strong></span> <span class='ocrx_word' id='word_1_10' title='bbox 1459 1107 1690 1204; x_wconf 84' lang='lat' dir='ltr'><strong>reperierunt</strong></span> <span class='ocrx_word' id='word_1_11' title='bbox 1701 1101 1738 1203; x_wconf 80' lang='lat'><strong>(¹)</strong></span> <span class='ocrx_word' id='word_1_12' title='bbox 1759 1131 1891 1186; x_wconf 92' lang='lat' dir='ltr'><strong>omnes</strong></span> 
     </span>
     <span class='ocr_line' id='line_1_3' title="bbox 714 1227 1889 1327; baseline 0.002 -23"><span class='ocrx_word' id='word_1_13' title='bbox 714 1227 862 1324; x_wconf 87' lang='lat' dir='ltr'><strong>pulsare</strong></span> <span class='ocrx_word' id='word_1_14' title='bbox 887 1227 994 1303; x_wconf 89' lang='lat' dir='ltr'><strong>tubas</strong></span> <span class='ocrx_word' id='word_1_15' title='bbox 1019 1234 1056 1304; x_wconf 72' lang='lat' dir='ltr'><strong>m</strong></span> <span class='ocrx_word' id='word_1_16' title='bbox 1081 1229 1232 1327; x_wconf 80' lang='lat' dir='ltr'><strong>lagenas</strong></span> <span class='ocrx_word' id='word_1_17' title='bbox 1256 1236 1467 1324; x_wconf 82' lang='lat' dir='ltr'>concutere,</span> <span class='ocrx_word' id='word_1_18' title='bbox 1486 1227 1636 1304; x_wconf 84' lang='lat' dir='ltr'><strong>retentis</strong></span> <span class='ocrx_word' id='word_1_19' title='bbox 1660 1228 1889 1325; x_wconf 79' lang='lat' dir='ltr'>lampadibus</span> 
     </span>
     <span class='ocr_line' id='line_1_4' title="bbox 713 1347 1891 1446; baseline 0.001 -24"><span class='ocrx_word' id='word_1_20' title='bbox 713 1368 801 1422; x_wconf 90' lang='lat' dir='ltr'><strong>cum</strong></span> <span class='ocrx_word' id='word_1_21' title='bbox 827 1347 988 1424; x_wconf 86' lang='lat' dir='ltr'><strong>sinistris.</strong></span> <span class='ocrx_word' id='word_1_22' title='bbox 1015 1350 1098 1437; x_wconf 87' lang='lat' dir='ltr'><strong>Quo</strong></span> <span class='ocrx_word' id='word_1_23' title='bbox 1122 1355 1289 1423; x_wconf 93' lang='lat' dir='ltr'><strong>monstro</strong></span> <span class='ocrx_word' id='word_1_24' title='bbox 1321 1348 1528 1424; x_wconf 73' lang='lat' dir='ltr'><strong>madianitae</strong></span> <span class='ocrx_word' id='word_1_25' title='bbox 1552 1347 1777 1426; x_wconf 76' lang='lat' dir='ltr'><strong>dormientes</strong></span> <span class='ocrx_word' id='word_1_26' title='bbox 1803 1370 1891 1446; x_wconf 92' lang='lat' dir='ltr'><strong>per-</strong></span> 
     </span>
     <span class='ocr_line' id='line_1_5' title="bbox 712 1468 1890 1564; baseline 0.003 -22"><span class='ocrx_word' id='word_1_27' title='bbox 712 1468 841 1564; x_wconf 84' lang='lat' dir='ltr'><strong>territi,</strong></span> <span class='ocrx_word' id='word_1_28' title='bbox 867 1475 905 1546; x_wconf 89' lang='lat' dir='ltr'><strong>et</strong></span> <span class='ocrx_word' id='word_1_29' title='bbox 929 1469 1081 1544; x_wconf 84' lang='lat' dir='ltr'><strong>contuse</strong></span> <span class='ocrx_word' id='word_1_30' title='bbox 1105 1489 1147 1545; x_wconf 91' lang='lat' dir='ltr'><strong>se</strong></span> <span class='ocrx_word' id='word_1_31' title='bbox 1171 1469 1327 1544; x_wconf 83' lang='lat' dir='ltr'><strong>invicem</strong></span> <span class='ocrx_word' id='word_1_32' title='bbox 1350 1474 1523 1544; x_wconf 84' lang='lat' dir='ltr'><strong>necantes</strong></span> <span class='ocrx_word' id='word_1_33' title='bbox 1545 1469 1713 1544; x_wconf 89' lang='lat' dir='ltr'><strong>conversi</strong></span> <span class='ocrx_word' id='word_1_34' title='bbox 1739 1476 1826 1545; x_wconf 90' lang='lat' dir='ltr'><strong>sunt</strong></span> <span class='ocrx_word' id='word_1_35' title='bbox 1851 1469 1890 1545; x_wconf 94' lang='lat' dir='ltr'><strong>in</strong></span> 
     </span>
     <span class='ocr_line' id='line_1_6' title="bbox 713 1587 1888 1687; baseline 0 -23"><span class='ocrx_word' id='word_1_36' title='bbox 713 1589 860 1687; x_wconf 81' lang='lat' dir='ltr'><strong>ingam3</strong></span> <span class='ocrx_word' id='word_1_37' title='bbox 887 1610 981 1685; x_wconf 87' lang='lat' dir='ltr'><strong>qnos</strong></span> <span class='ocrx_word' id='word_1_38' title='bbox 1005 1587 1155 1665; x_wconf 88' lang='lat' dir='ltr'><strong>Gedeon</strong></span> <span class='ocrx_word' id='word_1_39' title='bbox 1180 1609 1404 1686; x_wconf 86' lang='lat' dir='ltr'><strong>persequens</strong></span> <span class='ocrx_word' id='word_1_40' title='bbox 1429 1587 1625 1665; x_wconf 84' lang='lat' dir='ltr'><strong>trucidavit</strong></span> <span class='ocrx_word' id='word_1_41' title='bbox 1656 1589 1704 1666; x_wconf 90' lang='lat' dir='ltr'><strong>ad</strong></span> <span class='ocrx_word' id='word_1_42' title='bbox 1736 1588 1888 1668; x_wconf 90' lang='lat' dir='ltr'><strong>satieta-</strong></span> 
     </span>
     <span class='ocr_line' id='line_1_7' title="bbox 712 1709 1885 1806; baseline 0 -20"><span class='ocrx_word' id='word_1_43' title='bbox 712 1716 801 1805; x_wconf 88' lang='lat' dir='ltr'><strong>tem,</strong></span> <span class='ocrx_word' id='word_1_44' title='bbox 827 1715 863 1786; x_wconf 89' lang='lat' dir='ltr'><strong>et</strong></span> <span class='ocrx_word' id='word_1_45' title='bbox 888 1710 995 1806; x_wconf 89' lang='lat' dir='ltr'><strong>plena</strong></span> <span class='ocrx_word' id='word_1_46' title='bbox 1020 1709 1173 1786; x_wconf 87' lang='lat' dir='ltr'><strong>victoria</strong></span> <span class='ocrx_word' id='word_1_47' title='bbox 1197 1710 1333 1806; x_wconf 89' lang='lat' dir='ltr'><strong>potitus</strong></span> <span class='ocrx_word' id='word_1_48' title='bbox 1353 1716 1420 1804; x_wconf 87' lang='lat' dir='ltr'><strong>est,</strong></span> <span class='ocrx_word' id='word_1_49' title='bbox 1438 1710 1551 1805; x_wconf 89' lang='lat' dir='ltr'><strong>captis</strong></span> <span class='ocrx_word' id='word_1_50' title='bbox 1575 1709 1731 1784; x_wconf 87' lang='lat' dir='ltr'><strong>ducibus</strong></span> <span class='ocrx_word' id='word_1_51' title='bbox 1757 1717 1795 1785; x_wconf 88' lang='lat' dir='ltr'><strong>et</strong></span> <span class='ocrx_word' id='word_1_52' title='bbox 1819 1730 1885 1786; x_wconf 88' lang='lat' dir='ltr'><strong>oc·</strong></span> 
     </span>
     <span class='ocr_line' id='line_1_8' title="bbox 713 1830 1886 1928; baseline -0.002 -22"><span class='ocrx_word' id='word_1_53' title='bbox 713 1831 926 1926; x_wconf 80' lang='lat' dir='ltr'><strong>cisisqnasi</strong></span> <span class='ocrx_word' id='word_1_54' title='bbox 950 1837 1100 1907; x_wconf 87' lang='lat' dir='ltr'><strong>centum</strong></span> <span class='ocrx_word' id='word_1_55' title='bbox 1126 1830 1252 1928; x_wconf 81' lang='lat' dir='ltr'><strong>viginti</strong></span> <span class='ocrx_word' id='word_1_56' title='bbox 1281 1831 1442 1906; x_wconf 90' lang='lat' dir='ltr'><strong>millibus</strong></span> <span class='ocrx_word' id='word_1_57' title='bbox 1470 1830 1632 1904; x_wconf 90' lang='lat' dir='ltr'><strong>hostium</strong></span> <span class='ocrx_word' id='word_1_58' title='bbox 1663 1835 1701 1906; x_wconf 87' lang='lat' dir='ltr'><strong>et</strong></span> <span class='ocrx_word' id='word_1_59' title='bbox 1727 1831 1886 1908; x_wconf 87' lang='lat' dir='ltr'><strong>arabum</strong></span> 
     </span>
     <span class='ocr_line' id='line_1_9' title="bbox 713 1950 1886 2048; baseline 0.001 -23"><span class='ocrx_word' id='word_1_60' title='bbox 713 1952 778 2048; x_wconf 89' lang='lat' dir='ltr'><strong>qui</strong></span> <span class='ocrx_word' id='word_1_61' title='bbox 803 1957 981 2027; x_wconf 83' lang='lat' dir='ltr'><strong>venerant</strong></span> <span class='ocrx_word' id='word_1_62' title='bbox 1006 1950 1044 2025; x_wconf 94' lang='lat' dir='ltr'><strong>in</strong></span> <span class='ocrx_word' id='word_1_63' title='bbox 1067 1951 1248 2026; x_wconf 85' lang='lat' dir='ltr'><strong>auxilium</strong></span> <span class='ocrx_word' id='word_1_64' title='bbox 1275 1971 1428 2047; x_wconf 84' lang='lat' dir='ltr'><strong>eorum:</strong></span> <span class='ocrx_word' id='word_1_65' title='bbox 1449 1955 1487 2026; x_wconf 88' lang='lat' dir='ltr'><strong>et</strong></span> <span class='ocrx_word' id='word_1_66' title='bbox 1506 1950 1645 2045; x_wconf 85' lang='lat' dir='ltr'><strong>quievit</strong></span> <span class='ocrx_word' id='word_1_67' title='bbox 1662 1951 1774 2028; x_wconf 82' lang='lat' dir='ltr'><strong>lsrael</strong></span> <span class='ocrx_word' id='word_1_68' title='bbox 1790 1971 1886 2046; x_wconf 87' lang='lat' dir='ltr'><strong>qua-</strong></span> 
     </span>
     <span class='ocr_line' id='line_1_10' title="bbox 712 2070 1885 2169; baseline 0 -20"><span class='ocrx_word' id='word_1_69' title='bbox 712 2072 880 2169; x_wconf 86' lang='lat' dir='ltr'><strong>draginta</strong></span> <span class='ocrx_word' id='word_1_70' title='bbox 904 2071 1021 2166; x_wconf 90' lang='lat' dir='ltr'><strong>annis,</strong></span> <span class='ocrx_word' id='word_1_71' title='bbox 1045 2071 1180 2166; x_wconf 88' lang='lat' dir='ltr'><strong>quibus</strong></span> <span class='ocrx_word' id='word_1_72' title='bbox 1204 2070 1353 2148; x_wconf 91' lang='lat' dir='ltr'><strong>Gedeon</strong></span> <span class='ocrx_word' id='word_1_73' title='bbox 1370 2071 1489 2146; x_wconf 87' lang='lat' dir='ltr'><strong>tenuit</strong></span> <span class='ocrx_word' id='word_1_74' title='bbox 1506 2071 1761 2168; x_wconf 77' lang='lat' dir='ltr'><strong>principatum.</strong></span> <span class='ocrx_word' id='word_1_75' title='bbox 1778 2072 1885 2150; x_wconf 89' lang='lat' dir='ltr'><strong>Nunc</strong></span> 
     </span>
     <span class='ocr_line' id='line_1_11' title="bbox 710 2191 1867 2296; baseline -0.003 -28"><span class='ocrx_word' id='word_1_76' title='bbox 710 2192 758 2268; x_wconf 92' lang='lat' dir='ltr'><strong>ad</strong></span> <span class='ocrx_word' id='word_1_77' title='bbox 783 2192 928 2267; x_wconf 82' lang='lat' dir='ltr'><strong>literam</strong></span> <span class='ocrx_word' id='word_1_78' title='bbox 953 2191 1096 2266; x_wconf 89' lang='lat' dir='ltr'><strong>dicebat</strong></span> <span class='ocrx_word' id='word_1_79' title='bbox 1120 2191 1182 2266; x_wconf 89' lang='lat' dir='ltr'><strong>ilia</strong></span> <span class='ocrx_word' id='word_1_80' title='bbox 1207 2212 1299 2268; x_wconf 84' lang='lat' dir='ltr'><strong>vox:</strong></span> <span class='ocrx_word' id='word_1_81' title='bbox 1318 2197 1351 2264; x_wconf 82' lang='grc' dir='ltr'><em>Ε</em></span> <span class='ocrx_word' id='word_1_82' title='bbox 1366 2193 1460 2296; x_wconf 64' lang='lat' dir='ltr'><strong>dccli</strong></span> <span class='ocrx_word' id='word_1_83' title='bbox 1479 2192 1584 2283; x_wconf 60' lang='lat' dir='ltr'><strong>edre,</strong></span> <span class='ocrx_word' id='word_1_84' title='bbox 1601 2192 1741 2286; x_wconf 87' lang='lat' dir='ltr'><strong>supple,</strong></span> <span class='ocrx_word' id='word_1_85' title='bbox 1759 2212 1867 2268; x_wconf 87' lang='lat' dir='ltr'><strong>recor</strong></span> 
     </span>
     <span class='ocr_line' id='line_1_12' title="bbox 711 2311 1886 2406; baseline -0.001 -18"><span class='ocrx_word' id='word_1_86' title='bbox 711 2311 859 2406; x_wconf 85' lang='lat' dir='ltr'><strong>damini,</strong></span> <span class='ocrx_word' id='word_1_87' title='bbox 884 2314 935 2385; x_wconf 82' lang='lat' dir='ltr'><strong>cd’</strong></span> <span class='ocrx_word' id='word_1_88' title='bbox 948 2314 988 2385; x_wconf 83' lang='lat' dir='ltr'><strong>ot</strong></span> <span class='ocrx_word' id='word_1_89' title='bbox 1010 2313 1072 2386; x_wconf 84' lang='lat' dir='ltr'><strong>der</strong></span> <span class='ocrx_word' id='word_1_90' title='bbox 1096 2315 1129 2385; x_wconf 82' lang='lat' dir='ltr'><strong>si</strong></span> <span class='ocrx_word' id='word_1_91' title='bbox 1153 2319 1310 2386; x_wconf 83' lang='lat' dir='ltr'><strong>mostrar</strong></span> <span class='ocrx_word' id='word_1_92' title='bbox 1334 2314 1442 2404; x_wconf 80' lang='lat' dir='ltr'><strong>motti,</strong></span> <span class='ocrx_word' id='word_1_93' title='bbox 1467 2311 1555 2406; x_wconf 85' lang='lat' dir='ltr'><strong>quia</strong></span> <span class='ocrx_word' id='word_1_94' title='bbox 1587 2311 1745 2387; x_wconf 89' lang='lat' dir='ltr'><strong>bibendo</strong></span> <span class='ocrx_word' id='word_1_95' title='bbox 1771 2313 1886 2387; x_wconf 79' lang='lat' dir='ltr'><strong>dexe-</strong></span> 
     </span>
     <span class='ocr_line' id='line_1_13' title="bbox 711 2431 1943 2530; baseline -0.001 -22"><span class='ocrx_word' id='word_1_96' title='bbox 711 2439 799 2508; x_wconf 93' lang='lat' dir='ltr'><strong>runt</strong></span> <span class='ocrx_word' id='word_1_97' title='bbox 823 2453 959 2530; x_wconf 83' lang='lat' dir='ltr'><strong>genua,</strong></span> <span class='ocrx_word' id='word_1_98' title='bbox 981 2454 1049 2526; x_wconf 82' lang='lat' dir='ltr'><strong>per</strong></span> <span class='ocrx_word' id='word_1_99' title='bbox 1075 2435 1135 2506; x_wconf 79' lang='lat' dir='ltr'><strong>cde</strong></span> <span class='ocrx_word' id='word_1_100' title='bbox 1150 2453 1226 2506; x_wconf 78' lang='lat' dir='ltr'><strong>non</strong></span> <span class='ocrx_word' id='word_1_101' title='bbox 1248 2435 1300 2526; x_wconf 77' lang='lat' dir='ltr'><strong>pti</strong></span> <span class='ocrx_word' id='word_1_102' title='bbox 1322 2433 1403 2508; x_wconf 76' lang='lat' dir='ltr'><strong>eddo</strong></span> <span class='ocrx_word' id='word_1_103' title='bbox 1422 2435 1561 2506; x_wconf 82' lang='lat' dir='ltr'><strong>Gedeou</strong></span> <span class='ocrx_word' id='word_1_104' title='bbox 1580 2435 1786 2526; x_wconf 80' lang='lat' dir='ltr'><strong>compopm&#39;,</strong></span> <span class='ocrx_word' id='word_1_105' title='bbox 1808 2431 1887 2507; x_wconf 87' lang='lat' dir='ltr'><strong>ilios</strong></span> <span class='ocrx_word' id='word_1_106' title='bbox 1939 2476 1943 2484; x_wconf 91' lang='lat'><strong>·</strong></span> 
     </span>
     <span class='ocr_line' id='line_1_14' title="bbox 711 2543 1885 2648; baseline -0.001 -20"><span class='ocrx_word' id='word_1_107' title='bbox 711 2553 852 2629; x_wconf 84' lang='lat' dir='ltr'><strong>molles.</strong></span> <span class='ocrx_word' id='word_1_108' title='bbox 878 2551 948 2640; x_wconf 84' lang='lat' dir='ltr'><strong>Qui</strong></span> <span class='ocrx_word' id='word_1_109' title='bbox 973 2551 1121 2626; x_wconf 89' lang='lat' dir='ltr'><strong>Gedecn</strong></span> <span class='ocrx_word' id='word_1_110' title='bbox 1146 2551 1216 2626; x_wconf 83' lang='lat' dir='ltr'><strong>tuit</strong></span> <span class='ocrx_word' id='word_1_111' title='bbox 1230 2543 1267 2646; x_wconf 88' lang='lat'><strong>(¹)</strong></span> <span class='ocrx_word' id='word_1_112' title='bbox 1293 2552 1394 2626; x_wconf 93' lang='lat' dir='ltr'><strong>omni</strong></span> <span class='ocrx_word' id='word_1_113' title='bbox 1414 2551 1551 2627; x_wconf 82' lang='lat' dir='ltr'><strong>virtute</strong></span> <span class='ocrx_word' id='word_1_114' title='bbox 1571 2572 1754 2648; x_wconf 88' lang='lat' dir='ltr'><strong>summus,</strong></span> <span class='ocrx_word' id='word_1_115' title='bbox 1771 2558 1814 2626; x_wconf 93' lang='lat' dir='ltr'><strong>nt</strong></span> <span class='ocrx_word' id='word_1_116' title='bbox 1828 2551 1885 2627; x_wconf 92' lang='lat' dir='ltr'><strong>di-</strong></span> 
     </span>
     <span class='ocr_line' id='line_1_15' title="bbox 711 2672 1885 2767; baseline -0.005 -16"><span class='ocrx_word' id='word_1_117' title='bbox 711 2676 760 2752; x_wconf 91' lang='lat' dir='ltr'><strong>cit</strong></span> <span class='ocrx_word' id='word_1_118' title='bbox 785 2672 974 2767; x_wconf 77' lang='lat' dir='ltr'><strong>Iosephus,</strong></span> <span class='ocrx_word' id='word_1_119' title='bbox 992 2675 1134 2764; x_wconf 85' lang='lat' dir='ltr'><strong>quondo</strong></span> <span class='ocrx_word' id='word_1_120' title='bbox 1159 2675 1289 2747; x_wconf 76' lang='lat' dir='ltr'><strong>discere</strong></span> <span class='ocrx_word' id='word_1_121' title='bbox 1301 2676 1318 2748; x_wconf 81' lang='lat' dir='ltr'><strong>i</strong></span> <span class='ocrx_word' id='word_1_122' title='bbox 1332 2675 1424 2765; x_wconf 82' lang='lat' dir='ltr'><strong>cotti,</strong></span> <span class='ocrx_word' id='word_1_123' title='bbox 1445 2672 1549 2766; x_wconf 91' lang='lat' dir='ltr'><strong>idest,</strong></span> <span class='ocrx_word' id='word_1_124' title='bbox 1565 2679 1685 2748; x_wconf 87' lang='lat' dir='ltr'><strong>castra</strong></span> <span class='ocrx_word' id='word_1_125' title='bbox 1701 2673 1761 2748; x_wconf 84' lang='lat' dir='ltr'><strong>vel</strong></span> <span class='ocrx_word' id='word_1_126' title='bbox 1778 2692 1885 2746; x_wconf 88' lang='lat' dir='ltr'><strong>mon·</strong></span> 
     </span>
     <span class='ocr_line' id='line_1_16' title="bbox 710 2787 1884 2890; baseline -0.002 -23"><span class='ocrx_word' id='word_1_127' title='bbox 710 2801 777 2890; x_wconf 89' lang='lat' dir='ltr'><strong>tes,</strong></span> <span class='ocrx_word' id='word_1_128' title='bbox 802 2787 902 2868; x_wconf 73' lang='lat' dir='ltr'><strong>iactr</strong></span> <span class='ocrx_word' id='word_1_129' title='bbox 926 2793 1088 2885; x_wconf 81' lang='lat' dir='ltr'><strong>Madian,</strong></span> <span class='ocrx_word' id='word_1_130' title='bbox 1112 2791 1216 2888; x_wconf 84' lang='lat' dir='ltr'><strong>idest,</strong></span> <span class='ocrx_word' id='word_1_131' title='bbox 1243 2799 1372 2869; x_wconf 88' lang='lat' dir='ltr'><strong>contra</strong></span> <span class='ocrx_word' id='word_1_132' title='bbox 1398 2791 1623 2868; x_wconf 86' lang='lat' dir='ltr'><strong>madianitas.</strong></span> <span class='ocrx_word' id='word_1_133' title='bbox 1644 2792 1689 2866; x_wconf 81' lang='lat' dir='ltr'><strong>iit</strong></span> <span class='ocrx_word' id='word_1_134' title='bbox 1712 2791 1772 2867; x_wconf 86' lang='lat' dir='ltr'><strong>hic</strong></span> <span class='ocrx_word' id='word_1_135' title='bbox 1795 2797 1884 2867; x_wconf 91' lang='lat' dir='ltr'><strong>nota</strong></span> 
     </span>
     <span class='ocr_line' id='line_1_17' title="bbox 708 2909 1883 3008; baseline -0.006 -17"><span class='ocrx_word' id='word_1_136' title='bbox 708 2915 804 2990; x_wconf 88' lang='lat' dir='ltr'><strong>bene</strong></span> <span class='ocrx_word' id='word_1_137' title='bbox 834 2912 934 3008; x_wconf 87' lang='lat' dir='ltr'><strong>quod</strong></span> <span class='ocrx_word' id='word_1_138' title='bbox 967 2911 1116 2987; x_wconf 90' lang='lat' dir='ltr'><strong>Gedeon</strong></span> <span class='ocrx_word' id='word_1_139' title='bbox 1145 2912 1262 3007; x_wconf 85' lang='lat' dir='ltr'><strong>judex</strong></span> <span class='ocrx_word' id='word_1_140' title='bbox 1291 2913 1527 2988; x_wconf 73' lang='lat' dir='ltr'><strong>hebreorum</strong></span> <span class='ocrx_word' id='word_1_141' title='bbox 1557 2932 1605 2986; x_wconf 81' lang='lat' dir='ltr'><strong>ex</strong></span> <span class='ocrx_word' id='word_1_142' title='bbox 1638 2931 1797 2986; x_wconf 91' lang='lat' dir='ltr'><strong>numero</strong></span> <span class='ocrx_word' id='word_1_143' title='bbox 1827 2909 1883 2985; x_wconf 90' lang='lat' dir='ltr'><strong>vi-</strong></span> 
     </span>
     <span class='ocr_line' id='line_1_18' title="bbox 707 3032 1882 3133; baseline -0.001 -25"><span class='ocrx_word' id='word_1_144' title='bbox 707 3035 798 3133; x_wconf 82' lang='lat' dir='ltr'><strong>ginti</strong></span> <span class='ocrx_word' id='word_1_145' title='bbox 823 3033 978 3108; x_wconf 91' lang='lat' dir='ltr'><strong>millium</strong></span> <span class='ocrx_word' id='word_1_146' title='bbox 1009 3032 1242 3108; x_wconf 88' lang='lat' dir='ltr'><strong>subditorum</strong></span> <span class='ocrx_word' id='word_1_147' title='bbox 1273 3032 1409 3128; x_wconf 88' lang='lat' dir='ltr'><strong>reperit</strong></span> <span class='ocrx_word' id='word_1_148' title='bbox 1440 3038 1584 3107; x_wconf 89' lang='lat' dir='ltr'><strong>tantum</strong></span> <span class='ocrx_word' id='word_1_149' title='bbox 1611 3038 1795 3108; x_wconf 83' lang='lat' dir='ltr'><strong>tercentos</strong></span> <span class='ocrx_word' id='word_1_150' title='bbox 1820 3052 1882 3107; x_wconf 91' lang='lat' dir='ltr'><strong>so-</strong></span> 
     </span>
     <span class='ocr_line' id='line_1_19' title="bbox 708 3152 1883 3249; baseline -0.006 -17"><span class='ocrx_word' id='word_1_151' title='bbox 708 3155 818 3232; x_wconf 86' lang='lat' dir='ltr'><strong>brios.</strong></span> <span class='ocrx_word' id='word_1_152' title='bbox 845 3156 889 3229; x_wconf 87' lang='lat' dir='ltr'><strong>Et</strong></span> <span class='ocrx_word' id='word_1_153' title='bbox 916 3153 1048 3228; x_wconf 87' lang='lat' dir='ltr'><strong>morito</strong></span> <span class='ocrx_word' id='word_1_154' title='bbox 1074 3152 1224 3228; x_wconf 89' lang='lat' dir='ltr'><strong>Gedeon</strong></span> <span class='ocrx_word' id='word_1_155' title='bbox 1248 3153 1397 3249; x_wconf 89' lang='lat' dir='ltr'><strong>ponitur</strong></span> <span class='ocrx_word' id='word_1_156' title='bbox 1421 3153 1459 3226; x_wconf 94' lang='lat' dir='ltr'><strong>in</strong></span> <span class='ocrx_word' id='word_1_157' title='bbox 1480 3152 1599 3248; x_wconf 82' lang='lat' dir='ltr'><strong>figura</strong></span> <span class='ocrx_word' id='word_1_158' title='bbox 1616 3152 1808 3248; x_wconf 90' lang='lat' dir='ltr'><strong>principis;</strong></span> <span class='ocrx_word' id='word_1_159' title='bbox 1825 3152 1883 3226; x_wconf 92' lang='lat' dir='ltr'><strong>in-</strong></span> 
     </span>
     <span class='ocr_line' id='line_1_20' title="bbox 708 3271 1878 3372; baseline -0.004 -22"><span class='ocrx_word' id='word_1_160' title='bbox 708 3281 933 3372; x_wconf 86' lang='lat' dir='ltr'><strong>terpretatur</strong></span> <span class='ocrx_word' id='word_1_161' title='bbox 962 3273 1060 3350; x_wconf 89' lang='lat' dir='ltr'><strong>enim</strong></span> <span class='ocrx_word' id='word_1_162' title='bbox 1091 3273 1241 3348; x_wconf 89' lang='lat' dir='ltr'><strong>Gedeon</strong></span> <span class='ocrx_word' id='word_1_163' title='bbox 1272 3272 1441 3349; x_wconf 88' lang='lat' dir='ltr'><strong>circuens</strong></span> <span class='ocrx_word' id='word_1_164' title='bbox 1470 3271 1621 3367; x_wconf 88' lang='lat' dir='ltr'><strong>inutite;</strong></span> <span class='ocrx_word' id='word_1_165' title='bbox 1647 3279 1686 3348; x_wconf 90' lang='lat' dir='ltr'><strong>et</strong></span> <span class='ocrx_word' id='word_1_166' title='bbox 1713 3272 1878 3348; x_wconf 84' lang='lat' dir='ltr'><strong>officium</strong></span> 
     </span>
     <span class='ocr_line' id='line_1_21' title="bbox 706 3391 1883 3493; baseline -0.003 -22"><span class='ocrx_word' id='word_1_167' title='bbox 706 3394 876 3493; x_wconf 92' lang='lat' dir='ltr'><strong>principis</strong></span> <span class='ocrx_word' id='word_1_168' title='bbox 901 3399 956 3468; x_wconf 87' lang='lat' dir='ltr'><strong>est</strong></span> <span class='ocrx_word' id='word_1_169' title='bbox 981 3392 1138 3469; x_wconf 89' lang='lat' dir='ltr'><strong>circuire</strong></span> <span class='ocrx_word' id='word_1_170' title='bbox 1163 3391 1314 3488; x_wconf 85' lang='lat' dir='ltr'><strong>inutilia,</strong></span> <span class='ocrx_word' id='word_1_171' title='bbox 1341 3398 1378 3467; x_wconf 93' lang='lat' dir='ltr'><strong>et</strong></span> <span class='ocrx_word' id='word_1_172' title='bbox 1403 3412 1448 3468; x_wconf 89' lang='lat' dir='ltr'><strong>ea</strong></span> <span class='ocrx_word' id='word_1_173' title='bbox 1473 3391 1598 3468; x_wconf 89' lang='lat' dir='ltr'><strong>detere</strong></span> <span class='ocrx_word' id='word_1_174' title='bbox 1617 3391 1678 3468; x_wconf 82' lang='lat' dir='ltr'><strong>vei</strong></span> <span class='ocrx_word' id='word_1_175' title='bbox 1704 3413 1883 3468; x_wconf 87' lang='lat' dir='ltr'><strong>revocare</strong></span> 
     </span>
     <span class='ocr_line' id='line_1_22' title="bbox 707 3503 1881 3608; baseline -0.002 -18"><span class='ocrx_word' id='word_1_176' title='bbox 707 3515 755 3590; x_wconf 86' lang='lat' dir='ltr'><strong>ad</strong></span> <span class='ocrx_word' id='word_1_177' title='bbox 780 3513 993 3608; x_wconf 82' lang='lat' dir='ltr'><strong>utilitatem3</strong></span> <span class='ocrx_word' id='word_1_178' title='bbox 1011 3519 1049 3588; x_wconf 91' lang='lat' dir='ltr'><strong>et</strong></span> <span class='ocrx_word' id='word_1_179' title='bbox 1074 3512 1173 3608; x_wconf 87' lang='lat' dir='ltr'><strong>qnod</strong></span> <span class='ocrx_word' id='word_1_180' title='bbox 1187 3503 1225 3605; x_wconf 71' lang='lat'><strong>(²)</strong></span> <span class='ocrx_word' id='word_1_181' title='bbox 1250 3512 1420 3607; x_wconf 87' lang='lat' dir='ltr'><strong>iniquum</strong></span> <span class='ocrx_word' id='word_1_182' title='bbox 1446 3519 1503 3587; x_wconf 93' lang='lat' dir='ltr'><strong>est</strong></span> <span class='ocrx_word' id='word_1_183' title='bbox 1526 3512 1727 3591; x_wconf 79' lang='lat' dir='ltr'><strong>excindere</strong></span> <span class='ocrx_word' id='word_1_184' title='bbox 1751 3535 1774 3590; x_wconf 90' lang='lat' dir='ltr'><strong>a</strong></span> <span class='ocrx_word' id='word_1_185' title='bbox 1799 3513 1881 3588; x_wconf 85' lang='lat' dir='ltr'><strong>tini·</strong></span> 
     </span>
     <span class='ocr_line' id='line_1_23' title="bbox 706 3633 1881 3733; baseline 0 -23"><span class='ocrx_word' id='word_1_186' title='bbox 706 3635 776 3710; x_wconf 88' lang='lat' dir='ltr'><strong>bus</strong></span> <span class='ocrx_word' id='word_1_187' title='bbox 800 3637 888 3730; x_wconf 89' lang='lat' dir='ltr'><strong>suis,</strong></span> <span class='ocrx_word' id='word_1_188' title='bbox 914 3641 955 3710; x_wconf 92' lang='lat' dir='ltr'><strong>ut</strong></span> <span class='ocrx_word' id='word_1_189' title='bbox 980 3635 1032 3710; x_wconf 92' lang='lat' dir='ltr'><strong>sic</strong></span> <span class='ocrx_word' id='word_1_190' title='bbox 1057 3634 1247 3709; x_wconf 82' lang='lat' dir='ltr'><strong>victoriam</strong></span> <span class='ocrx_word' id='word_1_191' title='bbox 1273 3633 1437 3710; x_wconf 86' lang='lat' dir='ltr'><strong>obtineat</strong></span> <span class='ocrx_word' id='word_1_192' title='bbox 1461 3633 1508 3708; x_wconf 92' lang='lat' dir='ltr'><strong>de</strong></span> <span class='ocrx_word' id='word_1_193' title='bbox 1536 3634 1702 3709; x_wconf 87' lang='lat' dir='ltr'><strong>hostibus</strong></span> <span class='ocrx_word' id='word_1_194' title='bbox 1709 3658 1720 3730; x_wconf 90' lang='lat'>;</span> <span class='ocrx_word' id='word_1_195' title='bbox 1746 3642 1784 3710; x_wconf 89' lang='lat' dir='ltr'><strong>et</strong></span> <span class='ocrx_word' id='word_1_196' title='bbox 1809 3635 1881 3733; x_wconf 78' lang='lat' dir='ltr'><strong>tegi</strong></span> 
     </span>
     <span class='ocr_line' id='line_1_24' title="bbox 705 3753 1882 3853; baseline -0.001 -23"><span class='ocrx_word' id='word_1_197' title='bbox 705 3757 888 3852; x_wconf 85' lang='lat' dir='ltr'><strong>subjicere</strong></span> <span class='ocrx_word' id='word_1_198' title='bbox 905 3775 998 3850; x_wconf 89' lang='lat' dir='ltr'><strong>qnos</strong></span> <span class='ocrx_word' id='word_1_199' title='bbox 1010 3777 1033 3830; x_wconf 88' lang='lat' dir='ltr'><strong>a</strong></span> <span class='ocrx_word' id='word_1_200' title='bbox 1041 3755 1134 3853; x_wconf 84' lang='lat' dir='ltr'><strong>jugo</strong></span> <span class='ocrx_word' id='word_1_201' title='bbox 1151 3753 1338 3830; x_wconf 83' lang='lat' dir='ltr'><strong>servitutis</strong></span> <span class='ocrx_word' id='word_1_202' title='bbox 1353 3754 1536 3830; x_wconf 84' lang='lat' dir='ltr'><strong>liberavit:</strong></span> <span class='ocrx_word' id='word_1_203' title='bbox 1550 3761 1588 3829; x_wconf 87' lang='lat' dir='ltr'><strong>et</strong></span> <span class='ocrx_word' id='word_1_204' title='bbox 1604 3754 1768 3831; x_wconf 83' lang='lat' dir='ltr'><strong>breviter</strong></span> <span class='ocrx_word' id='word_1_205' title='bbox 1779 3754 1882 3852; x_wconf 90' lang='lat' dir='ltr'><strong>prin·</strong></span> 
     </span>
     <span class='ocr_line' id='line_1_25' title="bbox 705 3874 1875 3975; baseline -0.005 -21"><span class='ocrx_word' id='word_1_206' title='bbox 705 3899 791 3975; x_wconf 88' lang='lat' dir='ltr'><strong>ceps</strong></span> <span class='ocrx_word' id='word_1_207' title='bbox 807 3876 915 3952; x_wconf 87' lang='lat' dir='ltr'><strong>debet</strong></span> <span class='ocrx_word' id='word_1_208' title='bbox 928 3896 1010 3952; x_wconf 87' lang='lat' dir='ltr'><strong>esse</strong></span> <span class='ocrx_word' id='word_1_209' title='bbox 1021 3875 1122 3951; x_wconf 92' lang='lat' dir='ltr'><strong>omni</strong></span> <span class='ocrx_word' id='word_1_210' title='bbox 1140 3875 1278 3951; x_wconf 84' lang='lat' dir='ltr'><strong>virtute</strong></span> <span class='ocrx_word' id='word_1_211' title='bbox 1293 3894 1478 3970; x_wconf 90' lang='lat' dir='ltr'><strong>summus,</strong></span> <span class='ocrx_word' id='word_1_212' title='bbox 1496 3875 1613 3970; x_wconf 85' lang='lat' dir='ltr'><strong>quatis</strong></span> <span class='ocrx_word' id='word_1_213' title='bbox 1631 3874 1699 3950; x_wconf 83' lang='lat' dir='ltr'><strong>suit</strong></span> <span class='ocrx_word' id='word_1_214' title='bbox 1715 3874 1875 3951; x_wconf 87' lang='lat' dir='ltr'><strong>Gedeon</strong></span> 
     </span>
     <span class='ocr_line' id='line_1_26' title="bbox 704 3993 1878 4092; baseline -0.002 -20"><span class='ocrx_word' id='word_1_215' title='bbox 704 3999 750 4072; x_wconf 87' lang='lat' dir='ltr'><strong>Et</strong></span> <span class='ocrx_word' id='word_1_216' title='bbox 772 3995 956 4073; x_wconf 85' lang='lat' dir='ltr'><strong>concludit</strong></span> <span class='ocrx_word' id='word_1_217' title='bbox 972 4002 1079 4092; x_wconf 87' lang='lat' dir='ltr'><strong>poeta</strong></span> <span class='ocrx_word' id='word_1_218' title='bbox 1097 3996 1134 4070; x_wconf 92' lang='lat' dir='ltr'><strong>in</strong></span> <span class='ocrx_word' id='word_1_219' title='bbox 1151 3996 1220 4070; x_wconf 89' lang='lat' dir='ltr'><strong>ista</strong></span> <span class='ocrx_word' id='word_1_220' title='bbox 1237 3994 1393 4072; x_wconf 88' lang='lat' dir='ltr'><strong>materia</strong></span> <span class='ocrx_word' id='word_1_221' title='bbox 1410 3995 1520 4091; x_wconf 75' lang='lat' dir='ltr'><strong>guia,</strong></span> <span class='ocrx_word' id='word_1_222' title='bbox 1537 3993 1680 4070; x_wconf 88' lang='lat' dir='ltr'><strong>dicens:</strong></span> <span class='ocrx_word' id='word_1_223' title='bbox 1704 4015 1773 4070; x_wconf 92' lang='lat' dir='ltr'><strong>nos</strong></span> <span class='ocrx_word' id='word_1_224' title='bbox 1790 4002 1878 4091; x_wconf 80' lang='lat' dir='ltr'><strong>tres,</strong></span> 
     </span>
     <span class='ocr_line' id='line_1_27' title="bbox 702 4110 1877 4211; baseline -0.002 -19"><span class='ocrx_word' id='word_1_225' title='bbox 702 4110 733 4192; x_wconf 76' lang='lat' dir='ltr'><strong>ri</strong></span> <span class='ocrx_word' id='word_1_226' title='bbox 757 4119 923 4191; x_wconf 69' lang='lat' dir='ltr'><strong>moriad</strong></span> <span class='ocrx_word' id='word_1_227' title='bbox 946 4137 971 4190; x_wconf 87' lang='lat' dir='ltr'><strong>u</strong></span> <span class='ocrx_word' id='word_1_228' title='bbox 996 4119 1077 4191; x_wconf 85' lang='lat' dir='ltr'><strong>t’ua</strong></span> <span class='ocrx_word' id='word_1_229' title='bbox 1101 4119 1155 4191; x_wconf 85' lang='lat' dir='ltr'><strong>de&#39;</strong></span> <span class='ocrx_word' id='word_1_230' title='bbox 1167 4119 1238 4190; x_wconf 86' lang='lat' dir='ltr'><strong>duo</strong></span> <span class='ocrx_word' id='word_1_231' title='bbox 1263 4118 1418 4207; x_wconf 76' lang='lat' dir='ltr'><strong>vimpui,</strong></span> <span class='ocrx_word' id='word_1_232' title='bbox 1435 4115 1582 4211; x_wconf 84' lang='lat' dir='ltr'><strong>scilicet,</strong></span> <span class='ocrx_word' id='word_1_233' title='bbox 1599 4114 1753 4192; x_wconf 80' lang='lat' dir='ltr'><strong>dextero</strong></span> <span class='ocrx_word' id='word_1_234' title='bbox 1772 4116 1877 4192; x_wconf 90' lang='lat' dir='ltr'><strong>iateri</strong></span> 
     </span>
     <span class='ocr_line' id='line_1_28' title="bbox 703 4237 1879 4334; baseline -0.002 -22"><span class='ocrx_word' id='word_1_235' title='bbox 703 4237 848 4333; x_wconf 91' lang='lat' dir='ltr'><strong>montis,</strong></span> <span class='ocrx_word' id='word_1_236' title='bbox 869 4258 1089 4332; x_wconf 81' lang='lat' dir='ltr'><strong>possammo,</strong></span> <span class='ocrx_word' id='word_1_237' title='bbox 1113 4238 1252 4312; x_wconf 81' lang='lat' dir='ltr'><strong>udcudo</strong></span> <span class='ocrx_word' id='word_1_238' title='bbox 1276 4239 1721 4334; x_wconf 60' lang='lat' dir='ltr'><strong>carpentumque</strong></span> <span class='ocrx_word' id='word_1_239' title='bbox 1745 4237 1879 4332; x_wconf 78' lang='lat' dir='ltr'><strong>praedi-</strong></span> 
     </span>
    </p>
   </div>
   <div class='ocr_carea' id='block_1_3' title="bbox 703 4345 1881 4814">
    <p class='ocr_par' dir='ltr' id='par_1_3' title="bbox 703 4345 1881 4814">
     <span class='ocr_line' id='line_1_29' title="bbox 703 4345 1879 4452; baseline -0.003 -18"><span class='ocrx_word' id='word_1_240' title='bbox 703 4358 883 4434; x_wconf 90' lang='lat' dir='ltr'><strong>cabantur</strong></span> <span class='ocrx_word' id='word_1_241' title='bbox 908 4378 930 4432; x_wconf 93' lang='lat' dir='ltr'><strong>a</strong></span> <span class='ocrx_word' id='word_1_242' title='bbox 957 4357 1107 4433; x_wconf 87' lang='lat' dir='ltr'><strong>vocibus</strong></span> <span class='ocrx_word' id='word_1_243' title='bbox 1132 4356 1296 4450; x_wconf 82' lang='lat' dir='ltr'><strong>arboris3</strong></span> <span class='ocrx_word' id='word_1_244' title='bbox 1321 4356 1451 4452; x_wconf 83' lang='lat' dir='ltr'><strong>cnipae,</strong></span> <span class='ocrx_word' id='word_1_245' title='bbox 1476 4355 1569 4451; x_wconf 89' lang='lat' dir='ltr'><strong>dico,</strong></span> <span class='ocrx_word' id='word_1_246' title='bbox 1592 4360 1719 4448; x_wconf 69' lang='lat' dir='ltr'><strong>repaire</strong></span> <span class='ocrx_word' id='word_1_247' title='bbox 1742 4345 1805 4449; x_wconf 63' lang='lat' dir='ltr'><strong>pud</strong></span> <span class='ocrx_word' id='word_1_248' title='bbox 1828 4358 1879 4430; x_wconf 85' lang='lat' dir='ltr'><strong>do</strong></span> 
     </span>
     <span class='ocr_line' id='line_1_30' title="bbox 703 4475 1878 4572; baseline -0.002 -18"><span class='ocrx_word' id='word_1_249' title='bbox 703 4481 821 4554; x_wconf 70' lang='lat' dir='ltr'><strong>nucem</strong></span> <span class='ocrx_word' id='word_1_250' title='bbox 844 4481 1041 4571; x_wconf 68' lang='lat' dir='ltr'><strong>suadeant,</strong></span> <span class='ocrx_word' id='word_1_251' title='bbox 1070 4482 1163 4572; x_wconf 90' lang='lat' dir='ltr'><strong>quot</strong></span> <span class='ocrx_word' id='word_1_252' title='bbox 1182 4481 1272 4571; x_wconf 54' lang='lat' dir='ltr'><strong>⁴sunt</strong></span> <span class='ocrx_word' id='word_1_253' title='bbox 1298 4476 1571 4552; x_wconf 78' lang='lat' dir='ltr'><strong>committentes</strong></span> <span class='ocrx_word' id='word_1_254' title='bbox 1589 4475 1688 4552; x_wconf 82' lang='lat' dir='ltr'><strong>furta</strong></span> <span class='ocrx_word' id='word_1_255' title='bbox 1712 4483 1750 4552; x_wconf 90' lang='lat' dir='ltr'><strong>et</strong></span> <span class='ocrx_word' id='word_1_256' title='bbox 1773 4477 1878 4552; x_wconf 86' lang='lat' dir='ltr'><strong>leno-</strong></span> 
     </span>
     <span class='ocr_line' id='line_1_31' title="bbox 703 4587 1881 4695; baseline 0 -21"><span class='ocrx_word' id='word_1_257' title='bbox 703 4598 796 4674; x_wconf 93' lang='lat' dir='ltr'><strong>cinia</strong></span> <span class='ocrx_word' id='word_1_258' title='bbox 811 4587 847 4692; x_wconf 80' lang='lat'><strong>(⁴)</strong></span> <span class='ocrx_word' id='word_1_259' title='bbox 875 4605 1025 4695; x_wconf 91' lang='lat' dir='ltr'><strong>propter</strong></span> <span class='ocrx_word' id='word_1_260' title='bbox 1058 4598 1198 4695; x_wconf 82' lang='lat' dir='ltr'><strong>gulam,</strong></span> <span class='ocrx_word' id='word_1_261' title='bbox 1224 4597 1300 4672; x_wconf 88' lang='lat' dir='ltr'><strong>imo</strong></span> <span class='ocrx_word' id='word_1_262' title='bbox 1329 4603 1517 4674; x_wconf 83' lang='lat' dir='ltr'><strong>mutantes</strong></span> <span class='ocrx_word' id='word_1_263' title='bbox 1546 4597 1746 4673; x_wconf 90' lang='lat' dir='ltr'><strong>amicitiam</strong></span> <span class='ocrx_word' id='word_1_264' title='bbox 1772 4618 1881 4675; x_wconf 85' lang='lat' dir='ltr'><strong>more</strong></span> 
     </span>
     <span class='ocr_line' id='line_1_32' title="bbox 703 4709 1729 4814; baseline -0.002 -20"><span class='ocrx_word' id='word_1_265' title='bbox 703 4709 853 4812; x_wconf 78' lang='lat' dir='ltr'><strong>canis(⁸)</strong></span> <span class='ocrx_word' id='word_1_266' title='bbox 879 4719 940 4795; x_wconf 90' lang='lat' dir='ltr'><strong>cui</strong></span> <span class='ocrx_word' id='word_1_267' title='bbox 966 4725 1089 4794; x_wconf 89' lang='lat' dir='ltr'><strong>mutas</strong></span> <span class='ocrx_word' id='word_1_268' title='bbox 1115 4738 1252 4794; x_wconf 93' lang='lat' dir='ltr'><strong>nomen</strong></span> <span class='ocrx_word' id='word_1_269' title='bbox 1277 4739 1345 4814; x_wconf 90' lang='lat' dir='ltr'><strong>pro</strong></span> <span class='ocrx_word' id='word_1_270' title='bbox 1371 4738 1447 4793; x_wconf 93' lang='lat' dir='ltr'><strong>uno</strong></span> <span class='ocrx_word' id='word_1_271' title='bbox 1471 4716 1590 4792; x_wconf 79' lang='lat' dir='ltr'><strong>frusto</strong></span> <span class='ocrx_word' id='word_1_272' title='bbox 1614 4717 1729 4812; x_wconf 90' lang='lat' dir='ltr'><strong>panis.</strong></span> 
     </span>
    </p>
   </div>
   <div class='ocr_carea' id='block_1_4' title="bbox 763 4947 1759 5170">
    <p class='ocr_par' dir='ltr' id='par_1_4' title="bbox 763 4947 1759 5170">
     <span class='ocr_line' id='line_1_33' title="bbox 763 4947 1675 5016; baseline -0.003 -13"><span class='ocrx_word' id='word_1_273' title='bbox 763 4952 793 5015; x_wconf 84' lang='lat'><strong>(¹)</strong></span> <span class='ocrx_word' id='word_1_274' title='bbox 809 4952 840 5002; x_wconf 83' lang='grc' dir='ltr'><strong>Ε.</strong></span> <span class='ocrx_word' id='word_1_275' title='bbox 856 4957 992 5016; x_wconf 83' lang='lat' dir='ltr'><strong>cmpernnt</strong></span> <span class='ocrx_word' id='word_1_276' title='bbox 1007 4963 1107 5003; x_wconf 80' lang='lat' dir='ltr'><strong>ornnes.</strong></span> <span class='ocrx_word' id='word_1_277' title='bbox 1316 4947 1344 5012; x_wconf 70' lang='grc' dir='ltr'><strong>ι’)</strong></span> <span class='ocrx_word' id='word_1_278' title='bbox 1360 4949 1392 5000; x_wconf 78' lang='grc' dir='ltr'><strong>Ε.</strong></span> <span class='ocrx_word' id='word_1_279' title='bbox 1408 4948 1458 5001; x_wconf 82' lang='lat' dir='ltr'><strong>init</strong></span> <span class='ocrx_word' id='word_1_280' title='bbox 1473 4947 1554 5000; x_wconf 84' lang='lat' dir='ltr'><strong>animi</strong></span> <span class='ocrx_word' id='word_1_281' title='bbox 1570 4947 1675 5000; x_wconf 79' lang='lat' dir='ltr'><strong>virtute.</strong></span> 
     </span>
     <span class='ocr_line' id='line_1_34' title="bbox 763 5024 1364 5093; baseline -0.01 -12"><span class='ocrx_word' id='word_1_282' title='bbox 763 5027 790 5091; x_wconf 81' lang='lat'><strong>(⁸)</strong></span> <span class='ocrx_word' id='word_1_283' title='bbox 807 5033 861 5090; x_wconf 84' lang='lat'><strong>11⁷,</strong></span> <span class='ocrx_word' id='word_1_284' title='bbox 878 5029 948 5093; x_wconf 80' lang='lat' dir='ltr'><strong>qnod</strong></span> <span class='ocrx_word' id='word_1_285' title='bbox 965 5027 1083 5092; x_wconf 84' lang='lat' dir='ltr'><strong>iniquum</strong></span> <span class='ocrx_word' id='word_1_286' title='bbox 1098 5025 1199 5078; x_wconf 78' lang='lat' dir='ltr'><strong>invenit</strong></span> <span class='ocrx_word' id='word_1_287' title='bbox 1213 5024 1364 5076; x_wconf 84' lang='lat' dir='ltr'><strong>excludere.</strong></span> 
     </span>
     <span class='ocr_line' id='line_1_35' title="bbox 765 5101 1759 5170; baseline -0.021 0"><span class='ocrx_word' id='word_1_288' title='bbox 765 5107 791 5170; x_wconf 76' lang='lat'><strong>(⁸)</strong></span> <span class='ocrx_word' id='word_1_289' title='bbox 808 5106 839 5156; x_wconf 77' lang='grc' dir='ltr'><strong>Ε·</strong></span> <span class='ocrx_word' id='word_1_290' title='bbox 856 5105 999 5158; x_wconf 59' lang='lat' dir='ltr'><strong>hirminh-</strong></span> <span class='ocrx_word' id='word_1_291' title='bbox 1024 5147 1030 5158; x_wconf 71' lang='lat'><strong>.</strong></span> <span class='ocrx_word' id='word_1_292' title='bbox 1316 5101 1344 5167; x_wconf 81' lang='lat'><strong>(⁸)</strong></span> <span class='ocrx_word' id='word_1_293' title='bbox 1360 5102 1391 5154; x_wconf 82' lang='lat' dir='ltr'><strong>B.</strong></span> <span class='ocrx_word' id='word_1_294' title='bbox 1408 5101 1479 5154; x_wconf 76' lang='lat' dir='ltr'><strong>canis</strong></span> <span class='ocrx_word' id='word_1_295' title='bbox 1494 5103 1540 5166; x_wconf 75' lang='lat' dir='ltr'><strong>qut</strong></span> <span class='ocrx_word' id='word_1_296' title='bbox 1554 5104 1639 5152; x_wconf 80' lang='lat' dir='ltr'><strong>mutat</strong></span> <span class='ocrx_word' id='word_1_297' title='bbox 1654 5113 1759 5152; x_wconf 81' lang='lat' dir='ltr'><strong>nomen.</strong></span> 
     </span>
    </p>
   </div>
   <div class='ocr_carea' id='block_1_5' title="bbox 0 0 2292 6842">
    <p class='ocr_par' dir='ltr' id='par_1_5' title="bbox 0 0 2292 6842">
     <span class='ocr_line' id='line_1_36' title="bbox 0 0 2292 6842; baseline 0 0"><span class='ocrx_word' id='word_1_298' title='bbox 0 0 2292 6842; x_wconf 95' lang='lat' dir='ltr'><strong> </strong></span> 
     </span>
    </p>
   </div>
  </div>
 </body>
</html>
