4575 6842
727 953 773 1020 dl
1084 966 1289 1020 counuvuu
1313 965 1534 1056 epnuamun

795 1114 882 1202 Deli,
898 1115 1003 1206 frate.
1030 1112 1099 1184 lsta
1122 1117 1179 1185 est
1204 1119 1336 1206 quarta
1361 1117 1399 1186 et
1426 1109 1554 1184 ultima
1581 1131 1665 1204 pars
1679 1103 1729 1202 (¹),
1755 1109 1791 1183 in
1819 1130 1890 1203 qua

606 1280 609 1294 .
722 1237 827 1325 poeta
855 1230 1061 1304 manilestat
1081 1230 1231 1306 Foresio
1248 1231 1434 1324 quomodo
1461 1229 1603 1306 venerit
1621 1232 1693 1304 buc
1715 1231 1832 1323 vivae,
1854 1237 1892 1303 et

722 1351 785 1445 qui
811 1357 897 1424 sunt
921 1351 995 1425 duo
1021 1352 1133 1426 duces
1159 1353 1236 1425 sui:
1263 1358 1300 1426 et
1326 1353 1444 1446 primo
1462 1352 1600 1426 inducit
1619 1351 1810 1426 Foresium
1836 1352 1894 1424 in·

722 1478 892 1565 stantem,
919 1479 961 1544 ut
987 1491 1058 1545 non
1083 1471 1227 1546 dillerat
1255 1472 1408 1546 ulterius
1430 1472 1651 1566 respondere
1675 1472 1721 1546 ad
1747 1473 1892 1568 petitio·

723 1613 809 1666 nem
834 1612 952 1666 suam.
980 1591 1070 1666 Dicit
1096 1613 1187 1688 ergo
1212 1592 1381 1667 Foresius
1406 1592 1656 1687 deprecative:
1677 1596 1752 1666 Deir
1773 1597 1893 1687 frate?

724 1713 827 1806 quasi
853 1712 966 1787 dicat:
995 1734 1084 1808 rogo
1111 1719 1159 1805 te,
1184 1713 1372 1786 carissime
1392 1712 1517 1804 irater,
1535 1734 1579 1785 or
1595 1715 1648 1806 [α’
1661 1715 1721 1786 clre
1739 1708 1804 1804 piri
1821 1733 1891 1784 aon

723 1837 772 1906 mi
796 1837 822 1907 e·
844 1837 925 1927 celi;
951 1839 1143 1928 postquam
1175 1834 1341 1928 respondi
1370 1833 1433 1908 tibi
1458 1832 1565 1928 plene
1589 1841 1627 1908 et
1651 1832 1892 1908 amicabiliter

601 1957 604 1964 ’
723 1953 769 2027 ad
796 1959 997 2046 utrumque
1023 1952 1217 2046 quaesitum
1247 1960 1353 2027 tuum
1380 1960 1455 2028 tam
1480 1953 1666 2047 publicum
1686 1974 1798 2046 quam
1817 1953 1892 2046 pri-

723 2081 860 2148 vatum.
886 2074 932 2146 Et
956 2073 1000 2146 ad
1032 2073 1248 2166 captandam
1282 2072 1424 2167 plenius
1457 2073 1761 2162 benevolentiam,
1787 2072 1891 2146 dicit:
1913 2101 1916 2109 ·

723 2198 800 2268 aedi
829 2196 887 2266 ode
918 2215 990 2266 non
1011 2215 1082 2286 pur
1106 2196 1155 2284 io,
1187 2194 1250 2287 qui
1277 2195 1360 2268 novi
1387 2201 1425 2268 te
1456 2195 1492 2267 in
1522 2195 1596 2267 vita
1626 2201 1664 2268 et
1693 2192 1890 2290 recognovi
1999 2293 2002 2298 ¹

628 2377 632 2386 .
722 2321 758 2389 te
784 2314 902 2388 statim
932 2315 1041 2409 paulo
1067 2321 1164 2407 ante,
1199 2336 1259 2386 oro
1283 2321 1369 2388 totto
1393 2322 1512 2405 questo
1531 2322 1642 2406 pene,
1660 2314 1763 2408 idest,
1782 2316 1892 2389 turba

723 2433 885 2510 maxima
912 2434 1141 2531 gulosorum,
1167 2438 1296 2508 rimiro
1320 2425 1357 2507 ld
1382 2438 1470 2508 douc
1498 2437 1526 2508 il
1553 2438 1610 2507 sol
1642 2438 1720 2525 oeli,
1745 2434 1891 2528 scilicet,

722 2574 806 2628 cum
835 2554 968 2628 umbra
995 2555 1159 2649 corporis
1177 2555 1241 2648 tui,
1259 2554 1358 2648 quod
1380 2574 1453 2628 uon
1473 2554 1609 2628 iaciunt
1626 2554 1770 2627 umbrae
1789 2576 1890 2627 mor·

723 2681 885 2748 tuorum.
913 2677 956 2748 Et
981 2675 1101 2748 subdit
1119 2675 1306 2769 quomodo
1326 2675 1507 2769 respondit
1528 2675 1646 2769 primo
1663 2674 1811 2750 Foresio
1827 2694 1891 2749 oc-

722 2797 831 2888 culte,
850 2794 899 2869 ita
926 2794 1025 2888 quod
1051 2794 1134 2869 lacit
1159 2794 1441 2870 insinuationem
1461 2795 1641 2890 captando
1665 2795 1890 2870 benevolen-

723 2916 831 3008 tiam3
859 2922 895 2989 et
912 2914 1171 2990 sententialiter
1190 2916 1269 3022 vult
1285 2916 1419 3009 dicere,
1437 2917 1536 3010 quod
1556 2916 1727 3006 Foresius
1745 2937 1817 2990 non
1835 2923 1890 2990 est

721 3043 863 3112 tantum
879 3042 1043 3110 mutatus
1061 3035 1281 3130 incorpore,
1299 3035 1491 3130 postquam
1511 3044 1679 3110 mortuus
1691 3043 1758 3130 est,
1771 3057 1890 3130 quau·

722 3162 801 3229 tum
828 3155 904 3250 ipse
929 3163 1093 3230 mutatus
1119 3162 1174 3230 est
1198 3156 1332 3230 animo.
1353 3155 1442 3232 bicit
1463 3177 1573 3252 ergo:
1588 3159 1753 3248 perct'io
1778 3179 1804 3228 a
1828 3161 1887 3246 lai,

721 3277 861 3371 supple,
885 3275 983 3348 dixi:
1009 3297 1046 3348 se
1080 3279 1105 3348 a·
1137 3279 1251 3348 rideri
1278 3298 1303 3347 o
1331 3283 1451 3365 mente,
1478 3276 1581 3368 idest,
1609 3297 1760 3350 revocas
1790 3277 1835 3351 ad
1851 3268 1887 3368 (¹)

723 3404 882 3472 mentem
910 3404 947 3470 et
972 3395 1203 3489 memoriam,
1229 3399 1314 3487 quel
1328 3399 1415 3490 susti
1439 3419 1546 3488 meco,
1565 3397 1599 3470 in
1620 3397 1735 3492 patria
1753 3404 1888 3488 nostra,

721 3518 816 3594 inter
842 3518 920 3592 illas
945 3517 1094 3618 sirenaS,
1122 3519 1245 3608 equod
1261 3520 1296 3589 io
1313 3525 1384 3591 teco
1402 3521 1468 3611 sai,
1494 3518 1721 3592 convivendo
1744 3525 1888 3610 tecum;

720 3642 748 3714 il
779 3659 958 3712 memoror
983 3644 1156 3728 presente,
1193 3637 1299 3732 idest,
1331 3657 1490 3732 praesens
1530 3637 1744 3731 recordatio,
1778 3660 1891 3712 ooeor

719 3763 771 3850 fio
786 3779 911 3850 prove,
930 3757 1031 3851 idest,
1050 3757 1119 3831 erit
1137 3758 1332 3832 molestum
1361 3758 1476 3851 nobis,
1493 3759 1579 3851 quia
1598 3758 1778 3832 memoria
1795 3779 1891 3853 prae-

724 3879 916 3954 teritorum
944 3877 1039 3954 inter
1060 3899 1125 3952 nos
1142 3898 1217 3951 non
1234 3877 1296 3952 tiet
1312 3878 1391 3952 sine
1407 3878 1535 3952 dolore
1550 3883 1587 3951 et
1606 3878 1766 3972 pudore;
1785 3879 1888 3972 quasi

722 3998 827 4092 dicat,
855 3997 989 4072 tacite:
1016 3997 1045 4071 si
1071 4004 1111 4072 tu
1139 3997 1343 4073 recordaris
1360 3997 1471 4073 modo
1490 4017 1621 4071 eorum
1640 4019 1725 4092 quae
1745 3998 1890 4074 diceba·

722 4141 806 4194 mus
831 4124 868 4192 et
893 4116 1117 4192 faciebamus
1142 4137 1238 4190 vane
1262 4117 1425 4192 vacando
1445 4116 1611 4211 lasciviis,
1629 4117 1830 4211 amoribus,
1851 4125 1889 4193 et

721 4238 799 4315 aliis
816 4238 928 4312 rebus
942 4237 1055 4330 venit,
1069 4244 1265 4330 sequentes
1278 4236 1504 4312 delectabilia
1517 4258 1590 4312 non
1604 4239 1773 4333 bonesta3
1788 4245 1889 4314 certe

721 4359 801 4434 talis
826 4357 1006 4432 memoria
1033 4356 1103 4430 erit
1127 4376 1255 4430 amara
1274 4356 1347 4448 tibi,
1369 4357 1431 4449 qui
1459 4357 1517 4430 bic
1541 4358 1712 4454 purgaris
1737 4365 1780 4433 ut
1803 4379 1889 4454 per·

721 4479 846 4555 venias
871 4479 916 4552 ad
951 4477 1095 4552 beatam
1122 4477 1248 4569 vitam,
1277 4483 1315 4550 et
1347 4476 1435 4550 mibi
1460 4478 1524 4571 qui
1554 4499 1683 4572 quaero
1713 4480 1887 4554 virtutem

720 4606 758 4674 et
782 4599 936 4695 gloriam
964 4597 1105 4694 magnis
1135 4596 1320 4672 laboribus
1350 4603 1389 4670 et
1423 4597 1563 4693 vigiliis,
1589 4604 1628 4674 et
1655 4621 1739 4672 sum
1774 4599 1891 4674 lactus
1996 4655 2000 4663 .

673 4809 679 4820 ¹
721 4741 839 4794 novus
873 4719 984 4792 bomo
1016 4722 1197 4809 maturus,
1221 4717 1346 4812 gravis
1370 4723 1408 4792 et
1445 4719 1540 4793 bene
1573 4728 1750 4795 moratus.
1771 4759 1822 4772 -
1843 4723 1891 4794 Di

722 4844 845 4935 quello.
871 4838 936 4912 llic
961 4843 1068 4931 poeta
1088 4838 1280 4932 respondet
1295 4844 1422 4933 aperte
1443 4839 1601 4932 qualiter
1624 4840 1728 4914 vivus
1748 4840 1890 4914 venerit

784 5099 811 5162 (¹)
827 5098 857 5148 Ε.
875 5111 935 5162 pars
951 5097 1028 5148 butus
1044 5099 1159 5162 capituli,
1174 5099 1202 5148 iu
1217 5109 1277 5162 qun.
1402 5095 1429 5161 ιζ’)
1447 5102 1501 5158 117,
1518 5099 1550 5149 ad
1565 5099 1729 5150 memoriam,
