4575 6842
718 974 788 1039 21⁰
1079 980 1284 1037 counmuu
1308 978 1527 1034 runcanonu

716 1137 755 1205 et
779 1128 971 1225 chlamyde
997 1127 1114 1221 viridi,
1139 1126 1308 1222 apparuit
1334 1124 1400 1198 sibi
1425 1124 1521 1197 intra
1546 1122 1626 1198 illos
1651 1121 1771 1197 dores.
1798 1122 1891 1197 Dicit

717 1270 834 1347 ergo:
868 1255 1012 1341 Denuo,
1046 1247 1193 1341 scilicet,
1225 1245 1390 1339 Beatrir‚
1422 1244 1700 1341 supereminens
1738 1242 1890 1337 ceteris,

717 1374 762 1445 m'
775 1391 933 1463 opparoe
957 1362 1042 1462 cori,
1072 1368 1167 1444 sicut
1195 1368 1333 1443 dictum
1364 1372 1420 1442 est
1448 1365 1496 1440 de
1525 1372 1612 1440 ortu
1646 1365 1742 1459 solis,
1767 1367 1892 1439 dervo

717 1511 790 1565 una
815 1494 946 1565 novole
970 1493 1007 1565 dl
1028 1492 1124 1584 fiori,
1153 1489 1240 1584 quia
1270 1494 1370 1563 taum
1401 1494 1482 1563 erat
1513 1487 1709 1562 multitudo
1724 1481 1774 1581 (Ὗ,
1793 1485 1892 1580 quod

573 1652 579 1662 ·
719 1611 875 1686 faciebat
908 1610 1011 1705 quasi
1047 1609 1197 1704 nubem,
1222 1611 1283 1683 olle
1312 1610 1427 1681 calloo
1456 1610 1550 1681 dalle
1576 1610 1674 1679 moni
1702 1607 1892 1697 moliole,

719 1726 900 1807 dictorum
927 1732 1157 1828 angelorum,
1182 1753 1203 1803 e
1227 1732 1394 1803 modove
1423 1724 1484 1820 pol
1513 1732 1652 1819 dendo,
1684 1727 1780 1801 intra
1805 1747 1891 1801 cur-

720 1873 818 1946 rum,
852 1854 932 1925 edi
952 1854 1062 1945 fuori,
1088 1849 1186 1925 circa
1216 1850 1453 1925 corruunt
1485 1849 1543 1923 hic
1575 1854 1661 1923 nota
1694 1848 1793 1942 quod
1823 1847 1892 1921 ista

720 1972 838 2046 nubes
863 1972 995 2047 florum
1022 1970 1224 2067 figuraliter
1250 1976 1306 2044 est
1337 1970 1551 2067 aggregatio
1584 1970 1762 2044 librorum
1796 1955 1898 2044 lacta

719 2110 767 2164 ex
793 2090 943 2165 floribus
968 2090 1071 2165 dictis
1086 2082 1123 2182 (¹)
1149 2111 1172 2165 a
1197 2090 1367 2165 manibus
1391 2089 1583 2163 doctorurn
1603 2095 1640 2165 et
1657 2090 1890 2184 scriptorum,

721 2210 783 2303 qui
810 2211 1019 2285 habuerunt
1044 2210 1250 2285 intellectus
1265 2209 1461 2305 angelicos,
1485 2229 1574 2283 vere
1588 2200 1625 2301 (³)
1647 2208 1744 2283 missi
1765 2229 1789 2283 a
1814 2209 1892 2283 lieo

719 2329 766 2403 ad
798 2330 954 2404 dandam
986 2330 1205 2425 scripturam
1222 2319 1259 2422 (ἢ
1294 2329 1522 2422 hominibus3
1549 2330 1631 2404 ideo
1664 2330 1759 2405 bene
1790 2329 1894 2425 lingit

720 2450 818 2543 quod
844 2450 992 2525 Beatrix
1018 2450 1188 2545 apparuit
1201 2442 1239 2543 (⁵)
1265 2450 1331 2524 sibi
1363 2451 1457 2525 inter
1487 2452 1573 2524 istos
1602 2451 1733 2544 llores3
1757 2453 1893 2543 donno,

720 2571 813 2665 dico,
838 2574 930 2644 noto
955 2574 990 2644 d'
1003 2574 1110 2663 oliva,
1137 2570 1239 2664 idest,
1265 2571 1403 2646 habens
1428 2579 1539 2665 caput
1567 2572 1728 2646 cinctum
1754 2592 1892 2646 corona

721 2690 839 2784 olivae,
863 2710 946 2784 quae
972 2691 1119 2786 ponitur
1144 2710 1212 2785 pro
1237 2690 1432 2785 sapientia3
1454 2697 1509 2765 est
1530 2691 1627 2765 enim
1643 2682 1680 2782 (⁶)
1698 2692 1811 2766 arbor
1827 2692 1893 2765 de·

721 2810 839 2885 dicata
857 2811 1040 2906 Minervae,
1057 2812 1152 2884 sicut
1168 2810 1300 2885 dicitur
1311 2800 1348 2902 (⁷)
1368 2810 1481 2905 inira3
1498 2830 1609 2903 sopru
1631 2813 1784 2884 candido
1804 2812 1893 2901 oelo,

722 2931 809 3026 quia
835 2931 871 3004 in
897 2932 1014 3026 capite
1040 2932 1161 3005 velato
1187 2931 1344 3005 habebat
1361 2952 1536 3006 coronam
1553 2922 1604 3025 (⁸),
1621 2940 1658 3006 et
1675 2952 1742 3027 per
1767 2933 1891 3009 velum

721 3051 848 3124 album
867 3050 1026 3144 intellige
1044 3072 1175 3145 puram
1190 3050 1299 3124 iidem
1318 3070 1402 3144 quae
1419 3056 1491 3125 slot
1507 3048 1791 3146 sub'velaurine3
1806 3073 1890 3127 narn

722 3170 811 3245 fides
837 3171 959 3265 incipit
985 3171 1048 3245 ubi
1075 3172 1225 3246 rationis
1240 3171 1360 3246 delicit
1379 3179 1663 3267 argumentum3
1680 3147 1769 3246 sollo
1789 3178 1895 3249 verde

723 3300 855 3386 manto,
883 3311 949 3387 per
971 3293 1039 3365 hoc
1061 3292 1220 3389 intellige
1237 3312 1339 3387 spem
1357 3293 1517 3387 subque
1535 3293 1634 3390 riget
1651 3314 1756 3369 sacra
1776 3295 1895 3370 scien·

724 3412 785 3505 tia,
813 3416 931 3485 vestito
956 3413 994 3485 di
1017 3414 1116 3485 color
1141 3414 1180 3485 dt
1191 3415 1339 3504 tommo
1357 3416 1461 3506 υἰυαῑ
1481 3433 1548 3508 per
1565 3414 1633 3487 hoo
1650 3413 1811 3510 intellige
1831 3434 1896 3488 oa-

724 3531 868 3605 ritalem
901 3554 985 3626 quae
1017 3539 1072 3607 est
1102 3530 1264 3606 vivacior
1294 3538 1332 3607 et
1363 3530 1560 3626 ardentior,
1591 3531 1673 3606 ideo
1706 3534 1895 3628 reponitur

724 3649 898 3725 interius:
924 3657 961 3726 et
987 3652 1128 3747 respice
1153 3651 1253 3744 quod
1283 3658 1394 3725 autor
1423 3651 1460 3724 in
1489 3651 1706 3746 precedenti
1736 3653 1896 3747 capitulo

725 3774 998 3866 representavit
1023 3772 1134 3847 dictas
1161 3779 1236 3845 tres
1262 3772 1416 3846 virtutes
1443 3772 1585 3847 divinas
1618 3774 1687 3846 sub
1717 3775 1896 3869 praedictis

724 3890 841 3963 tribus
861 3892 1055 3965 coloribus.
1070 3932 1120 3947 -
1132 3894 1214 3965 Ele
1230 3894 1363 3983 spirito
1382 3892 1487 3965 Nunc
1503 3902 1610 3986 poeta
1627 3893 1784 3969 ostendit
1801 3915 1896 3989 quo·

726 4011 836 4085 modo
861 4011 1048 4087 devenerit
1063 4004 1099 4105 (⁹)
1128 4013 1165 4085 in
1190 4011 1434 4107 cognitionem
1454 4012 1639 4087 Beatrieis.
1660 4014 1731 4089 Sed
1751 4016 1796 4089 ad
1818 4017 1896 4111 ple·

726 4131 868 4205 niorenr
895 4132 1139 4227 cognitionem
1167 4151 1313 4225 eorum,
1331 4152 1415 4225 quae
1433 4131 1606 4207 dicuntur
1630 4134 1687 4208 lric
1712 4141 1750 4209 et
1774 4135 1811 4210 in
1832 4156 1897 4211 ca-

726 4250 840 4347 pitulo
865 4252 1031 4345 sequenti
1057 4252 1104 4327 de
1129 4254 1197 4326 ista
1217 4252 1395 4342 Beatrice‚
1417 4252 1502 4327 volo
1518 4261 1556 4327 te
1579 4254 1674 4329 scire
1689 4255 1789 4348 quod
1807 4276 1895 4330 cunr

726 4372 875 4465 quidam
889 4372 1023 4446 llulcus
1036 4371 1273 4466 Portinarius,
1287 4372 1510 4446 honorabilis
1523 4372 1613 4447 civis
1629 4373 1832 4468 Florentia,
1850 4376 1897 4451 de

728 4512 834 4567 more
860 4492 996 4567 laceret
1012 4484 1063 4585 (⁴⁰)
1092 4492 1238 4568 celebre
1264 4492 1473 4568 convivium
1499 4493 1664 4568 kalendis
1677 4495 1788 4589 mali,
1808 4516 1897 4569 oon-

788 4740 815 4801 (¹)
832 4740 863 4789 E.
880 4738 1143 4802 multimodorum,
1160 4741 1238 4805 quod.

787 4814 816 4877 (¹)
831 4816 862 4867 E.
879 4816 953 4867 dictis
968 4818 1001 4867 rlr
1016 4831 1063 4869 oro
1079 4815 1216 4869 doctorum
1233 4822 1260 4867 ot
1276 4830 1291 4867 ι
1307 4819 1426 4868 manibus
1442 4819 1609 4882 rcrlptorom.

789 4891 816 4954 l')
832 4892 863 4942 Ε.
879 4898 907 4943 ot
922 4906 993 4943 rere.
1213 4895 1240 4957 (¹)
1257 4898 1311 4956 llt,
1329 4895 1484 4958 serlptnrorn
1501 4908 1602 4946 norom
1618 4894 1774 4947 bomlnlltno.

791 4968 818 5030 (¹)
834 4968 866 5019 ll.
882 4972 1037 5031 apparuerit.
1214 4971 1241 5033 (¹5
1258 4971 1289 5022 E.
1304 4976 1343 5021 est
1358 4971 1428 5021 enlm
1445 4973 1513 5023 oltra
1529 4973 1616 5023 arbor.

791 5042 818 5104 (⁷)
833 5044 866 5095 B.
880 5045 990 5097 dicetur.
1213 5046 1240 5107 (⁸)
1256 5046 1288 5096 Ε.
1304 5060 1428 5097 eoronam
1444 5049 1520 5108 hanc,
1536 5053 1563 5098 el
1578 5060 1633 5113 per.

790 5118 818 5181 Γ)
834 5120 865 5170 Ε.
881 5120 992 5173 devenit.
1203 5124 1242 5187 Ψ)
1258 5124 1289 5175 Ε.
1305 5123 1403 5175 luceret
1418 5124 1547 5176 colebari
1562 5126 1719 5177 convivium.
