4575 6842
859 988 998 1044 cannas
1022 988 1167 1043 sunaus.
1439 1006 1441 1011 ·
1528 974 1597 1041 429

426 1136 633 1230 consulum,
655 1134 719 1229 qui
744 1135 791 1209 de
815 1135 893 1231 ipso
916 1133 1118 1231 gloriosum
1145 1132 1372 1228 triumphum
1399 1132 1600 1209 duxeruut.

424 1256 506 1345 Quo
532 1262 699 1351 tempore
726 1255 887 1330 maxima
913 1254 1115 1329 constantia
1140 1259 1179 1329 et
1205 1255 1445 1350 temperantia
1471 1276 1599 1330 roma-

426 1397 562 1451 noram
579 1375 760 1471 apparuit,
775 1375 862 1468 qaia
879 1375 1044 1470 Pyrrhus
1062 1394 1135 1448 non
1152 1374 1271 1448 solum
1292 1393 1364 1449 non
1381 1376 1500 1470 potuit
1518 1376 1600 1450 vin-

426 1516 514 1572 cere
537 1495 745 1570 Fabricium
768 1515 874 1587 auro,
899 1494 962 1570 sed
983 1495 1127 1569 nullum
1154 1494 1191 1568 in
1218 1495 1352 1590 populo
1372 1495 1491 1590 potuit
1516 1517 1601 1570 eor·

428 1637 603 1713 rumpere
636 1616 749 1691 donis.
782 1616 937 1691 Duravit
973 1616 1068 1689 istud
1104 1615 1241 1690 bellam
1279 1622 1441 1710 quatuor
1474 1616 1599 1709 annis;

428 1740 574 1815 medem
592 1758 659 1813 rex
676 1736 900 1813 clarissimus
917 1735 1103 1810 maximas
1120 1737 1195 1810 aar
1216 1736 1299 1812 belli
1318 1736 1440 1812 amisit
1457 1736 1597 1811 ltaliam

427 1866 465 1935 et
489 1858 659 1952 Siciliam,
680 1863 717 1933 et
742 1857 779 1930 in
804 1857 945 1932 Graecia
967 1856 1188 1931 Thessaliam
1212 1867 1250 1935 et
1279 1856 1539 1949 Macedoniam,
1562 1862 1601 1930 et

426 1981 545 2055 victus
557 2002 579 2053 a
592 1978 851 2054 lacedemoniis
863 1978 952 2051 dum
966 1984 1197 2073 oppugnaret
1210 1977 1392 2053 civitatem
1412 1976 1598 2073 argorum

424 2101 574 2175 incaute
600 2105 781 2173 mactatas
805 2105 861 2172 est
885 2118 975 2172 saxo
1001 2118 1114 2171 mana
1141 2097 1313 2193 imminue,
1331 2098 1543 2193 exemplam
1561 2088 1597 2188 (⁴)

425 2220 505 2294 aliis
529 2224 710 2313 quantum
733 2217 844 2291 bomo
861 2219 972 2312 possit
990 2216 1103 2291 lidere
1120 2217 1313 2312 prosperis.
1331 2218 1436 2291 Nunc
1454 2216 1500 2290 ad
1518 2214 1599 2289 lite·

426 2361 528 2434 ram3
553 2339 639 2413 dicit
662 2337 886 2411 lastinianus
918 2336 1045 2412 Danti:
1071 2341 1135 2411 Sui
1164 2339 1242 2429 paret
1270 2340 1330 2409 ote
1357 2340 1417 2430 se',
1450 2335 1596 2428 scilicet,

425 2460 514 2535 illud
539 2460 685 2556 signum
711 2457 856 2551 aquilae,
877 2463 1021 2550 portato
1045 2460 1144 2549 dapis·
1168 2460 1287 2549 eprcpi
1310 2460 1465 2547 romani,
1495 2455 1596 2547 idest,

424 2582 473 2656 ab
491 2579 693 2654 illustribus
719 2578 873 2652 ducibus
892 2598 1144 2673 romanorum,
1157 2582 1316 2652 incontw
1334 2599 1359 2650 u
1374 2582 1531 2667 Brenno,
1551 2574 1597 2649 de
1679 2614 1682 2621 ·

424 2704 495 2776 isto
519 2700 721 2775 Policratus
751 2697 835 2773 lacit
867 2718 1019 2795 magnas
1052 2698 1191 2793 laudes,
1217 2705 1254 2773 et
1287 2698 1372 2791 dicit
1404 2698 1504 2792 quod
1530 2696 1597 2769 luit

425 2821 663 2913 britannicas,
676 2824 838 2894 incontra
850 2841 875 2892 n
888 2824 1011 2911 Pinna,
1023 2819 1070 2895 de
1087 2820 1155 2894 isto
1170 2819 1353 2895 mirabiles
1367 2819 1493 2895 laudes
1510 2818 1594 2893 iacit

426 2942 600 3034 lustinus,
618 2940 703 3033 qaia
721 2940 791 3045 luit
807 2938 1046 3035 peritissimus
1062 2939 1229 3014 omnium
1248 2939 1468 3015 inducendo
1486 2959 1595 3015 erer-

425 3063 553 3155 citum,
570 3061 607 3135 in
624 3060 825 3135 ordinando
841 3061 971 3156 aciem,
992 3059 1028 3134 in
1051 3060 1218 3157 eligendo
1244 3082 1430 3157 eampum,
1451 3060 1487 3134 in
1506 3080 1595 3134 con·
1697 3064 1699 3069 '

424 3182 579 3259 ciliando
603 3182 746 3255 animos
771 3181 975 3255 bominum.
993 3181 1038 3254 Et
1053 3181 1140 3275 quia
1163 3202 1236 3256 non
1260 3187 1379 3277 potest
1404 3180 1595 3257 nominare

424 3322 553 3380 omnes
578 3303 637 3378 vel
662 3302 809 3395 multos,
825 3300 930 3376 dicit:
949 3304 1111 3375 incontm
1128 3304 1203 3393 opti
1218 3304 1302 3375 altri
1314 3305 1469 3395 principi
1483 3322 1502 3374 a
1519 3303 1594 3375 aot·

424 3426 504 3516 teat,
529 3422 632 3516 idest,
652 3422 767 3496 daces
791 3428 828 3495 et
852 3422 1145 3518 communitates,
1164 3422 1258 3497 sicut
1275 3428 1403 3497 contra
1419 3420 1593 3496 samnites

424 3542 491 3617 luit
521 3548 705 3637 portatum
732 3561 755 3614 a
780 3541 917 3635 multis,
948 3548 986 3616 et
1016 3542 1201 3637 praecipue
1229 3563 1252 3616 a
1283 3541 1429 3616 duobus
1460 3540 1594 3636 Papirii

423 3661 646 3739 cursoribus.
673 3662 822 3735 Nullum
849 3660 947 3738 enim
973 3662 1110 3736 bellum
1135 3663 1204 3735 luit
1228 3661 1323 3736 intra
1349 3661 1488 3735 ltaliam
1513 3659 1597 3734 diu-

423 3783 570 3857 turnius
587 3789 625 3857 et
641 3782 847 3875 crudelius3
865 3802 950 3856 nam
972 3781 1118 3855 durarit
1143 3782 1222 3857 lere
1245 3782 1510 3878 quinquaginta
1528 3802 1595 3855 an-

424 3904 491 3998 nis,
518 3910 556 3979 et
579 3902 754 3976 samnites
778 3892 948 3993 sexiest¹i
974 3907 1156 3996 ruperant
1177 3902 1306 3995 loedus,
1321 3907 1358 3977 et
1379 3901 1521 3975 romani
1539 3900 1596 3974 vi·

423 4005 513 4121 giuti
540 4029 700 4117 quatuor
726 4022 930 4117 triumphos
953 4022 1164 4096 babuerunt
1188 4040 1233 4095 ex
1261 4022 1501 4096 cis-Onne.
1529 4020 1594 4095 llic

424 4142 648 4218 lastinianus
680 4142 861 4239 predictis
890 4141 1120 4217 subanneetit
1151 4142 1291 4236 aliquot
1319 4143 1514 4237 praeciaras
1538 4142 1593 4215 ia·

425 4263 543 4338 milias
567 4284 653 4357 qaae
676 4264 747 4337 sab
771 4264 876 4360 signo
901 4263 1034 4357 aquilae
1050 4262 1326 4357 acquisiverant
1346 4284 1516 4360 magnam
1539 4263 1589 4337 la·

424 4405 536 4459 mam.
563 4386 606 4457 Et
631 4386 751 4479 primo
775 4384 821 4459 ad
847 4383 1092 4481 cognitionem
1110 4385 1380 4477 Torquatorum
1402 4390 1456 4459 est
1474 4384 1595 4458 scien·

421 4504 511 4579 dam
544 4504 654 4598 quod,
684 4505 780 4579 sieut
809 4510 928 4599 potest
961 4504 1080 4600 colligi
1113 4525 1158 4579 ex
1191 4504 1291 4578 Livio
1322 4504 1415 4579 libro
1447 4503 1503 4597 Vl,
1536 4503 1594 4576 Vll

421 4631 459 4699 et
482 4624 570 4717 Vlll,
595 4624 729 4698 domus
753 4624 883 4697 Manlia
909 4623 978 4696 luit
1009 4623 1097 4697 oiim
1128 4623 1256 4697 nobilis
1287 4630 1325 4699 et
1356 4625 1527 4699 terribilis
1557 4625 1594 4698 in

421 4744 525 4819 urbe
553 4744 597 4817 Et
621 4743 740 4839 primo
765 4745 909 4817 Marcus
933 4742 1086 4817 Manlius
1110 4744 1167 4818 vir
1187 4744 1461 4820 strenuissimus
1487 4746 1595 4840 Capi-

422 4865 550 4940 tolium
575 4864 744 4940 liberavit
767 4886 791 4939 a
815 4864 919 4960 gallis
945 4870 1112 4959 ternpore
1136 4865 1263 4960 noctis,
1287 4865 1334 4941 de
1365 4886 1440 4960 quo
1466 4872 1592 4961 postea

485 5122 514 5187 (¹)
530 5127 545 5174 t
560 5136 576 5175 a
591 5124 622 5173 n
637 5124 787 5187 exemplam
803 5124 921 5189 probem
936 5123 1001 5175 aliis.
1189 5124 1217 5189 (b
1232 5126 1264 5178 E.
1280 5128 1381 5191 septies.
