4575 6842
723 940 795 1006 272
1081 947 1286 1003 cousuruu
1309 948 1530 1004 runosrouu

721 1094 826 1169 multi
853 1093 981 1169 famosi
1006 1092 1200 1187 florentini,
1226 1094 1320 1167 sicut
1344 1091 1517 1167 dominus
1541 1090 1694 1167 Cursius
1719 1095 1892 1169 Donatus,

719 1214 824 1289 blodo
849 1215 895 1289 ad
920 1214 1148 1311 propositum
1174 1213 1259 1288 dicit
1276 1215 1422 1289 Beatrix
1444 1212 1542 1307 quod
1564 1212 1725 1289 vindicta
1741 1214 1807 1289 liei
1823 1234 1897 1289 uon

719 1336 824 1411 timet
857 1356 1002 1431 suppas,
1028 1335 1133 1429 quasi
1162 1334 1270 1427 dicat,
1300 1334 1400 1429 quod
1431 1333 1534 1409 iraus
1568 1335 1627 1409 vel
1657 1335 1799 1410 malitia
1824 1356 1898 1409 uon

719 1456 816 1532 valet
841 1463 969 1531 contra
998 1456 1129 1550 Deum,
1162 1455 1227 1549 qui
1258 1460 1314 1529 est
1337 1455 1461 1550 justus
1476 1447 1513 1546 (¹)
1540 1454 1657 1550 Judex
1692 1461 1730 1531 ει
1761 1454 1893 1529 vindex

719 1578 950 1653 iniuriamm.
975 1578 1067 1652 Nota
1092 1576 1205 1651 etiam
1238 1575 1338 1670 quod
1362 1575 1422 1651 alii
1448 1575 1554 1651 aliter
1579 1583 1769 1671 exponunt
1793 1577 1892 1650 illam

720 1700 864 1775 literam
886 1702 927 1792 su
952 1720 971 1771 e
993 1718 1066 1770 nou
1091 1693 1131 1788 ἐς
1157 1702 1195 1772 ει
1219 1695 1345 1770 dicunt
1369 1696 1468 1790 quod
1493 1696 1646 1771 ccclesia
1672 1717 1747 1772 uon
1772 1702 1830 1771 εει
1855 1696 1892 1769 in

719 1819 870 1914 antiqua
895 1816 1127 1913 dispositione
1157 1836 1237 1909 sua,
1262 1816 1358 1891 sicut
1386 1816 1455 1890 luit
1483 1821 1570 1891 aute
1602 1817 1889 1892 llacbomettum

720 1947 758 2016 ει
777 1945 858 2035 post
874 1936 1107 2012 donationem
1128 1934 1370 2028 Constantini,
1396 1957 1482 2010 uam
1507 1956 1643 2011 currus
1666 1942 1755 2011 tunc
1771 1942 1891 2011 trans-

720 2058 891 2134 formavit
920 2078 984 2133 se:
1013 2056 1078 2131 sed
1107 2056 1176 2131 ista
1201 2056 1378 2152 expositio
1403 2055 1549 2131 ridetur
1574 2056 1681 2131 nimis
1711 2058 1889 2153 alonge:

718 2178 816 2253 unde
841 2178 946 2253 litera
972 2198 1057 2272 quae
1082 2177 1205 2252 statim
1229 2176 1398 2271 sequitur
1421 2176 1578 2251 ostendit
1597 2176 1697 2270 quod
1717 2177 1890 2271 loquatur

716 2299 763 2375 de
787 2299 945 2396 gigante.
962 2339 1011 2352 —
1022 2302 1115 2387 Noa.
1134 2297 1199 2371 liic
1216 2297 1364 2371 Beatrix
1380 2295 1551 2371 describit
1567 2296 1605 2369 iu
1621 2295 1767 2391 speciali
1784 2296 1888 2369 illum

717 2420 781 2515 qui
806 2420 971 2497 lauturus
997 2425 1052 2493 est
1076 2417 1273 2493 vindictam
1293 2416 1340 2491 de
1357 2416 1497 2491 iniuriis
1513 2417 1695 2511 ecclesiae3
1713 2422 1752 2491 ει
1767 2416 1806 2489 in
1822 2416 1890 2491 ista

718 2540 835 2632 litera,
849 2558 932 2634 quae
946 2538 1071 2612 multis
1088 2538 1234 2613 ridetur
1252 2536 1459 2629 fortissima,
1477 2543 1583 2631 poeta
1603 2558 1676 2612 uon
1693 2537 1772 2611 vult
1790 2536 1890 2611 aliud

718 2659 841 2735 dicere
866 2658 1126 2733 sententialiter
1152 2657 1189 2730 in
1215 2656 1361 2751 effectu,
1378 2656 1446 2731 nisi
1464 2656 1563 2750 quod
1590 2677 1663 2731 non
1690 2663 1772 2752 post
1791 2657 1916 2730 mul-·

718 2785 798 2853 tum
824 2778 999 2873 temporis
1025 2778 1147 2854 veniet
1171 2798 1219 2852 or
1244 2778 1318 2851 alta
1339 2776 1565 2872 providentia
1582 2777 1647 2852 Dei
1665 2785 1703 2852 ει
1719 2777 1815 2852 bona
1833 2777 1889 2851 iu-

717 2898 868 2973 lluentia
893 2897 1081 2972 stellarum
1105 2896 1255 2991 quidam
1277 2898 1400 2992 justus
1428 2896 1595 2992 princeps
1621 2917 1799 2972 romanus
1824 2898 1888 2991 qui

718 3020 854 3095 virtute
871 3024 909 3094 et
933 3018 1103 3092 felicitate
1128 3038 1196 3091 sua
1222 3015 1436 3091 reformabit
1461 3018 1643 3092 muudum
1661 3018 1888 3093 restituendo

717 3139 908 3215 ecclesiam
935 3137 1095 3233 pristinae
1121 3136 1288 3229 libertati,
1314 3136 1593 3212 exterminando
1619 3158 1746 3235 regem
1771 3139 1887 3213 Frau-

716 3260 792 3335 ciae.
807 3259 899 3333 Dicit
913 3278 1024 3355 ergo:
1038 3260 1218 3349 lopuglio,
1238 3256 1339 3350 idest,
1357 3257 1553 3352 imperium
1572 3277 1781 3354 romanum,
1800 3281 1886 3335 nam

715 3399 783 3475 per
807 3378 953 3477 siguum
980 3377 1041 3452 dat
1065 3376 1214 3474 intelligi
1241 3376 1438 3473 signatum,
1459 3380 1521 3451 clre
1536 3371 1644 3451 loscid
1670 3382 1701 3452 lc
1717 3400 1834 3472 penne
1849 3384 1889 3454 ol

714 3522 837 3591 cono,
862 3501 931 3575 sub
947 3490 984 3593 (²)
1010 3498 1245 3574 Constantino
1271 3498 1335 3593 qui
1360 3498 1500 3574 dotavit
1521 3499 1724 3594 ecclesiam,
1746 3496 1886 3593 perctd,

714 3621 816 3717 idest,
842 3627 992 3716 propter
1017 3639 1130 3713 quam
1156 3618 1281 3693 dotem
1305 3618 1382 3713 ipse
1406 3638 1552 3712 currus,
1578 3622 1723 3694 divense
1738 3627 1886 3713 mostro,

713 3746 801 3818 cum
818 3746 958 3837 septem
976 3738 1155 3835 capitibus
1172 3747 1209 3813 et
1228 3738 1357 3813 decem
1383 3739 1568 3834 cornibus,
1585 3744 1740 3834 eposoio
1754 3744 1885 3834 predo

713 3862 808 3937 lacta
824 3883 847 3936 a
864 3860 1024 3958 gigante,
1039 3880 1110 3932 noo
1122 3849 1212 3932 sard
1224 3865 1307 3933 tutto
1320 3866 1432 3953 tempo
1448 3881 1558 3933 senza
1568 3864 1671 3952 reda,
1683 3860 1786 3954 idest,
1804 3861 1883 3936 siue

714 4000 926 4057 successore
943 3980 1177 4074 imperatore,
1191 3978 1285 4053 sicut
1303 3999 1400 4053 nuuc
1421 3986 1500 4073 est;
1517 4001 1603 4055 nam
1626 3986 1793 4076 tempore
1813 3980 1886 4053 Bo-

712 4101 831 4176 niiacii
847 4101 969 4175 nullus
982 4104 1062 4173 erat
1080 4098 1291 4193 imperator,
1305 4098 1373 4173 nisi
1386 4098 1556 4174 tilbertus
1569 4106 1722 4176 vocatus
1734 4100 1797 4195 qui
1812 4121 1886 4175 nou

711 4222 813 4297 venit
828 4220 875 4295 ad
893 4218 1119 4295 liberandam
1136 4218 1287 4312 ltaliam,
1301 4217 1348 4293 de
1367 4239 1442 4312 quo
1460 4227 1567 4314 poeta
1584 4226 1808 4314 conquestus
1828 4224 1885 4294 est

711 4341 758 4415 lll
782 4340 942 4437 capitulo
967 4338 1077 4414 buius
1101 4337 1320 4434 Purgatorii.
1339 4338 1458 4430 litbic
1478 4346 1564 4414 nota
1586 4340 1686 4434 quod
1702 4345 1811 4415 caute
1827 4339 1885 4413 lo-

711 4462 838 4556 quitur
863 4461 921 4536 bic
946 4466 1073 4556 poeta:
1107 4458 1186 4533 vult
1217 4457 1316 4533 enim
1347 4457 1472 4533 dicere
1500 4459 1628 4533 tacite:
1660 4459 1756 4534 sicut
1786 4480 1886 4533 uuus

712 4582 913 4678 imperator
939 4601 1115 4655 romanus
1138 4578 1238 4653 dedit
1255 4579 1409 4673 plumas,
1427 4577 1528 4673 idest,
1547 4578 1689 4655 divitias
1705 4578 1882 4672 ecclesis,

627 4684 630 4693 ’
712 4722 759 4777 ex
785 4701 919 4798 quibus
946 4707 1030 4775 nata
1056 4707 1112 4775 est
1136 4682 1302 4773 insatiata
1332 4697 1487 4773 avaritia
1518 4699 1769 4793 praelatorum,
1801 4718 1886 4793 quse

643 4816 645 4821 ’
712 4828 767 4898 εει
792 4822 990 4897 destructio
1017 4819 1157 4914 mundi,
1183 4819 1233 4893 ita
1258 4816 1408 4912 quidam
1429 4817 1522 4891 alius
1539 4817 1741 4914 imperator
1758 4838 1884 4892 roma-

774 5081 801 5146 (¹)
819 5060 971 5145 nmmum
987 5093 1041 5141 rex,
1053 5079 1143 5145 iudex.
1331 5074 1360 5139 (¹)
1377 5076 1408 5126 E.
1425 5077 1534 5127 subsudi
1547 5075 1724 5129 mosenum.
