4575 6842
724 959 795 1031 488
1114 966 1319 1029 sensurum
1344 966 1511 1021 Plutblsx

723 1105 926 1213 magnificia
942 1108 979 1207 (¹)
1005 1112 1203 1209 potestatis,
1231 1132 1342 1207 quam
1376 1112 1591 1208 expectabat
1620 1112 1657 1186 in
1693 1113 1831 1189 mundo
1861 1112 1891 1187 si

722 1258 795 1313 uon
821 1236 947 1311 luisset
972 1241 1092 1309 morte
1117 1240 1337 1329 praeventus.
1358 1233 1399 1307 Et
1417 1233 1535 1328 primo
1554 1232 1726 1327 describit
1746 1233 1895 1329 previu-

721 1356 828 1451 ciam,
855 1376 940 1450 quae
965 1355 1153 1450 spectabat
1176 1354 1222 1428 ad
1248 1374 1349 1447 eum,
1367 1352 1453 1448 quia
1479 1353 1598 1447 primo
1617 1352 1739 1429 fuerat
1759 1354 1818 1428 avi
1837 1355 1893 1431 sui

721 1477 840 1552 Caroli
865 1478 881 1549 l
910 1497 958 1552 cx
984 1476 1197 1551 haereditate
1222 1474 1428 1570 Raymuudi
1461 1474 1683 1569 berengerii,
1712 1482 1752 1549 ut
1777 1475 1895 1570 patuit
2013 1468 2018 1475 ’

721 1618 833 1692 supra
859 1598 1019 1691 capitulo
1037 1596 1082 1668 Vl
1099 1596 1136 1667 in
1153 1594 1236 1694 line.
1256 1595 1346 1668 Dicit
1366 1614 1476 1691 ergo:
1499 1598 1620 1681 oneltn
1634 1597 1779 1669 aracha
1797 1600 1893 1688 mou,

606 1807 608 1810 ¹
721 1719 823 1812 idest,
850 1717 1036 1813 provincia
1062 1716 1153 1790 citra
1183 1715 1413 1808 Rhodanum,
1430 1718 1489 1789 che
1508 1718 1540 1788 si
1560 1718 1643 1789 luna
1667 1719 1705 1790 dt
1728 1719 1892 1806 Roduno,

721 1840 833 1913 tluvio
860 1837 1107 1933 rapacissimo,
1127 1840 1192 1930 poi
1215 1832 1300 1909 ct’t
1323 1839 1423 1909 misto
1440 1857 1506 1909 con
1525 1841 1655 1928 Serpa,
1673 1835 1775 1931 idest,
1793 1844 1891 1931 post·
1990 1832 1993 1839 ’

722 1979 835 2053 quam
861 1958 990 2055 Sergia
1007 1957 1141 2031 lluvius
1159 1956 1376 2053 purissimus
1393 1956 1617 2031 admiscetur
1634 1955 1699 2050 ipsi
1716 1957 1891 2031 Rhodano

719 2081 816 2174 apud
843 2079 1071 2172 hviuionem,
1092 2076 1199 2152 cuius
1217 2077 1296 2150 lons
1313 2082 1369 2149 est
1385 2075 1595 2151 notissimus
1615 2075 1743 2173 diebus
1761 2078 1892 2151 nostris

722 2200 917 2296 potissime,
941 2199 1028 2292 quia
1055 2197 1274 2273 novissimus
1292 2204 1399 2291 poeta
1417 2197 1614 2271 Petrarcha
1633 2197 1681 2270 ibi
1698 2196 1890 2271 diusnum

683 2346 688 2353 ·
720 2319 882 2395 studium
908 2320 992 2395 lecit
1017 2326 1054 2393 et
1082 2338 1254 2414 magnam
1283 2323 1424 2412 partem
1451 2316 1630 2391 librorum
1652 2338 1827 2409 suorum3
1845 2316 1892 2391 de

720 2464 795 2538 qno
821 2442 897 2536 ipse
921 2440 1023 2515 dicit:
1050 2441 1180 2529 Serpia
1205 2459 1275 2510 ren
1296 2441 1444 2531 fontum
1471 2444 1553 2531 etc,
1568 2459 1638 2529 per
1662 2459 1725 2511 sno
1750 2440 1893 2528 sipnorc

720 2585 745 2635 a
769 2570 881 2655 tempo
906 2566 1154 2653 m'aspettuua,
1188 2559 1217 2632 si
1248 2557 1531 2652 supervixisscm
1564 2558 1657 2653 patri
1693 2566 1895 2633 mee-ll

720 2686 808 2778 quet.
834 2683 899 2755 llic
924 2681 1077 2755 Carolus
1102 2678 1272 2753 describit
1297 2676 1499 2751 secundum
1519 2696 1676 2773 regnum
1701 2678 1890 2773 proprium

721 2803 844 2898 patris,
871 2802 971 2896 quod
1008 2799 1224 2896 expectabat
1263 2798 1409 2873 habere.
1449 2798 1492 2871 Et
1529 2798 1573 2873 ad
1618 2798 1889 2895 intelligendam

722 2926 827 3001 istam
859 2922 1003 2999 literam
1039 2924 1185 3015 oportet
1219 2918 1320 3013 prius
1357 2916 1452 2993 scire
1485 2918 1584 3012 quod
1621 2918 1733 3013 ltalia,
1765 2919 1891 3015 regina

722 3065 934 3140 regnorum,
953 3051 1008 3117 est
1034 3043 1141 3137 longa
1168 3047 1205 3115 et
1230 3040 1353 3115 stricta
1378 3040 1416 3113 in
1444 3040 1593 3114 modum
1621 3042 1734 3136 slavis,
1752 3049 1790 3117 ct
1815 3048 1891 3117 tnta

721 3166 850 3259 insula,
875 3170 1124 3259 preterquam
1152 3182 1198 3235 ex
1226 3182 1298 3234 uua
1325 3168 1440 3256 parte.
1471 3162 1562 3235 Nam
1593 3182 1615 3235 a
1649 3162 1801 3237 meridie
1827 3184 1892 3258 per

721 3286 871 3381 longum
902 3284 1013 3358 habet
1042 3302 1147 3357 mare
1183 3281 1413 3377 tyrrhenum,
1443 3302 1465 3354 a
1496 3282 1758 3375 septemtrione
1788 3304 1892 3357 mare

719 3404 948 3497 adriaticum,
966 3404 1013 3477 ab
1037 3402 1181 3477 oriente
1199 3403 1358 3496 pharum
1377 3420 1622 3495 messanense,
1640 3404 1687 3478 ab
1704 3404 1893 3479 occidente

717 3532 844 3604 autem
870 3524 1055 3599 clauditur
1078 3523 1160 3598 altis
1182 3520 1377 3612 montibus,
1395 3521 1459 3614 qui
1479 3521 1644 3597 dividunt
1664 3543 1747 3598 eam
1766 3546 1787 3599 a
1808 3525 1892 3600 Gal·
1957 3511 1960 3517 ’

719 3645 766 3719 lia
792 3652 829 3719 et
853 3644 1068 3719 Germania:
1095 3649 1132 3718 et
1158 3648 1199 3716 ut
1224 3642 1295 3717 cito
1319 3641 1451 3734 dicam,
1473 3647 1528 3715 est
1552 3642 1678 3717 similis
1704 3644 1800 3719 tibiae
1826 3647 1893 3720 hn-

720 3765 827 3840 miuis
851 3786 937 3840 cum
964 3772 1041 3840 tota
1058 3785 1150 3839 coxa
1170 3770 1207 3839 et
1224 3762 1324 3858 pede.
1344 3762 1435 3836 Nam
1455 3782 1549 3837 coxa
1565 3783 1694 3860 grossa
1711 3774 1766 3841 est
1782 3768 1891 3841 lom·

718 3886 857 3980 hardla,
884 3907 1019 3982 magna
1044 3893 1081 3961 et
1106 3892 1233 3979 potens
1260 3883 1466 3978 provincia:
1485 3883 1614 3959 deinde
1633 3886 1773 3981 Tuscia,
1791 3888 1890 3963 unde

720 4006 837 4080 Roma
862 4014 918 4080 est
942 4005 978 4079 in
1003 4026 1101 4102 genu
1129 4005 1232 4078 istius
1249 4002 1370 4094 ltaliae,
1390 4011 1427 4077 et
1447 4003 1495 4077 ita
1517 4004 1703 4099 paullatim
1726 4007 1890 4081 extendi·

720 4134 781 4201 tur
806 4133 843 4200 et
868 4132 1101 4200 extenuatur.
1128 4123 1233 4198 blodo
1258 4123 1303 4197 ad
1322 4124 1547 4218 propositum
1564 4150 1573 4197 :
1592 4146 1750 4222 regnum
1771 4127 1889 4203 Caroli

719 4246 880 4322 eontinet
908 4246 1140 4321 medietatem
1157 4236 1194 4337 (²)
1223 4244 1334 4319 ltaliae
1366 4264 1496 4319 versus
1525 4245 1718 4341 orientem,
1753 4248 1890 4324 hahens

719 4369 756 4442 in
787 4388 827 4441 se
855 4367 1105 4462 Campaniam,
1130 4365 1193 4437 uhi
1224 4371 1279 4439 est
1308 4364 1476 4458 Neapolis
1506 4367 1611 4441 sedes
1646 4369 1762 4464 regni,
1792 4369 1891 4465 Apu-

719 4491 817 4582 liam,
843 4490 1046 4580 Samuium,
1073 4485 1292 4576 Calabriam,
1324 4491 1362 4559 et
1391 4487 1526 4561 multas
1554 4487 1643 4563 alias
1673 4491 1888 4584 provincias,

717 4630 810 4703 quas
835 4630 935 4683 nunc
966 4607 1137 4682 describit
1171 4628 1193 4679 a
1226 4605 1447 4700 quibusdam
1475 4606 1582 4681 terris
1612 4615 1649 4682 ct
1679 4610 1890 4685 fluminibus

718 4730 974 4805 confiualibus:
1001 4734 1038 4803 et
1063 4726 1272 4801 continetur
1297 4725 1393 4800 istud
1421 4746 1576 4822 regnum
1607 4728 1678 4802 sub
1704 4730 1809 4805 titulo
1834 4731 1890 4806 Si·

718 4850 820 4923 ciliae.
846 4851 951 4923 Nunc
968 4849 1015 4924 ad
1032 4847 1196 4923 literam:
1216 4847 1300 4921 dicit
1321 4847 1492 4921 Carolus:
1512 4852 1637 4939 Epuel
1651 4872 1760 4923 corne
1781 4856 1890 4927 d'Au-
1972 4908 1975 4915 ,

782 5106 808 5170 (¹1
825 5106 856 5156 E.
873 5122 888 5156 c
904 5112 928 5167 l,
944 5121 1053 5171 mm.
1304 5106 1330 5165 Ρ)
1347 5106 1376 5157 E.
1393 5120 1408 5155 e
1425 5111 1448 5166 6,
1465 5107 1538 5171 quui
1554 5108 1729 5159 medietatem.
