4575 6842
689 929 711 998 8
1053 943 1258 1000 conenruu
1282 943 1501 1000 ruuoamau

689 1090 790 1164 nulla
820 1087 962 1163 ratione
992 1087 1152 1164 naturali
1182 1093 1299 1183 potes
1322 1087 1404 1164 lieri
1438 1093 1674 1162 terraemotus
1703 1086 1763 1162 vel
1790 1085 1862 1160 alia

688 1207 856 1282 alteratio
881 1207 918 1282 in
944 1213 1070 1282 moute
1095 1207 1169 1302 illo,
1195 1209 1259 1284 sed
1291 1208 1384 1283 ratio
1415 1208 1539 1283 divina
1564 1214 1620 1284 est
1643 1228 1757 1282 causa
1783 1206 1864 1282 talis

688 1335 824 1404 motus.
851 1328 943 1404 [licit
968 1348 1075 1425 ergo:
1103 1331 1193 1422 quei,
1219 1329 1365 1423 scilicet,
1393 1329 1541 1422 Statius,
1566 1321 1747 1420 connum,
1774 1350 1862 1423 sup-

689 1449 759 1546 ple,
785 1448 909 1524 dicere
933 1449 971 1521 in
994 1448 1178 1544 generali:
1205 1469 1289 1522 cosa
1312 1469 1385 1524 non
1409 1446 1442 1540 ὁ,
1464 1449 1601 1543 aliquid
1619 1456 1777 1542 nonest,
1802 1450 1865 1522 cte
1956 1473 1959 1480 ¹

689 1576 788 1642 emta
813 1572 851 1642 lc
875 1570 1042 1659 relictoue
1065 1570 1159 1642 delta
1183 1575 1397 1662 mutianum
1415 1568 1544 1664 religio
1569 1574 1624 1644 est
1648 1569 1746 1644 idem
1774 1589 1863 1666 erga

691 1688 810 1763 Deum
833 1688 931 1782 quod
949 1688 1156 1764 reverentia
1171 1688 1270 1783 apud
1289 1695 1458 1783 parentes
1483 1690 1541 1764 rel
1564 1689 1734 1784 maiores,
1754 1709 1865 1764 senw

692 1811 828 1898 ordine,
860 1827 935 1901 quo
960 1807 1047 1881 nihil
1074 1815 1128 1882 est
1154 1808 1316 1903 pulcrius
1347 1807 1384 1880 iu
1419 1829 1547 1884 rerum
1572 1815 1718 1901 natura,
1752 1828 1775 1881 o
1803 1809 1865 1880 cic

688 1931 746 2002 sic
767 1932 852 2021 snor
881 1928 916 2000 d'
929 1948 1089 2020 usnnza5
1118 1928 1206 2022 quia
1232 1927 1459 2003 consuetudo
1485 1934 1540 2002 est
1568 1929 1686 2004 altera
1718 1935 1864 2020 natura,

636 2133 638 2138 ¹
691 2048 796 2142 quasi
834 2047 953 2122 dicat:
992 2047 1078 2121 nihil
1118 2047 1158 2120 lit
1190 2047 1250 2122 hic
1281 2047 1473 2123 fortuitum
1512 2047 1571 2124 vel
1608 2048 1768 2142 casuale,
1799 2048 1864 2122 sed

692 2174 816 2243 tamen
842 2167 941 2262 quod
966 2167 1005 2240 fit
1030 2189 1104 2243 non
1130 2167 1169 2242 lit
1194 2169 1337 2244 ratione
1356 2169 1528 2263 naturali,
1544 2169 1639 2244 sicut
1662 2169 1698 2242 in
1724 2168 1864 2243 mundo

693 2294 825 2362 vestro.
853 2285 955 2362 Unde
979 2287 1083 2361 dicit:
1106 2289 1215 2362 libero
1235 2285 1257 2362 c*
1275 2292 1334 2382 qni
1349 2292 1398 2362 dc
1423 2293 1509 2380 oyni
1531 2291 1762 2379 atterentem,
1779 2307 1864 2382 quae

692 2408 731 2481 lit
758 2409 793 2480 in
820 2407 927 2483 terris
954 2408 1011 2481 vel
1030 2407 1214 2481 montibus
1231 2408 1380 2503 vestris3
1397 2410 1465 2484 sed
1484 2411 1588 2502 bene,
1615 2411 1741 2483 coenni
1762 2417 1866 2502 paon

692 2529 730 2602 di
754 2530 833 2619 quel
855 2529 966 2600 coeit
996 2529 1060 2600 ciel
1082 2530 1196 2600 riceoe
1219 2531 1269 2602 dn
1293 2551 1331 2602 oc
1354 2534 1392 2604 in
1416 2552 1467 2620 se,
1501 2531 1605 2624 quasi
1636 2529 1756 2604 dicat:
1788 2550 1862 2603 non

693 2667 759 2742 per
785 2649 884 2722 viam
910 2653 1064 2737 naturae,
1091 2669 1110 2721 e
1134 2669 1206 2722 non
1230 2653 1266 2723 d’
1278 2654 1386 2742 alno,
1411 2652 1580 2743 coctorum
1607 2650 1694 2744 quia
1719 2670 1794 2724 non
1819 2669 1867 2732 eo

695 2769 804 2844 modo
830 2790 905 2862 quo
929 2771 1065 2844 coelum
1092 2770 1243 2844 attrahit
1267 2791 1291 2844 a
1315 2777 1416 2846 terra
1446 2781 1484 2848 et
1512 2793 1621 2865 aqua.
1650 2771 1753 2846 Unde
1778 2777 1866 2846 nula

694 2891 791 2986 quod
818 2891 871 2965 sul
897 2910 965 2966 suro
991 2891 1114 2966 calore
1138 2892 1289 2966 attrahit
1311 2913 1478 2988 vapores,
1497 2893 1618 2966 iumos
1633 2899 1672 2967 et
1689 2893 1867 2965 humores

694 3033 786 3106 quos
807 3012 1005 3087 condensat
1022 3011 1058 3086 in
1076 3011 1205 3104 nubes,
1222 3019 1260 3086 et
1275 3011 1327 3086 sic
1343 3013 1584 3088 condensatos
1602 3011 1749 3086 resolvit
1765 3029 1866 3084 nunc

694 3134 731 3208 in
755 3132 909 3228 pluvias,
935 3152 1035 3206 nunc
1059 3132 1094 3206 in
1123 3153 1237 3228 rores,
1256 3152 1355 3207 nuno
1380 3133 1418 3206 in
1443 3133 1555 3226 nives,
1573 3131 1736 3206 nuuc-in
1762 3129 1865 3226 prui-

694 3275 780 3349 nae,
806 3260 844 3328 et
868 3254 919 3328 sic
944 3253 990 3327 de
1014 3253 1102 3326 aliia.
1117 3248 1318 3326 —Pcrelc¹.
1345 3253 1411 3327 Hic
1435 3253 1571 3327 Statius
1602 3251 1765 3327 breviter
1789 3251 1867 3326 col-

693 3374 772 3470 ligit
796 3373 987 3470 generales
1013 3372 1280 3467 impressiones,
1306 3393 1391 3466 quae
1417 3373 1633 3448 naturaliter
1648 3365 1684 3464 (¹)
1710 3370 1804 3445 fiunt
1828 3369 1866 3443 in

694 3515 793 3590 aere,
820 3515 980 3587 quarum
1007 3495 1106 3567 nulla
1133 3491 1173 3566 iit
1197 3493 1245 3567 ab
1269 3491 1421 3566 introitu
1448 3492 1650 3589 purgatorii
1676 3512 1799 3586 supra.
1823 3490 1867 3564 Et

694 3614 741 3690 ad
767 3612 1036 3710 intelligendam
1054 3612 1198 3687 literam
1217 3619 1273 3687 est
1284 3603 1322 3706 (Σ)
1340 3613 1460 3709 primo
1477 3613 1679 3688 notandum
1696 3611 1797 3706 quod
1813 3611 1868 3686 sol

693 3734 741 3808 ab
766 3733 999 3807 inferioribus
1025 3733 1215 3808 elementis
1249 3733 1370 3807 elevat
1399 3751 1574 3828 vaporem
1592 3724 1629 3825 (³)
1661 3733 1710 3806 ad
1744 3734 1869 3808 locum

696 3853 880 3949 frigidum,
906 3852 969 3925 ubi
995 3851 1208 3947 inspissatur
1222 3841 1260 3946 (⁴)
1285 3853 1324 3926 iu
1350 3853 1505 3946 uubem;
1531 3859 1569 3928 et
1598 3852 1770 3949 frigidum
1797 3850 1868 3926 loci

696 3973 819 4068 incipit
830 3965 867 4064 (⁵)
885 3970 1068 4066 expellere
1085 3972 1257 4066 calidum,
1270 3979 1308 4048 et
1320 3973 1351 4046 si
1363 3973 1512 4067 expellit
1528 3973 1649 4046 subito
1666 3972 1707 4046 lit
1723 3971 1868 4067 pruina,

696 4112 781 4188 quae
806 4099 861 4167 est
885 4091 998 4186 dura3
1025 4092 1054 4165 si
1081 4113 1155 4166 non
1180 4091 1300 4166 subito
1331 4091 1372 4165 lit
1401 4093 1462 4166 nir
1488 4113 1573 4186 quae
1598 4097 1654 4166 est
1679 4091 1798 4166 mollis
1821 4090 1869 4166 de

696 4213 788 4289 iacili
815 4213 1105 4308 compressibilis.
1132 4213 1282 4288 llateria
1312 4212 1411 4288 euim
1445 4213 1681 4288 numidarum
1713 4212 1868 4308 impree

696 4335 841 4408 sionum
868 4338 923 4407 est
949 4353 1034 4426 una,
1060 4332 1145 4407 licet
1169 4331 1400 4426 dillereuter3
1427 4332 1583 4408 materia
1608 4333 1707 4408 euim
1733 4330 1868 4428 pluviae

697 4460 751 4530 est
769 4454 885 4528 nubes
904 4452 1051 4549 frigida3
1079 4453 1234 4528 materia
1260 4453 1351 4527 nivis
1371 4459 1427 4527 est
1446 4453 1565 4528 nubes
1587 4452 1725 4547 calida3
1751 4459 1870 4528 mate-

699 4574 754 4650 ria
773 4573 867 4648 roris
892 4581 946 4648 est
972 4594 1086 4668 vapor
1108 4579 1336 4668 temperatus
1351 4576 1389 4648 et
1408 4573 1566 4667 sublilis3
1585 4571 1740 4648 materia
1755 4592 1871 4668 grau·

698 4693 789 4768 dinis
814 4701 869 4770 est
894 4694 1012 4770 nubes
1038 4694 1266 4787 calidissima,
1284 4715 1307 4769 a
1325 4714 1399 4787 qua
1416 4701 1535 4768 totum
1553 4694 1664 4768 simul
1680 4694 1870 4790 egreditur

699 4811 1871 4850 --....-.--..................—..-.l...-...

761 4911 787 4972 (¹)
804 4915 849 4962 11⁷
864 4925 880 4962 e
896 4911 927 4961 Ε.
943 4911 1099 4964 notabiliter.
1298 4912 1324 4972 l’)
1340 4913 1371 4963 E.
1387 4919 1426 4963 est
1442 4912 1576 4963 sciendum
1593 4914 1677 4976 primo
1694 4912 1772 4976 quod.

760 4988 788 5050 (⁸)
803 4989 834 5039 R
850 5003 967 5052 vapores.
1295 4988 1323 5052 (⁴)
1339 4991 1564 5053 minuuntur.

760 5067 787 5130 ς’)
804 5065 835 5116 Ε.
851 5067 923 5130 cupit
937 5067 1075 5130 erpellere.
