4575 6842
776 968 916 1026 cxnrus
940 972 1134 1028 translatus
1158 971 1288 1028 nonus.
1524 960 1594 1030 193

416 1117 503 1210 doti,
519 1114 623 1210 idest,
635 1114 741 1191 dictae
761 1123 902 1211 septem
918 1116 1036 1212 linae,
1050 1119 1088 1190 di
1103 1119 1230 1208 dictrm
1244 1138 1329 1214 quae
1342 1121 1594 1216 sequebantur

417 1242 499 1330 post
514 1234 734 1310 candelabra
751 1234 788 1308 in
804 1256 906 1330 aere,
919 1255 1004 1330 quae
1020 1243 1128 1331 poeta
1145 1236 1241 1312 bene
1258 1245 1365 1312 vocat
1382 1240 1590 1316 ostendalie.

416 1353 622 1430 Ostendalia
643 1355 742 1429 enim
761 1355 991 1450 appellantur
1007 1355 1046 1430 in
1063 1355 1204 1430 mundo
1225 1356 1328 1452 signa
1350 1358 1592 1454 imperatoris,

418 1493 503 1570 qne
526 1474 770 1550 ostenduntur
796 1475 944 1570 quando
969 1476 1068 1551 vadit
1093 1475 1130 1549 in
1156 1475 1437 1571 expeditionem,
1464 1485 1500 1552 et
1525 1479 1592 1552 ista

418 1601 505 1670 sunt
519 1593 624 1690 signa
639 1593 775 1668 summi
793 1594 1025 1690 imperatoris
1038 1595 1101 1691 qui
1115 1595 1287 1671 veniebat
1299 1617 1386 1670 curn
1402 1616 1470 1671 suo
1484 1617 1594 1672 exer-

419 1716 506 1809 citu,
532 1735 621 1788 eran
647 1715 825 1806 mcppion'
848 1717 908 1788 cte
933 1719 970 1789 tn
995 1719 1068 1789 mia
1098 1720 1200 1808 outa,
1226 1716 1328 1812 idest,
1362 1737 1476 1810 quam
1508 1736 1592 1792 mea

420 1835 512 1911 risio
535 1840 656 1930 posset
679 1834 872 1930 attingere,
898 1835 986 1929 quia
1014 1836 1270 1932 pertingebant
1299 1837 1490 1931 usquead
1515 1857 1593 1911 coe-

420 1957 499 2029 lum
524 1975 762 2051 supremum3
787 1976 806 2027 c
831 1959 909 2047 quei
933 1952 1101 2050 dijtton‘,
1119 1957 1266 2052 scilicet,
1285 1957 1517 2052 caudelabra,
1538 1959 1592 2030 dt-

418 2082 560 2166 stoonn,
585 2073 772 2167 sciliceta
797 2095 871 2169 me
889 2078 978 2150 dieti
993 2081 1105 2170 pass-t,
1126 2077 1231 2173 quasi
1256 2077 1364 2170 dicat,
1392 2077 1592 2172 modicum,

420 2203 553 2289 quanto
569 2214 594 2267 a
611 2198 681 2268 mio
698 2197 833 2286 annno,
846 2195 950 2290 idest,
958 2197 1065 2292 juxta
1079 2197 1385 2272 existimationem
1402 2217 1593 2272 meam.-

420 2320 524 2390 Sotto.
552 2315 658 2389 Nunc
687 2321 796 2410 poeta
827 2314 998 2391 describit
1031 2315 1211 2412 principes
1245 2316 1355 2391 buius
1389 2317 1524 2390 militiae
1555 2315 1592 2390 in

420 2435 590 2532 speciali,
611 2445 650 2514 et
665 2435 751 2512 dicit
775 2436 813 2510 in
837 2458 996 2532 summa,
1015 2437 1113 2533 quod
1135 2438 1330 2513 veniebant
1351 2437 1477 2534 viginti
1500 2458 1594 2532 qua-

422 2565 506 2632 tuor
532 2557 706 2633 coronati.
728 2557 782 2630 nd
806 2557 913 2634 cuius
930 2557 1206 2655 intelligentiam
1224 2565 1279 2632 est
1296 2558 1457 2633 breviter
1474 2557 1592 2634 scien-

420 2679 510 2753 dum
537 2679 635 2772 quod
661 2678 717 2754 isti
743 2685 828 2752 sunt
846 2678 1048 2773 figuraliter
1071 2679 1197 2775 viginti
1215 2687 1377 2774 quatuor
1402 2678 1482 2752 libri
1503 2678 1593 2774 legis

421 2799 807 2893 antiquae,secnndom
818 2798 1084 2894 Hieronymum
1099 2800 1134 2872 in
1149 2799 1323 2895 principio
1340 2799 1422 2873 libri
1434 2799 1592 2894 Regum,

422 2919 487 3014 qui
519 2924 606 2992 sunt
635 2918 740 3011 quasi
770 2916 897 3013 viginti
929 2925 1090 3012 quatuor
1115 2919 1250 2994 literae:
1277 2918 1591 3014 quemadmodum

421 3037 521 3114 enim
546 3058 594 3113 ex
620 3037 810 3113 elementis
834 3037 953 3113 omnis
970 3059 1043 3112 rox
1069 3039 1232 3112 bumana
1257 3039 1591 3133 comprehenditur,

421 3159 474 3234 sic
497 3158 572 3232 istis
598 3157 698 3232 libris
723 3157 828 3254 quasi
853 3157 967 3232 literis
983 3165 1022 3233 et
1040 3158 1198 3234 exordiis
1215 3159 1251 3232 in
1269 3159 1334 3234 Dei
1351 3159 1515 3234 doctrina
1536 3160 1592 3233 in-

421 3277 532 3355 fantia
549 3284 677 3354 tenera
702 3284 741 3352 et
764 3277 884 3352 adbuc
909 3279 1047 3354 lactens
1065 3272 1103 3371 (¹)
1130 3279 1199 3354 riri
1220 3278 1309 3373 justi
1335 3279 1513 3354 eruditur.
1531 3278 1594 3351 lli-

420 3401 469 3475 cit
489 3419 581 3495 ergo
604 3404 711 3494 poeta
737 3397 946 3474 describens
972 3399 1059 3474 istos
1084 3405 1266 3493 quantum
1291 3399 1337 3473 ad
1364 3399 1530 3473 habiturn
1557 3405 1594 3474 et

420 3525 564 3595 actum:
598 3521 833 3612 Venttpncttro
857 3521 1001 3610 certiori,
1027 3519 1113 3613 quie
1135 3518 1272 3594 dictant
1298 3525 1336 3593 et
1360 3518 1446 3593 dant
1473 3517 1593 3592 bomi-

420 3641 529 3716 nibus
554 3640 654 3736 teges
688 3645 726 3714 et
751 3645 933 3735 praecepta
964 3639 1060 3715 bene
1090 3639 1247 3734 vivendi,
1274 3642 1398 3712 centon
1431 3641 1594 3712 adaco

420 3765 501 3853 dae,
526 3760 613 3857 quia
638 3759 820 3836 socialiter
846 3759 1069 3835 conveniunt
1094 3759 1190 3833 inter
1215 3779 1266 3854 se,
1287 3763 1449 3833 coronat·
1468 3761 1506 3832 dt
1521 3763 1593 3852 fior

422 3886 456 3957 d’
469 3885 572 3974 aluo,
598 3881 702 3975 idest,
728 3881 813 3974 lilio,
840 3880 938 3974 quod
969 3879 1106 3975 figurat
1134 3877 1262 3953 tidem:
1290 3879 1437 3953 bisunt
1466 3877 1592 3976 viginti

422 4009 584 4097 quatuor
608 4002 783 4095 seniores,
809 4021 903 4095 quos
933 4000 1093 4074 loannes
1118 3998 1244 4072 scribit
1260 3999 1296 4072 in
1314 3999 1528 4094 Apocalypsi
1554 4019 1594 4074 se

423 4123 555 4198 vidisse
587 4121 783 4198 adorantes
812 4141 964 4217 agnum,
999 4126 1037 4195 et
1069 4118 1265 4194 offerentes
1302 4138 1458 4193 coronas
1496 4138 1593 4212 suas,

422 4251 511 4318 sotto
535 4235 607 4317 cosi
631 4244 686 4316 bel
707 4244 783 4334 ciel,
808 4239 912 4335 idest,
938 4239 1009 4314 sub
1032 4259 1121 4314 aere
1144 4245 1221 4314 tam
1246 4239 1410 4313 colorato
1427 4245 1466 4314 et
1484 4238 1594 4313 adon-

424 4371 521 4458 nato,
546 4365 681 4436 com'io
705 4364 831 4453 dione,
853 4361 955 4455 idest,
973 4358 1082 4454 quale
1107 4348 1177 4454 ego
1197 4357 1379 4454 distinguo
1396 4357 1433 4431 in
1454 4365 1593 4454 septem

422 4483 522 4558 listas
547 4483 742 4558 mirabiles.
768 4484 812 4556 Et
844 4480 976 4574 subdit,
1002 4479 1101 4574 quod
1130 4499 1260 4554 omnes
1292 4479 1502 4555 exaltabant
1535 4499 1595 4552 sa-

423 4623 526 4678 cram
556 4604 790 4698 scripturam,
815 4603 957 4678 dicens:
991 4604 1065 4674 tutti
1097 4607 1291 4674 conlocant:
1326 4601 1501 4675 bennedettc
1527 4607 1593 4692 tte,

423 4723 618 4817 scilicettu
632 4723 990 4817 Beatrix,ncttefipttc
1000 4720 1344 4814 excomodente
1362 4719 1589 4814 mulieribus,

423 4844 512 4939 quia
535 4851 576 4918 tu
602 4843 750 4918 domina
765 4841 899 4934 divina,
917 4840 986 4914 illae
1002 4840 1152 4914 iamulae
1171 4841 1360 4934 bumanae3
1380 4839 1460 4914 ideo
1485 4839 1589 4915 dicit:

487 5104 516 5165 (¹)
530 5104 561 5154 x
579 5103 684 5154 houna.
725 5051 731 5071 ι

558 5211 597 5256 lv.
1436 5208 1462 5251 18
