4575 6842
691 958 765 1024 ul
1083 965 1292 1021 compunt
1316 966 1482 1021 anunm

689 1135 806 1213 gnum
832 1111 1038 1189 exercitum
1068 1112 1331 1207 pompeianum
1361 1120 1630 1209 congregatum
1661 1111 1699 1186 in
1732 1111 1863 1206 alnon,

690 1233 754 1309 ubi
779 1234 855 1308 duo
878 1233 993 1307 ducos
1017 1239 1125 1307 erant
1149 1232 1267 1328 Scipio
1292 1238 1330 1309 et
1354 1232 1456 1327 eam,
1482 1232 1584 1307 velut
1609 1232 1749 1307 tulmen
1780 1232 1865 1307 belli

689 1355 747 1431 rir
770 1354 1016 1431 ardentissimi
1039 1353 1188 1449 spiritus
1214 1354 1380 1429 transivit
1405 1353 1442 1427 in
1467 1353 1639 1448 Africam,
1672 1352 1733 1427 ubi
1759 1360 1865 1427 eram

688 1476 818 1552 docem
844 1476 1007 1572 legiones
1032 1492 1208 1568 romanas,
1234 1480 1271 1549 et
1297 1495 1364 1549 rex
1389 1474 1484 1548 luba
1501 1493 1588 1549 cum
1606 1472 1745 1549 inlinita
1766 1473 1864 1548 mul·

688 1598 844 1673 u‘tardino
873 1597 1128 1672 barbarorum.
1162 1594 1284 1670 Caesar
1314 1600 1396 1690 post
1425 1595 1542 1669 multa
1567 1595 1801 1670 incommoda
1824 1600 1865 1669 et

688 1717 819 1815 proelia
844 1716 1079 1813 particularia
1103 1715 1201 1810 apud
1227 1715 1369 1810 Tapson
1405 1715 1537 1790 urbem
1563 1734 1650 1789 cum
1676 1715 1751 1789 suis
1778 1721 1862 1789 octo

688 1838 893 1935 legionibus
918 1842 1047 1912 contra
1071 1838 1194 1911 nostes
1218 1836 1337 1911 aciem
1354 1835 1547 1930 ordinavit,
1569 1836 1632 1911 ubi
1654 1836 1785 1911 milites
1805 1836 1861 1911 in·

689 1957 866 2033 flammati
890 1956 1146 2033 adhortatione
1160 1950 1197 2049 (¹)
1225 1956 1316 2051 eius,
1338 1977 1412 2031 nou
1432 1963 1624 2053 expectato
1641 1957 1756 2053 signo,
1773 1977 1860 2032 cnm

689 2097 825 2175 magno
852 2077 987 2153 ardore
1020 2084 1278 2174 pugnaverunt
1309 2076 1533 2153 trucidantes
1565 2099 1706 2153 omnes.
1739 2078 1862 2153 Caesar

689 2198 758 2271 tria
793 2203 912 2272 castra
946 2198 1103 2271 bostium
1136 2199 1244 2293 cepit,
1279 2198 1425 2293 scilicet,
1459 2198 1645 2295 Scipionis,
1679 2200 1796 2293 lubre,
1827 2206 1864 2275 et

688 2318 847 2393 labieni.
872 2317 967 2393 tuba
993 2326 1031 2393 et
1054 2318 1222 2395 Petreius
1247 2318 1403 2395 finaliter
1428 2319 1474 2394 ad
1501 2340 1666 2395 mensam
1687 2321 1783 2394 bena
1798 2340 1863 2414 po·

688 2440 754 2515 tati
769 2459 810 2514 se
827 2446 960 2513 mutuo
977 2438 1250 2515 interiecerunt.
1267 2440 1386 2535 Scipio
1401 2441 1478 2516 dux
1496 2441 1678 2537 generalis
1695 2439 1862 2515 omnium

690 2582 775 2635 cum
803 2559 840 2633 in
865 2560 949 2634 navi
971 2559 1117 2655 lugeret
1136 2560 1172 2632 in
1190 2560 1412 2656 Hispaniam,
1429 2561 1679 2656 deprehensus
1698 2582 1721 2635 a
1742 2560 1863 2635 Gaesa·

694 2681 805 2757 rianis
821 2680 943 2777 gladio
959 2702 999 2755 se
1017 2680 1212 2775 percussit3
1231 2689 1268 2757 et
1285 2682 1535 2777 quarentibus
1552 2682 1615 2755 ubi
1633 2689 1729 2758 esset
1747 2682 1864 2777 impe-

692 2808 805 2896 rator,
820 2801 1023 2897 respondit:
1042 2801 1242 2897 imperator
1259 2802 1355 2877 bene
1370 2803 1543 2878 sehabet
1558 2802 1862 2877 Caesaromnium

691 2922 808 2997 victor
832 2922 989 2996 Romam
1015 2922 1132 3015 rediit,
1157 2921 1287 2997 deinde
1304 2921 1465 2997 inaudita
1481 2922 1669 2999 celeritate
1697 2922 1862 2997 transivit

691 3043 727 3116 in
744 3042 966 3137 Hispaniam,
980 3042 1043 3117 ubi
1061 3041 1137 3117 duo
1155 3041 1217 3117 lilii
1233 3042 1395 3138 Pompeii
1414 3054 1562 3137 propter
1581 3042 1801 3119 memoriam
1824 3050 1862 3119 ot

690 3164 826 3238 lamam
845 3163 959 3259 patris
976 3184 1153 3259 magnum
1173 3164 1338 3239 levorem
1355 3164 1587 3257 invenerant3
1613 3163 1661 3236 ibi
1673 3154 1710 3255 (¹)
1737 3168 1862 3238 extro-

691 3286 759 3360 mis
784 3285 923 3360 viribus
949 3291 986 3359 et
1011 3284 1102 3358 odiis
1126 3290 1332 3381 pugnatum
1353 3291 1410 3359 est
1425 3283 1522 3379 apud
1540 3283 1711 3358 Mundam
1733 3283 1861 3359 civita·

690 3412 784 3499 tem3
809 3426 878 3481 nec
903 3426 1068 3499 unquam
1086 3405 1209 3479 Cesar
1234 3404 1270 3477 in
1296 3411 1372 3479 tam
1399 3411 1568 3479 extremo
1585 3404 1748 3498 periculo
1771 3403 1859 3477 luit:

689 3546 776 3601 nam
809 3525 907 3601 acies
941 3531 1215 3619 veteranorum,
1248 3544 1314 3619 per
1344 3532 1396 3601 tot
1428 3532 1594 3619 tempora
1628 3525 1664 3597 in
1691 3524 1863 3600 omnibus

688 3644 791 3720 bellis
816 3645 969 3740 probata
986 3651 1023 3721 et
1040 3646 1199 3739 laudata,
1213 3656 1377 3740 coeperat
1394 3644 1582 3741 paullatim
1606 3646 1860 3737 retrocedero3

687 3766 752 3841 sed
776 3766 899 3840 Caesar
922 3765 970 3840 ab
995 3786 1093 3858 equo
1117 3764 1287 3841 desiliens
1303 3766 1414 3861 coepit
1431 3766 1641 3860 praecedere
1661 3766 1777 3841 aciem
1796 3784 1862 3862 pe·

687 3886 805 3961 ditum
821 3876 859 3977 (³)
877 3885 979 3961 velut
998 3884 1170 3979 furiosus,
1190 3906 1302 3960 manu
1320 3894 1358 3961 et
1375 3886 1499 3983 lingua
1518 3906 1696 3960 revocans
1716 3886 1863 3983 lugien-

688 4012 767 4099 tes3
793 4005 868 4079 imo
893 4004 993 4079 visus
1017 4011 1072 4079 est
1096 4006 1262 4102 cogitare
1286 4006 1333 4081 de
1359 4011 1490 4099 morte,
1517 4005 1648 4081 timens
1674 4006 1860 4081 fortunam

687 4146 769 4201 esse
794 4130 987 4219 mutatam,
1013 4125 1160 4200 taudem
1188 4124 1335 4201 tortum
1360 4126 1514 4201 contulit
1546 4126 1611 4201 sibi
1637 4126 1860 4222 insperatam

687 4244 890 4321 victoriam.
905 4245 997 4319 Nam
1014 4245 1178 4340 quinque
1190 4248 1360 4321 cobortes
1373 4246 1520 4322 Labieni
1534 4268 1619 4341 quae
1639 4247 1685 4322 ad
1706 4268 1861 4323 succur-

686 4386 772 4440 sum
790 4371 998 4440 castrorum
1021 4364 1272 4459 mittebantur,
1291 4366 1438 4441 creditae
1456 4366 1596 4465 lugere,
1614 4368 1862 4463 praestiterunt

687 4486 763 4561 suis
779 4485 972 4561 materiam
992 4486 1163 4582 fugiendi,
1182 4491 1219 4561 et
1244 4486 1378 4561 Caesari
1403 4487 1594 4563 victoriam
1614 4510 1700 4563 cum
1726 4509 1860 4585 magna

686 4613 810 4703 strage
823 4607 983 4681 bostium
995 4612 1033 4681 et
1046 4614 1167 4683 morte
1178 4607 1338 4683 Labieni.
1346 4607 1471 4683 Gneus
1485 4608 1708 4684 vulneratus·
1717 4610 1860 4707 lugiens

686 4748 753 4823 por
769 4728 910 4824 sylvam
928 4727 1140 4802 interiectus
1156 4734 1212 4803 est
1235 4749 1259 4802 a
1284 4727 1461 4803 Cesennio
1489 4730 1609 4825 legato
1634 4728 1799 4824 Caesaris,
1825 4736 1862 4805 et

686 4853 796 4942 caput
808 4847 943 4923 Caesari
956 4853 1229 4941 praesentatum.
1245 4848 1378 4922 Ultimo
1390 4848 1511 4924 Goesar
1529 4847 1671 4923 visitata
1689 4848 1859 4945 Hispania

748 5106 815 5168 (Ἢ,
832 5108 864 5158 ad
879 5108 1055 5159 hortationem
1069 5110 1135 5161 cim.
1261 5111 1288 5174 (¹)
1306 5108 1335 5163 Ε.
1351 5110 1404 5162 ubl.
1530 5110 1557 5174 β)
1572 5116 1597 5171 t,
1615 5110 1772 5176 prodictam.
