4575 6842
711 990 850 1047 murus
874 993 1090 1048 rmonsruus
1114 994 1278 1049 rsurrus.
1502 984 1574 1051 279

405 1139 568 1215 animam
586 1160 703 1215 suam.
717 1144 848 1213 -Μα,
867 1139 932 1214 llic
948 1138 1096 1214 Beatrix
1112 1138 1274 1235 assignat
1290 1158 1441 1223 causam
1460 1160 1578 1235 quare

403 1259 490 1335 velit
514 1260 636 1355 ipsum
663 1260 804 1335 referre
821 1278 948 1334 secum
968 1258 1215 1333 admondum
1233 1278 1277 1333 ea
1295 1280 1380 1354 quaa
1399 1259 1465 1333 sibi
1487 1260 1579 1335 dixit

404 1379 580 1474 obscure3
598 1378 772 1473 quoniam
792 1378 875 1453 licet
892 1397 966 1452 non
983 1378 1094 1474 possit
1110 1377 1315 1475 intelligere
1330 1379 1441 1474 clare,
1455 1400 1578 1474 neque

404 1498 483 1573 aliis
516 1497 717 1591 declarare,
746 1497 876 1574 saltem
912 1498 1112 1592 reportabit
1143 1496 1258 1572 verba
1289 1498 1388 1573 nuda
1418 1499 1578 1575 velantia

405 1619 555 1714 iactum,
581 1617 697 1693 donec
722 1618 872 1693 eveniat
893 1617 1045 1695 effectus
1070 1617 1145 1712 rei;
1163 1622 1201 1692 et
1219 1616 1272 1691 sic
1296 1618 1426 1692 saltem
1452 1625 1578 1715 porta-

405 1738 458 1813 bit
482 1739 640 1835 signum,
666 1738 696 1813 si
726 1759 800 1813 nou
830 1758 921 1813 rem.
953 1739 1045 1815 Dicit
1074 1758 1184 1835 ergo:
1210 1744 1274 1813 Mo
1306 1742 1421 1830 ooplio
1447 1760 1574 1833 aecor,

406 1858 509 1952 idest,
543 1856 676 1953 adbuc,
708 1859 769 1933 cde
805 1866 836 1933 tc
872 1880 917 1933 nc
947 1862 1057 1952 porti,
1094 1858 1130 1933 id
1163 1858 1262 1953 quod
1295 1858 1369 1932 diri
1407 1860 1577 1954 obscure,

407 1981 521 2051 almeo
546 1980 692 2072 dipinb,
721 1977 823 2074 idest,
849 1978 1034 2075 signatum
1060 1998 1126 2074 per
1153 1977 1354 2053 verborum
1379 1978 1577 2054 difficulta-

407 2104 495 2193 tem,
529 2100 654 2173 dendo
683 2119 708 2171 o
737 2106 780 2191 tc,
812 2098 850 2173 in
880 2092 1071 2193 auimo(⁴),
1096 2122 1116 2172 e
1145 2121 1183 2173 sc
1212 2120 1287 2173 non
1316 2102 1448 2192 scritto,
1473 2100 1577 2195 idest,

406 2220 576 2321 quamvis
601 2240 675 2295 non
692 2218 806 2315 possis
822 2226 970 2315 portare
987 2239 1074 2294 cum
1091 2221 1192 2294 claro
1210 2219 1408 2294 intellectu.
1426 2221 1472 2293 Et
1489 2240 1577 2297 ecoe

406 2360 540 2433 quare:
568 2349 609 2417 ut
633 2340 744 2415 iacias
769 2360 874 2415 more
899 2340 1225 2437 peregrinantium,
1243 2340 1307 2433 qul
1326 2340 1462 2414 vadunt
1484 2343 1580 2417 ultra

405 2478 510 2534 mare
534 2464 572 2535 et
597 2464 786 2554 reportant
810 2459 857 2535 de
881 2461 1006 2555 palma
1031 2460 1067 2534 ln
1100 2459 1248 2556 signum
1277 2459 1376 2553 quod
1406 2460 1577 2537 visitave-

407 2585 497 2654 runt
513 2586 651 2655 terram
676 2586 842 2655 sanctam
868 2578 931 2653 ubi
956 2578 1145 2655 abundant
1161 2580 1310 2674 palmae3
1328 2585 1365 2652 et
1384 2579 1435 2654 ita
1452 2587 1493 2656 tu
1514 2582 1578 2676 qui

407 2698 602 2773 transivisti
633 2698 749 2773 maria
779 2705 816 2773 et
850 2704 995 2773 montes
1030 2705 1071 2773 ut
1102 2698 1268 2775 visitares
1299 2698 1405 2773 istam
1439 2707 1578 2775 terram

410 2823 574 2893 sanctam
598 2817 734 2913 poteris
760 2818 901 2893 relerre
927 2817 1040 2893 verba
1059 2838 1143 2894 mea
1161 2818 1361 2915 insignum
1380 2818 1479 2912 quod
1496 2820 1579 2895 lue·

410 2938 460 3012 ris
484 2937 522 3011 in
546 2938 627 3013 loco
652 2945 778 3013 sancto
798 2938 861 3013 ubi
879 2936 1061 3013 audiveris
1079 2938 1258 3033 miranda,
1275 2938 1360 3013 licet
1379 2959 1453 3012 non
1471 2940 1578 3025 intel-

409 3057 542 3133 laxeris
567 3058 639 3132 illa.
665 3058 768 3133 Unde
791 3057 897 3133 dicit:
916 3080 987 3151 per
1012 3061 1091 3151 prul
1112 3062 1172 3132 cle
1195 3062 1228 3132 si
1250 3080 1347 3151 reco,
1371 3059 1475 3155 idest,
1492 3082 1579 3156 pro-

410 3184 491 3273 pter
516 3177 606 3252 illud
631 3177 730 3272 quod
755 3185 923 3273 portatur
947 3200 971 3253 a
996 3178 1411 3275 peregrinaturum
1430 3184 1521 3255 circlo
1541 3184 1581 3256 di

407 3296 781 3391 possederamus
806 3298 990 3395 peregrini
1019 3304 1200 3374 vocantur
1225 3298 1416 3394 palmerii3
1442 3306 1479 3375 et
1507 3304 1579 3377 boo

409 3418 494 3493 volo
515 3424 650 3514 portes,
659 3421 821 3511 pcrcb'io
837 3422 960 3511 cappro
978 3427 1008 3493 te
1027 3422 1116 3515 sotto
1132 3423 1171 3494 di
1181 3423 1300 3513 petra
1315 3423 1394 3493 uelt’
1402 3424 1576 3516 inuitato,

410 3543 448 3613 et
473 3557 546 3612 uon
571 3538 739 3634 intelligis
764 3538 875 3614 etiam
900 3538 1000 3634 quod
1024 3539 1105 3614 dico
1130 3540 1177 3614 de
1200 3560 1299 3633 aqua
1328 3541 1421 3614 lllsae
1446 3548 1484 3617 et
1508 3542 1581 3639 Py-

411 3676 528 3751 ramo,
549 3664 583 3730 ct
597 3660 636 3731 io
652 3664 791 3750 patrato
808 3661 906 3751 tuto,
923 3657 1027 3752 idest,
1045 3657 1150 3733 video
1176 3664 1214 3733 te
1238 3658 1387 3755 nigrum
1413 3660 1450 3735 in
1475 3660 1581 3736 intel-

382 3825 384 3827 -
411 3779 521 3870 lectu,
546 3768 576 3851 sl
600 3780 660 3850 else
675 3780 701 3850 ’t
724 3780 814 3852 lunae
836 3780 894 3851 del
916 3780 986 3851 mio
1006 3780 1097 3851 detto
1122 3778 1336 3871 tobboplio,
1353 3779 1456 3874 idest,
1474 3780 1581 3854 ablu-

411 3897 509 3973 cinat
521 3902 558 3971 te
570 3896 620 3969 ita
633 3896 732 3992 quod
747 3896 900 3971 materia
919 3916 991 3971 nou
1009 3902 1063 3971 est
1079 3895 1249 3992 disposita
1267 3897 1313 3971 ad
1332 3899 1579 3993 recipiendum

410 4017 539 4091 lumen
564 4035 704 4090 meum.
729 4016 774 4090 Et
797 4015 919 4090 subdit
943 4022 1051 4111 poeta
1081 4036 1189 4091 suam
1221 4018 1495 4113 responsionem
1520 4039 1581 4092 as-

411 4156 537 4212 serens
562 4154 602 4211 se
627 4135 765 4211 babere
788 4136 934 4231 signum
960 4136 1115 4211 affixum
1140 4137 1331 4211 memoriae
1351 4138 1460 4232 juxta
1484 4159 1581 4234 prae·

412 4256 617 4352 ceptionem
642 4256 732 4351 eiua,
759 4256 901 4332 dicens:
936 4263 970 4331 ct
998 4260 1047 4348 io,
1071 4258 1212 4352 supple,
1244 4258 1424 4353 respondi,
1451 4262 1485 4333 to
1510 4260 1580 4332 mio

412 4379 589 4468 cornelio,¹
606 4377 645 4451 in
670 4397 747 4471 quo
771 4384 825 4453 est
851 4377 1031 4453 memoria
1062 4384 1099 4452 et
1130 4378 1400 4453 reminiscentia
1433 4400 1580 4476 magna,

412 4491 433 4569 e*
454 4515 499 4569 or
523 4498 662 4587 eptae
687 4500 736 4571 do
761 4500 830 4588 voi,
856 4497 944 4591 quia
968 4496 1083 4572 verba
1107 4497 1227 4571 babeo
1251 4496 1428 4593 impressa
1453 4497 1578 4591 menti,

413 4614 496 4691 licet
520 4636 593 4691 non
618 4616 831 4713 intelligam,
857 4638 880 4691 a
905 4614 1023 4710 simili,
1049 4608 1079 4689 st
1104 4636 1201 4689 come
1231 4636 1315 4689 cero
1338 4618 1388 4689 do
1411 4620 1580 4709 scapello,

412 4734 540 4831 supple
565 4735 742 4832 signatur,
763 4738 824 4809 ote
847 4756 920 4809 non
945 4740 1117 4808 trmmuto
1133 4737 1171 4807 to
1186 4736 1308 4827 fipuro
1323 4737 1515 4830 impresso;
1531 4735 1582 4809 ita

415 4874 484 4929 uec
512 4854 691 4931 memoria
725 4853 983 4930 transmutabit
1013 4854 1171 4929 formam
1206 4854 1407 4929 verborum
1440 4860 1582 4931 vestro-

478 5114 506 5180 l¹l
524 5120 578 5179 ¹1⁷,
594 5116 622 5167 ln
637 5116 724 5177 culmo
739 5120 795 5177 tuo,
811 5130 825 5165 ο
839 5130 865 5167 n
879 5129 940 5165 non.
