4575 6842
713 957 785 1022 t12
1104 962 1310 1019 conburunt
1335 962 1502 1017 rtannrsr

711 1108 816 1184 valde
841 1108 931 1201 cito;
957 1100 1030 1183 cosi
1052 1126 1265 1199 correctore,
1290 1106 1392 1201 idest,
1422 1126 1536 1181 cursu
1571 1107 1800 1202 intravimus,
1829 1113 1885 1183 nel

594 1296 599 1304 .
709 1231 858 1303 mondo
882 1248 1008 1321 repao,
1035 1227 1139 1321 idest,
1157 1229 1294 1302 coelum
1313 1226 1494 1302 Mercurii.
1513 1226 1557 1301 nt
1578 1228 1692 1325 tangit
1710 1248 1883 1325 magnam

709 1347 994 1445 pulcritudinem
1012 1346 1198 1441 beatricis,
1218 1347 1361 1422 dicens:
1380 1350 1474 1439 quivi
1489 1349 1558 1421 oid'
1571 1348 1606 1419 io
1623 1350 1659 1419 lu
1676 1350 1797 1421 donoc
1813 1352 1885 1421 mie

708 1463 739 1543 si
763 1472 857 1562 lictu,
884 1468 966 1563 plus
991 1468 1108 1561 solito,
1134 1468 1221 1563 quia
1241 1468 1357 1564 magis
1373 1466 1535 1542 ascendit
1551 1467 1598 1541 ad
1620 1469 1772 1563 maiora,
1788 1490 1884 1543 conto

709 1593 768 1663 nel
791 1593 880 1663 tuma
903 1592 942 1663 di
965 1592 1045 1679 puel
1061 1591 1137 1679 ciel,
1155 1586 1300 1681 scilicet,
1319 1586 1501 1679 Mercurii,
1517 1590 1549 1659 st
1564 1591 1661 1677 mue,
1677 1591 1737 1661 elle
1750 1584 1813 1682 ptd
1829 1592 1884 1661 lu-

708 1718 933 1785 coruscae
960 1710 1050 1803 scit
1073 1711 1230 1800 puncta,
1256 1708 1356 1803 quia,
1382 1707 1528 1801 scilicet,
1561 1708 1687 1782 lumen
1717 1709 1881 1783 additum

709 1840 765 1907 est
791 1830 931 1905 lumini.
957 1829 1002 1901 Et
1026 1827 1147 1902 subdit
1178 1834 1286 1924 poeta
1315 1828 1557 1902 mutationem
1588 1827 1644 1901 sui
1675 1848 1834 1925 arguens
1858 1850 1881 1905 a

709 1952 854 2045 minori,
879 1950 1022 2024 dicens:
1048 1970 1068 2021 e
1091 1970 1129 2022 se
1154 1952 1191 2021 tu
1214 1952 1327 2039 stella,
1353 1948 1488 2023 scilicet
1518 1949 1688 2023 Mercurii
1716 1971 1800 2044 quae
1825 1954 1882 2024 est

709 2094 823 2170 parva
849 2080 887 2145 et
911 2092 1045 2165 parum
1069 2070 1183 2165 clara,
1208 2063 1398 2143 scamno
1429 2092 1448 2142 e
1475 2073 1560 2161 risc,
1590 2070 1678 2165 quia
1707 2070 1803 2145 lacta
1827 2073 1883 2145 est

708 2192 853 2286 clarior,
878 2192 964 2283 quat
986 2194 1036 2264 mi
1056 2194 1122 2285 [α’
1133 2194 1182 2282 to,
1208 2191 1313 2285 quasi
1339 2190 1454 2266 dicat:
1475 2191 1593 2265 multo
1618 2191 1734 2287 magis
1761 2196 1883 2265 muta-

709 2321 767 2387 tus
792 2334 875 2385 sum
902 2319 939 2386 et
963 2311 1081 2387 iactus
1106 2312 1252 2405 clarior,
1278 2315 1337 2383 clrc
1356 2333 1429 2404 por
1449 2313 1488 2384 di
1500 2307 1583 2384 'mia
1607 2318 1740 2385 nutura
1764 2318 1884 2384 duas-

706 2434 867 2507 mantue
889 2452 956 2504 sorr
975 2452 1044 2525 per
1069 2438 1150 2505 tutte
1171 2434 1292 2522 prose!
1318 2432 1405 2525 quia
1430 2451 1514 2505 sum
1541 2431 1706 2505 mortalis
1728 2432 1883 2527 recepti·

529 2524 537 2540 ‘
625 2547 628 2553 ·
706 2552 788 2626 nuo
812 2552 931 2626 omna
955 2551 1164 2644 rmuenoae,
1191 2551 1253 2625 uni
1279 2552 1383 2627 saeua
1412 2558 1467 2626 aa
1498 2551 1882 2647 impermutabilem

708 2673 767 2747 bic
791 2677 877 2746 nota
903 2671 997 2745 bene
1022 2671 1122 2764 quod
1147 2670 1275 2766 pulcre
1294 2677 1403 2745 autor
1421 2672 1491 2745 boc
1513 2670 1616 2767 lingit
1635 2671 1722 2766 quia
1739 2672 1882 2745 Mercu·
1929 2724 1932 2731 .

707 2792 784 2866 rius
809 2798 865 2865 est
889 2790 1135 2866 convertibilis
1161 2798 1303 2865 naturae
1328 2791 1470 2865 medius
1497 2798 1534 2866 et
1559 2790 1778 2885 indillerens,
1801 2791 1881 2866 talis

707 2912 855 3006 qualem
882 2911 990 2985 vicini
1015 2902 1169 3006 planetae
1195 2911 1437 3007 permiserint,
1465 2917 1503 2987 et
1527 2911 1791 3008 potentioribus
1816 2934 1879 2987 co-

706 3033 823 3106 baerct
836 3024 886 3124 (⁴).
921 3031 1007 3105 ldeo
1032 3032 1126 3107 beno
1156 3031 1289 3106 dicitur
1319 3033 1418 3108 Deus
1448 3031 1678 3127 eloquentie,
1704 3052 1750 3107 eo
1780 3033 1879 3128 quod

706 3152 915 3246 eloquentia
935 3153 1065 3245 juncta
1089 3151 1276 3247 sapientie
1301 3152 1500 3246 plurimum
1530 3152 1655 3247 prosit,
1681 3160 1718 3228 et
1743 3154 1878 3229 sociata

710 3272 855 3345 malitie
874 3272 1033 3345 multum
1048 3280 1249 3346 noceat—
1259 3277 1371 3345 Come.
1384 3274 1490 3347 Nunc
1502 3280 1611 3347 autor
1627 3273 1798 3348 describit
1814 3294 1879 3369 ap·

706 3392 909 3486 parentiam
935 3392 1145 3465 animarum
1169 3392 1460 3468 beatificatarnm
1482 3393 1552 3467 sub
1573 3394 1761 3468 influentia
1781 3413 1878 3469 mer-

705 3512 846 3606 curiali,
864 3531 950 3606 quae
970 3512 1210 3587 ostendebant
1227 3532 1267 3587 se
1286 3533 1374 3587 cum
1391 3513 1654 3610 gratulatione;
1673 3522 1711 3590 et
1727 3516 1795 3588 boc
1811 3534 1877 3609 per
1972 3498 1975 3505 ’

705 3632 819 3707 unani
841 3632 1153 3727 comparationem
1176 3634 1313 3707 claram
1335 3643 1373 3708 et
1393 3634 1592 3730 propriam,
1609 3636 1752 3710 dicens:
1778 3640 1878 3709 Come

704 3755 742 3825 ia
763 3755 943 3845 pesctlcru
966 3750 1051 3827 cd'd
1073 3756 1266 3845 camolla
1289 3776 1308 3827 e
1328 3776 1438 3849 pura,
1459 3756 1565 3852 quasi
1593 3756 1701 3849 dicat,
1722 3757 1758 3829 in
1780 3778 1877 3853 aqua

705 3875 816 3968 clara,
842 3895 927 3967 quae
953 3874 1048 3949 bene
1071 3874 1295 3950 assimilatur
1320 3875 1434 3952 stellae
1459 3877 1604 3972 corpori
1626 3876 1817 3972 dyapbano
1841 3887 1879 3954 et

705 4015 811 4089 puro,
829 3997 1014 4085 capuerat
1028 3997 1043 4066 i
1055 3997 1162 4086 pesct,
1179 3994 1243 4087 qui
1256 3986 1292 4087 (²)
1310 3995 1406 4071 bene
1428 4003 1690 4093 repraesentant
1706 3996 1793 4071 istos
1805 3997 1877 4092 spi·

617 4126 621 4136 ·
704 4115 797 4189 ritus
821 4116 921 4189 leves
954 4122 992 4191 et
1017 4117 1173 4209 veloces,
1198 4138 1223 4188 a
1246 4108 1300 4189 aa
1324 4120 1383 4191 otc
1407 4122 1484 4191 vien
1509 4121 1546 4193 di
1567 4121 1677 4212 mori,
1707 4116 1800 4192 sieut
1831 4114 1876 4192 ad

703 4256 839 4329 escam,
862 4257 929 4329 per
952 4238 1057 4308 modo
1081 4239 1142 4310 cte
1162 4239 1197 4308 lo
1220 4240 1336 4309 stimin
1352 4258 1418 4310 suu
1429 4222 1602 4331 pastum
1619 4238 1669 4312 ita
1690 4239 1824 4313 nantes
1841 4246 1878 4313 et

703 4355 848 4431 Beatrix
875 4355 1072 4429 veniebant
1095 4355 1144 4429 ab
1170 4361 1287 4449 extra,
1315 4365 1352 4431 et
1381 4358 1528 4453 spiritns
1557 4358 1606 4433 illi
1637 4360 1877 4454 expectabant

698 4476 977 4551 delectationem
1008 4476 1057 4548 ab
1091 4476 1165 4568 eis3
1191 4476 1241 4550 ita
1267 4498 1289 4551 a
1315 4476 1433 4573 simili,
1466 4473 1496 4552 si
1527 4484 1595 4553 vid
1607 4483 1643 4553 to
1667 4481 1731 4553 bea
1754 4476 1816 4573 poll
1840 4482 1877 4554 dt

698 4599 789 4671 mille
811 4598 1004 4688 splendori,
1034 4595 1136 4688 idest,
1174 4596 1352 4689 plurimos
1382 4598 1530 4693 spiritus
1559 4600 1735 4694 lucentes,
1767 4604 1881 4675 trcrsi

699 4711 760 4789 vo
784 4718 857 4808 aot,
886 4734 974 4789 cum
1001 4714 1136 4809 latitia,
1162 4722 1197 4789 et
1226 4719 1264 4789 in
1289 4720 1430 4791 musmo
1456 4722 1594 4811 sudio,
1619 4722 1759 4816 supple,
1786 4720 1876 4795 dici:

699 4859 777 4919 ccco
801 4839 856 4910 cot
879 4826 1040 4909 erescerd
1056 4839 1082 4910 lt
1096 4840 1211 4911 nostri
1227 4841 1357 4932 umori,
1378 4839 1524 4935 scilicet,
1545 4840 1770 4936 innumero,
1790 4840 1877 4935 quia

766 5096 793 5159 (¹)
809 5100 832 5153 b
849 5102 961 5146 coercet.
999 5129 1002 5135 -
1231 5096 1258 5161 (ἦ
1275 5099 1305 5151 Ε.
1322 5101 1382 5165 qula
1400 5102 1474 5151 bene.
