<?xml version="1.0" encoding="UTF-8"?>
<!DOCTYPE html PUBLIC "-//W3C//DTD XHTML 1.0 Transitional//EN"
    "http://www.w3.org/TR/xhtml1/DTD/xhtml1-transitional.dtd">
<html xmlns="http://www.w3.org/1999/xhtml" xml:lang="en" lang="en">
 <head>
  <title>
</title>
<meta http-equiv="Content-Type" content="text/html;charset=utf-8" />
  <meta name='ocr-system' content='tesseract 3.04.00' />
  <meta name='ocr-capabilities' content='ocr_page ocr_carea ocr_par ocr_line ocrx_word'/>
</head>
<body>
  <div class='ocr_page' id='page_1' title='image "./comentumsuperda00unkngoog_0469.png"; bbox 0 0 4575 6842; ppageno 0'>
   <div class='ocr_carea' id='block_1_1' title="bbox 837 992 1583 1060">
    <p class='ocr_par' dir='ltr' id='par_1_1' title="bbox 837 992 1583 1060">
     <span class='ocr_line' id='line_1_1' title="bbox 837 992 1583 1060; baseline 0.001 -2"><span class='ocrx_word' id='word_1_1' title='bbox 837 1004 977 1059; x_wconf 76' lang='lat' dir='ltr'><strong>murus</strong></span> <span class='ocrx_word' id='word_1_2' title='bbox 1001 1006 1147 1060; x_wconf 81' lang='lat' dir='ltr'><strong>snxrus.</strong></span> <span class='ocrx_word' id='word_1_3' title='bbox 1509 992 1583 1059; x_wconf 74' lang='lat' dir='ltr'><strong>titt</strong></span> 
     </span>
    </p>
   </div>
   <div class='ocr_carea' id='block_1_2' title="bbox 404 1143 1580 1600">
    <p class='ocr_par' dir='ltr' id='par_1_2' title="bbox 404 1143 1580 1600">
     <span class='ocr_line' id='line_1_2' title="bbox 405 1143 1580 1244; baseline 0.01 -28"><span class='ocrx_word' id='word_1_4' title='bbox 405 1143 504 1233; x_wconf 72' lang='lat' dir='ltr'><strong>dopli</strong></span> <span class='ocrx_word' id='word_1_5' title='bbox 517 1144 678 1238; x_wconf 76' lang='lat' dir='ltr'><strong>innanzi,</strong></span> <span class='ocrx_word' id='word_1_6' title='bbox 697 1145 792 1220; x_wconf 85' lang='lat' dir='ltr'><strong>ricta</strong></span> <span class='ocrx_word' id='word_1_7' title='bbox 810 1153 910 1223; x_wconf 89' lang='lat' dir='ltr'><strong>terra</strong></span> <span class='ocrx_word' id='word_1_8' title='bbox 927 1155 965 1223; x_wconf 87' lang='lat' dir='ltr'><strong>et</strong></span> <span class='ocrx_word' id='word_1_9' title='bbox 982 1150 1088 1244; x_wconf 89' lang='lat' dir='ltr'><strong>mari,</strong></span> <span class='ocrx_word' id='word_1_10' title='bbox 1111 1170 1214 1243; x_wconf 80' lang='lat' dir='ltr'><strong><em>prese</em></strong></span> <span class='ocrx_word' id='word_1_11' title='bbox 1230 1152 1268 1222; x_wconf 88' lang='lat' dir='ltr'><strong>la</strong></span> <span class='ocrx_word' id='word_1_12' title='bbox 1283 1158 1394 1225; x_wconf 82' lang='lat' dir='ltr'><strong>morin</strong></span> <span class='ocrx_word' id='word_1_13' title='bbox 1417 1152 1580 1227; x_wconf 76' lang='lat' dir='ltr'><strong>suttona</strong></span> 
     </span>
     <span class='ocr_line' id='line_1_3' title="bbox 404 1264 1580 1367; baseline 0.01 -32"><span class='ocrx_word' id='word_1_14' title='bbox 404 1268 438 1336; x_wconf 85' lang='lat' dir='ltr'><strong>et</strong></span> <span class='ocrx_word' id='word_1_15' title='bbox 459 1269 556 1356; x_wconf 71' lang='lat' dir='ltr'><strong>wa,</strong></span> <span class='ocrx_word' id='word_1_16' title='bbox 580 1264 684 1360; x_wconf 80' lang='lat' dir='ltr'><strong>idest,</strong></span> <span class='ocrx_word' id='word_1_17' title='bbox 710 1266 933 1362; x_wconf 82' lang='lat' dir='ltr'><strong>obscuram3</strong></span> <span class='ocrx_word' id='word_1_18' title='bbox 959 1269 1022 1345; x_wconf 89' lang='lat' dir='ltr'><strong>sed</strong></span> <span class='ocrx_word' id='word_1_19' title='bbox 1047 1274 1149 1345; x_wconf 86' lang='lat' dir='ltr'><strong>certe</strong></span> <span class='ocrx_word' id='word_1_20' title='bbox 1174 1268 1366 1367; x_wconf 79' lang='lat' dir='ltr'><strong>gloriosior</strong></span> <span class='ocrx_word' id='word_1_21' title='bbox 1387 1271 1454 1345; x_wconf 90' lang='lat' dir='ltr'><strong>iuit</strong></span> <span class='ocrx_word' id='word_1_22' title='bbox 1479 1293 1580 1347; x_wconf 87' lang='lat' dir='ltr'><strong>mors</strong></span> 
     </span>
     <span class='ocr_line' id='line_1_4' title="bbox 405 1382 1579 1487; baseline 0.009 -30"><span class='ocrx_word' id='word_1_23' title='bbox 405 1382 607 1479; x_wconf 82' lang='lat' dir='ltr'><strong>Cleopatrae</strong></span> <span class='ocrx_word' id='word_1_24' title='bbox 632 1384 771 1459; x_wconf 71' lang='lat' dir='ltr'><strong>vitiosa</strong></span> <span class='ocrx_word' id='word_1_25' title='bbox 797 1407 910 1480; x_wconf 88' lang='lat' dir='ltr'><strong>quam</strong></span> <span class='ocrx_word' id='word_1_26' title='bbox 936 1388 1104 1463; x_wconf 74' lang='lat' dir='ltr'><strong>Zenobio</strong></span> <span class='ocrx_word' id='word_1_27' title='bbox 1123 1389 1309 1484; x_wconf 79' lang='lat' dir='ltr'><strong>virtuosae,</strong></span> <span class='ocrx_word' id='word_1_28' title='bbox 1331 1410 1415 1485; x_wconf 84' lang='lat' dir='ltr'><strong>qnae</strong></span> <span class='ocrx_word' id='word_1_29' title='bbox 1437 1392 1579 1487; x_wconf 82' lang='lat' dir='ltr'><strong>captiva</strong></span> 
     </span>
     <span class='ocr_line' id='line_1_5' title="bbox 404 1496 1580 1600; baseline 0.009 -25"><span class='ocrx_word' id='word_1_30' title='bbox 404 1496 514 1600; x_wconf 67' lang='lat' dir='ltr'><strong>ligata</strong></span> <span class='ocrx_word' id='word_1_31' title='bbox 541 1508 617 1579; x_wconf 86' lang='lat' dir='ltr'><strong>tota</strong></span> <span class='ocrx_word' id='word_1_32' title='bbox 642 1505 781 1580; x_wconf 92' lang='lat' dir='ltr'><strong>catenis</strong></span> <span class='ocrx_word' id='word_1_33' title='bbox 805 1506 931 1581; x_wconf 69' lang='lat' dir='ltr'><strong>aurds</strong></span> <span class='ocrx_word' id='word_1_34' title='bbox 953 1507 1065 1583; x_wconf 90' lang='lat' dir='ltr'><strong>ducta</strong></span> <span class='ocrx_word' id='word_1_35' title='bbox 1090 1514 1250 1584; x_wconf 84' lang='lat' dir='ltr'><strong>estante</strong></span> <span class='ocrx_word' id='word_1_36' title='bbox 1268 1529 1420 1587; x_wconf 90' lang='lat' dir='ltr'><strong>currum</strong></span> <span class='ocrx_word' id='word_1_37' title='bbox 1448 1511 1580 1585; x_wconf 89' lang='lat' dir='ltr'><strong>trium-</strong></span> 
     </span>
    </p>
   </div>
   <div class='ocr_carea' id='block_1_3' title="bbox 405 1624 1686 1725">
    <p class='ocr_par' dir='ltr' id='par_1_3' title="bbox 405 1624 1686 1725">
     <span class='ocr_line' id='line_1_6' title="bbox 405 1624 1686 1725; baseline 0.009 -29"><span class='ocrx_word' id='word_1_38' title='bbox 405 1624 550 1719; x_wconf 82' lang='lat' dir='ltr'><strong>phaiem</strong></span> <span class='ocrx_word' id='word_1_39' title='bbox 575 1624 623 1699; x_wconf 89' lang='lat' dir='ltr'><strong>ab</strong></span> <span class='ocrx_word' id='word_1_40' title='bbox 649 1626 848 1701; x_wconf 87' lang='lat' dir='ltr'><strong>Aureliano</strong></span> <span class='ocrx_word' id='word_1_41' title='bbox 864 1628 1099 1724; x_wconf 71' lang='lat' dir='ltr'><strong>imperatore,</strong></span> <span class='ocrx_word' id='word_1_42' title='bbox 1115 1630 1181 1702; x_wconf 82' lang='lat' dir='ltr'><strong>dol</strong></span> <span class='ocrx_word' id='word_1_43' title='bbox 1198 1630 1353 1723; x_wconf 82' lang='lat' dir='ltr'><strong>colubro,</strong></span> <span class='ocrx_word' id='word_1_44' title='bbox 1378 1630 1480 1725; x_wconf 84' lang='lat' dir='ltr'><strong>idest,</strong></span> <span class='ocrx_word' id='word_1_45' title='bbox 1496 1652 1579 1707; x_wconf 89' lang='lat' dir='ltr'><strong>ser-</strong></span> <span class='ocrx_word' id='word_1_46' title='bbox 1684 1654 1686 1659; x_wconf 73' lang='grc'><em>’</em></span> 
     </span>
    </p>
   </div>
   <div class='ocr_carea' id='block_1_4' title="bbox 397 1746 1578 4847">
    <p class='ocr_par' dir='ltr' id='par_1_4' title="bbox 397 1746 1578 4847">
     <span class='ocr_line' id='line_1_7' title="bbox 404 1746 1578 1845; baseline 0.005 -25"><span class='ocrx_word' id='word_1_47' title='bbox 404 1751 524 1841; x_wconf 84' lang='lat' dir='ltr'><strong>pente,</strong></span> <span class='ocrx_word' id='word_1_48' title='bbox 541 1746 679 1821; x_wconf 88' lang='lat' dir='ltr'><strong>scilicet</strong></span> <span class='ocrx_word' id='word_1_49' title='bbox 694 1748 742 1822; x_wconf 90' lang='lat' dir='ltr'><strong>ab</strong></span> <span class='ocrx_word' id='word_1_50' title='bbox 758 1748 893 1844; x_wconf 84' lang='lat' dir='ltr'><strong>aspide,</strong></span> <span class='ocrx_word' id='word_1_51' title='bbox 915 1770 1000 1843; x_wconf 77' lang='lat' dir='ltr'><strong>qum</strong></span> <span class='ocrx_word' id='word_1_52' title='bbox 1019 1748 1112 1845; x_wconf 92' lang='lat' dir='ltr'><strong>sopit</strong></span> <span class='ocrx_word' id='word_1_53' title='bbox 1129 1769 1240 1844; x_wconf 72' lang='lat' dir='ltr'><strong>quiem</strong></span> <span class='ocrx_word' id='word_1_54' title='bbox 1262 1749 1407 1826; x_wconf 90' lang='lat' dir='ltr'><strong>mordet</strong></span> <span class='ocrx_word' id='word_1_55' title='bbox 1425 1771 1494 1825; x_wconf 92' lang='lat' dir='ltr'><strong>suo</strong></span> <span class='ocrx_word' id='word_1_56' title='bbox 1513 1771 1578 1826; x_wconf 87' lang='lat' dir='ltr'><strong>ve-</strong></span> 
     </span>
     <span class='ocr_line' id='line_1_8' title="bbox 404 1865 1577 1964; baseline 0.002 -23"><span class='ocrx_word' id='word_1_57' title='bbox 404 1885 512 1941; x_wconf 84' lang='lat' dir='ltr'><strong>neno.</strong></span> <span class='ocrx_word' id='word_1_58' title='bbox 538 1865 675 1940; x_wconf 81' lang='lat' dir='ltr'>Plinius</span> <span class='ocrx_word' id='word_1_59' title='bbox 702 1872 824 1943; x_wconf 76' lang='lat' dir='ltr'><strong>mmen</strong></span> <span class='ocrx_word' id='word_1_60' title='bbox 849 1868 956 1945; x_wconf 84' lang='lat' dir='ltr'><strong>aliter</strong></span> <span class='ocrx_word' id='word_1_61' title='bbox 973 1868 1097 1945; x_wconf 78' lang='lat' dir='ltr'>scribit</span> <span class='ocrx_word' id='word_1_62' title='bbox 1113 1869 1220 1943; x_wconf 89' lang='lat' dir='ltr'><strong>istam</strong></span> <span class='ocrx_word' id='word_1_63' title='bbox 1241 1876 1411 1963; x_wconf 81' lang='lat' dir='ltr'><strong>mortam,</strong></span> <span class='ocrx_word' id='word_1_64' title='bbox 1429 1870 1577 1964; x_wconf 80' lang='lat' dir='ltr'><strong>scilicet,</strong></span> 
     </span>
     <span class='ocr_line' id='line_1_9' title="bbox 403 1985 1578 2083; baseline 0.004 -25"><span class='ocrx_word' id='word_1_65' title='bbox 403 1985 503 2080; x_wconf 87' lang='lat' dir='ltr'><strong>quod</strong></span> <span class='ocrx_word' id='word_1_66' title='bbox 529 1992 677 2061; x_wconf 87' lang='lat' dir='ltr'><strong>mortua</strong></span> <span class='ocrx_word' id='word_1_67' title='bbox 702 1994 758 2061; x_wconf 87' lang='lat' dir='ltr'><strong>est</strong></span> <span class='ocrx_word' id='word_1_68' title='bbox 782 2008 925 2063; x_wconf 86' lang='lat' dir='ltr'><strong>veneno</strong></span> <span class='ocrx_word' id='word_1_69' title='bbox 949 2010 1028 2083; x_wconf 85' lang='lat' dir='ltr'><strong>quo</strong></span> <span class='ocrx_word' id='word_1_70' title='bbox 1041 1989 1264 2064; x_wconf 87' lang='lat' dir='ltr'><strong>astutissime</strong></span> <span class='ocrx_word' id='word_1_71' title='bbox 1280 1994 1486 2065; x_wconf 79' lang='lat' dir='ltr'><strong>tentaverat</strong></span> <span class='ocrx_word' id='word_1_72' title='bbox 1504 1991 1578 2063; x_wconf 82' lang='lat' dir='ltr'><strong>Au-</strong></span> 
     </span>
     <span class='ocr_line' id='line_1_10' title="bbox 404 2106 1577 2185; baseline 0.005 -7"><span class='ocrx_word' id='word_1_73' title='bbox 404 2106 615 2182; x_wconf 91' lang='lat' dir='ltr'><strong>tonium.—</strong></span> <span class='ocrx_word' id='word_1_74' title='bbox 625 2111 699 2181; x_wconf 78' lang='lat' dir='ltr'><strong>Gon</strong></span> <span class='ocrx_word' id='word_1_75' title='bbox 710 2111 827 2181; x_wconf 61' lang='lat' dir='ltr'><strong>costa</strong></span> <span class='ocrx_word' id='word_1_76' title='bbox 841 2108 908 2183; x_wconf 87' lang='lat' dir='ltr'><strong>iiic</strong></span> <span class='ocrx_word' id='word_1_77' title='bbox 920 2108 1049 2183; x_wconf 89' lang='lat' dir='ltr'><strong>ultimo</strong></span> <span class='ocrx_word' id='word_1_78' title='bbox 1062 2109 1286 2184; x_wconf 78' lang='lat' dir='ltr'><strong>lastinianus</strong></span> <span class='ocrx_word' id='word_1_79' title='bbox 1302 2109 1484 2185; x_wconf 84' lang='lat' dir='ltr'><strong>concludit</strong></span> <span class='ocrx_word' id='word_1_80' title='bbox 1500 2110 1577 2184; x_wconf 86' lang='lat' dir='ltr'><strong>vir·</strong></span> 
     </span>
     <span class='ocr_line' id='line_1_11' title="bbox 404 2227 1576 2326; baseline 0.003 -26"><span class='ocrx_word' id='word_1_81' title='bbox 404 2233 521 2302; x_wconf 87' lang='lat' dir='ltr'><strong>tutem</strong></span> <span class='ocrx_word' id='word_1_82' title='bbox 535 2233 573 2301; x_wconf 88' lang='lat' dir='ltr'><strong>et</strong></span> <span class='ocrx_word' id='word_1_83' title='bbox 585 2227 793 2302; x_wconf 80' lang='lat' dir='ltr'><strong>felicitatem</strong></span> <span class='ocrx_word' id='word_1_84' title='bbox 806 2230 961 2325; x_wconf 77' lang='lat' dir='ltr'><strong>Augusti</strong></span> <span class='ocrx_word' id='word_1_85' title='bbox 979 2231 1041 2324; x_wconf 91' lang='lat' dir='ltr'><strong>qui</strong></span> <span class='ocrx_word' id='word_1_86' title='bbox 1061 2237 1141 2325; x_wconf 89' lang='lat' dir='ltr'><strong>post</strong></span> <span class='ocrx_word' id='word_1_87' title='bbox 1160 2230 1330 2326; x_wconf 74' lang='lat' dir='ltr'><strong>praedicta</strong></span> <span class='ocrx_word' id='word_1_88' title='bbox 1348 2230 1442 2305; x_wconf 90' lang='lat' dir='ltr'><strong>belia</strong></span> <span class='ocrx_word' id='word_1_89' title='bbox 1459 2228 1576 2305; x_wconf 81' lang='lat' dir='ltr'><strong>civilia</strong></span> 
     </span>
     <span class='ocr_line' id='line_1_12' title="bbox 403 2345 1574 2446; baseline 0.004 -28"><span class='ocrx_word' id='word_1_90' title='bbox 403 2345 489 2423; x_wconf 88' lang='lat' dir='ltr'><strong>iecit</strong></span> <span class='ocrx_word' id='word_1_91' title='bbox 502 2347 619 2421; x_wconf 91' lang='lat' dir='ltr'><strong>muita</strong></span> <span class='ocrx_word' id='word_1_92' title='bbox 633 2347 728 2422; x_wconf 89' lang='lat' dir='ltr'><strong>bella</strong></span> <span class='ocrx_word' id='word_1_93' title='bbox 741 2348 884 2423; x_wconf 88' lang='lat' dir='ltr'><strong>hostilia</strong></span> <span class='ocrx_word' id='word_1_94' title='bbox 897 2370 963 2444; x_wconf 89' lang='lat' dir='ltr'><strong>per</strong></span> <span class='ocrx_word' id='word_1_95' title='bbox 977 2370 1017 2424; x_wconf 89' lang='lat' dir='ltr'><strong>se</strong></span> <span class='ocrx_word' id='word_1_96' title='bbox 1033 2358 1072 2425; x_wconf 89' lang='lat' dir='ltr'><strong>et</strong></span> <span class='ocrx_word' id='word_1_97' title='bbox 1087 2350 1227 2446; x_wconf 79' lang='lat' dir='ltr'><strong>legatos</strong></span> <span class='ocrx_word' id='word_1_98' title='bbox 1240 2370 1339 2443; x_wconf 89' lang='lat' dir='ltr'><strong>suos,</strong></span> <span class='ocrx_word' id='word_1_99' title='bbox 1353 2355 1390 2425; x_wconf 90' lang='lat' dir='ltr'><strong>et</strong></span> <span class='ocrx_word' id='word_1_100' title='bbox 1407 2350 1574 2425; x_wconf 94' lang='lat' dir='ltr'><strong>omnium</strong></span> 
     </span>
     <span class='ocr_line' id='line_1_13' title="bbox 402 2466 1576 2567; baseline 0.004 -27"><span class='ocrx_word' id='word_1_101' title='bbox 402 2466 519 2541; x_wconf 85' lang='lat' dir='ltr'><strong>victor</strong></span> <span class='ocrx_word' id='word_1_102' title='bbox 543 2487 672 2563; x_wconf 88' lang='lat' dir='ltr'><strong>pacem</strong></span> <span class='ocrx_word' id='word_1_103' title='bbox 698 2467 796 2546; x_wconf 86' lang='lat' dir='ltr'><strong>dedit</strong></span> <span class='ocrx_word' id='word_1_104' title='bbox 820 2469 969 2543; x_wconf 90' lang='lat' dir='ltr'><strong>mundo.</strong></span> <span class='ocrx_word' id='word_1_105' title='bbox 991 2469 1084 2545; x_wconf 82' lang='lat' dir='ltr'><strong>uicit</strong></span> <span class='ocrx_word' id='word_1_106' title='bbox 1101 2490 1212 2567; x_wconf 84' lang='lat' dir='ltr'><strong>ergo:</strong></span> <span class='ocrx_word' id='word_1_107' title='bbox 1242 2475 1316 2544; x_wconf 80' lang='lat' dir='ltr'><strong>tlon</strong></span> <span class='ocrx_word' id='word_1_108' title='bbox 1340 2472 1462 2562; x_wconf 80' lang='lat' dir='ltr'><strong>cestui,</strong></span> <span class='ocrx_word' id='word_1_109' title='bbox 1480 2469 1576 2545; x_wconf 91' lang='lat' dir='ltr'><strong>scili-</strong></span> 
     </span>
     <span class='ocr_line' id='line_1_14' title="bbox 401 2586 1575 2685; baseline 0.004 -25"><span class='ocrx_word' id='word_1_110' title='bbox 401 2594 472 2679; x_wconf 79' lang='lat' dir='ltr'><strong>cet,</strong></span> <span class='ocrx_word' id='word_1_111' title='bbox 496 2586 641 2662; x_wconf 84' lang='lat' dir='ltr'><strong>Caesare</strong></span> <span class='ocrx_word' id='word_1_112' title='bbox 672 2590 849 2685; x_wconf 81' lang='lat' dir='ltr'><strong>Augusto,</strong></span> <span class='ocrx_word' id='word_1_113' title='bbox 876 2610 976 2663; x_wconf 80' lang='lat' dir='ltr'><strong>corsa</strong></span> <span class='ocrx_word' id='word_1_114' title='bbox 999 2592 1116 2663; x_wconf 73' lang='lat' dir='ltr'><strong>inemo</strong></span> <span class='ocrx_word' id='word_1_115' title='bbox 1131 2593 1171 2663; x_wconf 83' lang='lat' dir='ltr'><strong>ol</strong></span> <span class='ocrx_word' id='word_1_116' title='bbox 1186 2592 1245 2663; x_wconf 80' lang='lat' dir='ltr'><strong>lim</strong></span> <span class='ocrx_word' id='word_1_117' title='bbox 1262 2590 1386 2681; x_wconf 83' lang='lat' dir='ltr'><strong>rutro,</strong></span> <span class='ocrx_word' id='word_1_118' title='bbox 1405 2588 1507 2682; x_wconf 88' lang='lat' dir='ltr'><strong>idest,</strong></span> <span class='ocrx_word' id='word_1_119' title='bbox 1529 2590 1575 2665; x_wconf 93' lang='lat' dir='ltr'><strong>ad</strong></span> 
     </span>
     <span class='ocr_line' id='line_1_15' title="bbox 402 2706 1574 2805; baseline 0.006 -26"><span class='ocrx_word' id='word_1_120' title='bbox 402 2726 508 2781; x_wconf 87' lang='lat' dir='ltr'><strong>mare</strong></span> <span class='ocrx_word' id='word_1_121' title='bbox 533 2706 688 2780; x_wconf 90' lang='lat' dir='ltr'><strong>rubrum</strong></span> <span class='ocrx_word' id='word_1_122' title='bbox 707 2727 773 2803; x_wconf 88' lang='lat' dir='ltr'><strong>per</strong></span> <span class='ocrx_word' id='word_1_123' title='bbox 790 2707 889 2802; x_wconf 91' lang='lat' dir='ltr'><strong>qnod</strong></span> <span class='ocrx_word' id='word_1_124' title='bbox 905 2708 1059 2783; x_wconf 87' lang='lat' dir='ltr'><strong>veniunt</strong></span> <span class='ocrx_word' id='word_1_125' title='bbox 1076 2709 1316 2785; x_wconf 91' lang='lat' dir='ltr'><strong>mercimonia</strong></span> <span class='ocrx_word' id='word_1_126' title='bbox 1338 2716 1375 2785; x_wconf 90' lang='lat' dir='ltr'><strong>et</strong></span> <span class='ocrx_word' id='word_1_127' title='bbox 1394 2716 1574 2805; x_wconf 88' lang='lat' dir='ltr'><strong>aromata,</strong></span> 
     </span>
     <span class='ocr_line' id='line_1_16' title="bbox 402 2826 1574 2927; baseline 0.005 -28"><span class='ocrx_word' id='word_1_128' title='bbox 402 2826 496 2901; x_wconf 90' lang='lat' dir='ltr'><strong>sicut</strong></span> <span class='ocrx_word' id='word_1_129' title='bbox 525 2826 640 2922; x_wconf 89' lang='lat' dir='ltr'><strong>piper,</strong></span> <span class='ocrx_word' id='word_1_130' title='bbox 666 2827 760 2903; x_wconf 86' lang='lat' dir='ltr'><strong>ebur</strong></span> <span class='ocrx_word' id='word_1_131' title='bbox 785 2828 822 2902; x_wconf 97' lang='lat' dir='ltr'><strong>in</strong></span> <span class='ocrx_word' id='word_1_132' title='bbox 847 2828 1103 2904; x_wconf 82' lang='lat' dir='ltr'><strong>Alexandriam</strong></span> <span class='ocrx_word' id='word_1_133' title='bbox 1129 2830 1299 2927; x_wconf 81' lang='lat' dir='ltr'><strong>AEgypti3</strong></span> <span class='ocrx_word' id='word_1_134' title='bbox 1326 2837 1363 2905; x_wconf 88' lang='lat' dir='ltr'><strong>et</strong></span> <span class='ocrx_word' id='word_1_135' title='bbox 1389 2830 1574 2925; x_wconf 88' lang='lat' dir='ltr'><strong>quianon</strong></span> 
     </span>
     <span class='ocr_line' id='line_1_17' title="bbox 402 2948 1573 3027; baseline 0.005 -8"><span class='ocrx_word' id='word_1_136' title='bbox 402 2948 481 3021; x_wconf 84' lang='lat' dir='ltr'><strong>vult</strong></span> <span class='ocrx_word' id='word_1_137' title='bbox 505 2967 729 3024; x_wconf 87' lang='lat' dir='ltr'><strong>enumerare</strong></span> <span class='ocrx_word' id='word_1_138' title='bbox 752 2948 842 3023; x_wconf 90' lang='lat' dir='ltr'><strong>alias</strong></span> <span class='ocrx_word' id='word_1_139' title='bbox 868 2949 1037 3024; x_wconf 87' lang='lat' dir='ltr'><strong>victorias</strong></span> <span class='ocrx_word' id='word_1_140' title='bbox 1063 2951 1143 3026; x_wconf 90' lang='lat' dir='ltr'><strong>eius</strong></span> <span class='ocrx_word' id='word_1_141' title='bbox 1166 2950 1350 3027; x_wconf 89' lang='lat' dir='ltr'><strong>concludit</strong></span> <span class='ocrx_word' id='word_1_142' title='bbox 1368 2952 1573 3027; x_wconf 84' lang='lat' dir='ltr'><strong>maximum</strong></span> 
     </span>
     <span class='ocr_line' id='line_1_18' title="bbox 401 3067 1574 3162; baseline 0.003 -20"><span class='ocrx_word' id='word_1_143' title='bbox 401 3068 540 3142; x_wconf 88' lang='lat' dir='ltr'><strong>honum</strong></span> <span class='ocrx_word' id='word_1_144' title='bbox 566 3067 657 3162; x_wconf 90' lang='lat' dir='ltr'><strong>eius,</strong></span> <span class='ocrx_word' id='word_1_145' title='bbox 682 3067 824 3143; x_wconf 89' lang='lat' dir='ltr'><strong>dicens:</strong></span> <span class='ocrx_word' id='word_1_146' title='bbox 850 3090 917 3142; x_wconf 84' lang='lat' dir='ltr'><strong>coo</strong></span> <span class='ocrx_word' id='word_1_147' title='bbox 940 3073 1061 3162; x_wconf 73' lang='lat' dir='ltr'><strong>meari,</strong></span> <span class='ocrx_word' id='word_1_148' title='bbox 1087 3070 1223 3145; x_wconf 89' lang='lat' dir='ltr'><strong>scilicet</strong></span> <span class='ocrx_word' id='word_1_149' title='bbox 1240 3091 1327 3145; x_wconf 93' lang='lat' dir='ltr'><strong>cum</strong></span> <span class='ocrx_word' id='word_1_150' title='bbox 1347 3071 1477 3146; x_wconf 88' lang='lat' dir='ltr'><strong>eodem</strong></span> <span class='ocrx_word' id='word_1_151' title='bbox 1496 3074 1574 3145; x_wconf 92' lang='lat' dir='ltr'><strong>Au-</strong></span> 
     </span>
     <span class='ocr_line' id='line_1_19' title="bbox 400 3191 1574 3287; baseline 0.003 -24"><span class='ocrx_word' id='word_1_152' title='bbox 400 3195 519 3285; x_wconf 79' lang='lat' dir='ltr'><strong>gusto,</strong></span> <span class='ocrx_word' id='word_1_153' title='bbox 539 3209 629 3281; x_wconf 81' lang='lat' dir='ltr'><strong>pose</strong></span> <span class='ocrx_word' id='word_1_154' title='bbox 650 3192 680 3262; x_wconf 88' lang='lat' dir='ltr'><strong>il</strong></span> <span class='ocrx_word' id='word_1_155' title='bbox 701 3192 832 3263; x_wconf 86' lang='lat' dir='ltr'><strong>moade</strong></span> <span class='ocrx_word' id='word_1_156' title='bbox 858 3192 898 3265; x_wconf 82' lang='lat' dir='ltr'><strong>ia</strong></span> <span class='ocrx_word' id='word_1_157' title='bbox 928 3197 1026 3264; x_wconf 79' lang='lat' dir='ltr'><strong>tauto</strong></span> <span class='ocrx_word' id='word_1_158' title='bbox 1051 3212 1155 3285; x_wconf 83' lang='lat' dir='ltr'><strong>pace,</strong></span> <span class='ocrx_word' id='word_1_159' title='bbox 1181 3191 1268 3287; x_wconf 87' lang='lat' dir='ltr'><strong>quia</strong></span> <span class='ocrx_word' id='word_1_160' title='bbox 1299 3198 1342 3265; x_wconf 93' lang='lat' dir='ltr'><strong>ut</strong></span> <span class='ocrx_word' id='word_1_161' title='bbox 1365 3192 1461 3267; x_wconf 90' lang='lat' dir='ltr'><strong>bene</strong></span> <span class='ocrx_word' id='word_1_162' title='bbox 1487 3193 1574 3267; x_wconf 91' lang='lat' dir='ltr'><strong>dicit</strong></span> 
     </span>
     <span class='ocr_line' id='line_1_20' title="bbox 400 3308 1574 3406; baseline 0.004 -24"><span class='ocrx_word' id='word_1_163' title='bbox 400 3308 541 3403; x_wconf 81' lang='lat' dir='ltr'><strong>Florus,</strong></span> <span class='ocrx_word' id='word_1_164' title='bbox 567 3309 707 3404; x_wconf 90' lang='lat' dir='ltr'><strong>ubique</strong></span> <span class='ocrx_word' id='word_1_165' title='bbox 729 3315 796 3383; x_wconf 92' lang='lat' dir='ltr'><strong>ant</strong></span> <span class='ocrx_word' id='word_1_166' title='bbox 820 3331 890 3405; x_wconf 82' lang='lat' dir='ltr'><strong>pax</strong></span> <span class='ocrx_word' id='word_1_167' title='bbox 917 3317 983 3385; x_wconf 88' lang='lat' dir='ltr'><strong>aut</strong></span> <span class='ocrx_word' id='word_1_168' title='bbox 1004 3311 1122 3405; x_wconf 86' lang='lat' dir='ltr'><strong>pactio</strong></span> <span class='ocrx_word' id='word_1_169' title='bbox 1142 3310 1229 3406; x_wconf 80' lang='lat' dir='ltr'><strong>iuit3</strong></span> <span class='ocrx_word' id='word_1_170' title='bbox 1255 3311 1352 3386; x_wconf 88' lang='lat' dir='ltr'><strong>unde</strong></span> <span class='ocrx_word' id='word_1_171' title='bbox 1369 3313 1493 3388; x_wconf 88' lang='lat' dir='ltr'><strong>Parthi</strong></span> <span class='ocrx_word' id='word_1_172' title='bbox 1513 3332 1574 3387; x_wconf 86' lang='lat' dir='ltr'><strong>re-</strong></span> 
     </span>
     <span class='ocr_line' id='line_1_21' title="bbox 401 3426 1576 3526; baseline 0.003 -23"><span class='ocrx_word' id='word_1_173' title='bbox 401 3429 581 3503; x_wconf 89' lang='lat' dir='ltr'><strong>miserunt</strong></span> <span class='ocrx_word' id='word_1_174' title='bbox 611 3428 678 3503; x_wconf 88' lang='lat' dir='ltr'><strong>sibi</strong></span> <span class='ocrx_word' id='word_1_175' title='bbox 702 3429 804 3526; x_wconf 79' lang='lat' dir='ltr'><strong>signa</strong></span> <span class='ocrx_word' id='word_1_176' title='bbox 820 3426 858 3521; x_wconf 77' lang='lat'><strong>(¹)</strong></span> <span class='ocrx_word' id='word_1_177' title='bbox 880 3452 965 3525; x_wconf 81' lang='lat' dir='ltr'><strong>quae</strong></span> <span class='ocrx_word' id='word_1_178' title='bbox 997 3431 1201 3506; x_wconf 85' lang='lat' dir='ltr'><strong>habuerant</strong></span> <span class='ocrx_word' id='word_1_179' title='bbox 1230 3431 1276 3505; x_wconf 89' lang='lat' dir='ltr'><strong>de</strong></span> <span class='ocrx_word' id='word_1_180' title='bbox 1301 3432 1434 3507; x_wconf 85' lang='lat' dir='ltr'><strong>Crasso</strong></span> <span class='ocrx_word' id='word_1_181' title='bbox 1459 3452 1576 3507; x_wconf 87' lang='lat' dir='ltr'><strong>avaro</strong></span> 
     </span>
     <span class='ocr_line' id='line_1_22' title="bbox 400 3548 1574 3651; baseline 0.004 -29"><span class='ocrx_word' id='word_1_182' title='bbox 400 3556 531 3625; x_wconf 88' lang='lat' dir='ltr'><strong>necato</strong></span> <span class='ocrx_word' id='word_1_183' title='bbox 554 3555 591 3625; x_wconf 90' lang='lat' dir='ltr'><strong>et</strong></span> <span class='ocrx_word' id='word_1_184' title='bbox 616 3548 772 3624; x_wconf 87' lang='lat' dir='ltr'><strong>Antonio</strong></span> <span class='ocrx_word' id='word_1_185' title='bbox 793 3549 945 3646; x_wconf 83' lang='lat' dir='ltr'><strong>prodigo</strong></span> <span class='ocrx_word' id='word_1_186' title='bbox 971 3551 1099 3651; x_wconf 81' lang='lat' dir='ltr'><strong>togato</strong></span> <span class='ocrx_word' id='word_1_187' title='bbox 1112 3575 1121 3623; x_wconf 76' lang='grc' dir='ltr'><strong><em>ε</em></strong></span> <span class='ocrx_word' id='word_1_188' title='bbox 1148 3557 1185 3625; x_wconf 87' lang='lat' dir='ltr'><strong>et</strong></span> <span class='ocrx_word' id='word_1_189' title='bbox 1209 3549 1285 3624; x_wconf 90' lang='lat' dir='ltr'><strong>indi</strong></span> <span class='ocrx_word' id='word_1_190' title='bbox 1312 3550 1495 3626; x_wconf 87' lang='lat' dir='ltr'><strong>miserunt</strong></span> <span class='ocrx_word' id='word_1_191' title='bbox 1520 3553 1574 3627; x_wconf 88' lang='lat' dir='ltr'><strong>lo·</strong></span> 
     </span>
     <span class='ocr_line' id='line_1_23' title="bbox 398 3669 1574 3773; baseline 0.003 -30"><span class='ocrx_word' id='word_1_192' title='bbox 398 3676 503 3765; x_wconf 82' lang='lat' dir='ltr'><strong>gatos</strong></span> <span class='ocrx_word' id='word_1_193' title='bbox 528 3690 615 3743; x_wconf 89' lang='lat' dir='ltr'><strong>suos</strong></span> <span class='ocrx_word' id='word_1_194' title='bbox 646 3676 683 3744; x_wconf 90' lang='lat' dir='ltr'><strong>et</strong></span> <span class='ocrx_word' id='word_1_195' title='bbox 712 3690 870 3745; x_wconf 86' lang='lat' dir='ltr'><strong>munera</strong></span> <span class='ocrx_word' id='word_1_196' title='bbox 896 3690 1051 3767; x_wconf 81' lang='lat' dir='ltr'><strong>magna3</strong></span> <span class='ocrx_word' id='word_1_197' title='bbox 1080 3669 1185 3773; x_wconf 29' lang='lat' dir='ltr'><strong>unde,</strong></span> <span class='ocrx_word' id='word_1_198' title='bbox 1206 3670 1313 3746; x_wconf 91' lang='lat' dir='ltr'><strong>dicit:</strong></span> <span class='ocrx_word' id='word_1_199' title='bbox 1341 3671 1378 3745; x_wconf 91' lang='lat' dir='ltr'><strong>in</strong></span> <span class='ocrx_word' id='word_1_200' title='bbox 1409 3672 1574 3747; x_wconf 90' lang='lat' dir='ltr'><strong>testimo-</strong></span> 
     </span>
     <span class='ocr_line' id='line_1_24' title="bbox 400 3789 1571 3886; baseline 0.002 -23"><span class='ocrx_word' id='word_1_201' title='bbox 400 3789 503 3863; x_wconf 90' lang='lat' dir='ltr'><strong>nium</strong></span> <span class='ocrx_word' id='word_1_202' title='bbox 528 3796 640 3865; x_wconf 80' lang='lat' dir='ltr'><strong>tantae</strong></span> <span class='ocrx_word' id='word_1_203' title='bbox 663 3790 773 3886; x_wconf 84' lang='lat' dir='ltr'><strong>pacis,</strong></span> <span class='ocrx_word' id='word_1_204' title='bbox 798 3793 859 3863; x_wconf 80' lang='lat' dir='ltr'><strong>cde</strong></span> <span class='ocrx_word' id='word_1_205' title='bbox 879 3792 920 3884; x_wconf 74' lang='lat' dir='ltr'><strong>stt</strong></span> <span class='ocrx_word' id='word_1_206' title='bbox 943 3798 1084 3863; x_wconf 76' lang='lat' dir='ltr'><strong>amato</strong></span> <span class='ocrx_word' id='word_1_207' title='bbox 1101 3812 1126 3863; x_wconf 88' lang='lat' dir='ltr'><strong>a</strong></span> <span class='ocrx_word' id='word_1_208' title='bbox 1145 3794 1260 3863; x_wconf 81' lang='lat' dir='ltr'><strong>Giano</strong></span> <span class='ocrx_word' id='word_1_209' title='bbox 1280 3793 1307 3864; x_wconf 86' lang='lat' dir='ltr'><strong>ii</strong></span> <span class='ocrx_word' id='word_1_210' title='bbox 1325 3812 1389 3864; x_wconf 83' lang='lat' dir='ltr'><strong>sao</strong></span> <span class='ocrx_word' id='word_1_211' title='bbox 1414 3793 1571 3883; x_wconf 82' lang='lat' dir='ltr'><strong>delabro,</strong></span> 
     </span>
     <span class='ocr_line' id='line_1_25' title="bbox 399 3908 1572 4006; baseline 0.003 -24"><span class='ocrx_word' id='word_1_212' title='bbox 399 3908 501 4004; x_wconf 89' lang='lat' dir='ltr'><strong>idest,</strong></span> <span class='ocrx_word' id='word_1_213' title='bbox 528 3911 727 4005; x_wconf 82' lang='lat' dir='ltr'><strong>tempium3</strong></span> <span class='ocrx_word' id='word_1_214' title='bbox 754 3930 840 3984; x_wconf 89' lang='lat' dir='ltr'><strong>nam</strong></span> <span class='ocrx_word' id='word_1_215' title='bbox 861 3909 1050 4004; x_wconf 80' lang='lat' dir='ltr'><strong>Augustus</strong></span> <span class='ocrx_word' id='word_1_216' title='bbox 1069 3909 1392 4006; x_wconf 81' lang='lat' dir='ltr'><strong>septingentesimo</strong></span> <span class='ocrx_word' id='word_1_217' title='bbox 1410 3930 1508 3985; x_wconf 91' lang='lat' dir='ltr'><strong>anno</strong></span> <span class='ocrx_word' id='word_1_218' title='bbox 1524 3910 1572 3985; x_wconf 88' lang='lat' dir='ltr'><strong>ab</strong></span> 
     </span>
     <span class='ocr_line' id='line_1_26' title="bbox 399 4029 1571 4124; baseline 0.002 -21"><span class='ocrx_word' id='word_1_219' title='bbox 399 4030 493 4105; x_wconf 89' lang='lat' dir='ltr'><strong>urbe</strong></span> <span class='ocrx_word' id='word_1_220' title='bbox 517 4029 661 4105; x_wconf 90' lang='lat' dir='ltr'><strong>condita</strong></span> <span class='ocrx_word' id='word_1_221' title='bbox 686 4030 815 4105; x_wconf 88' lang='lat' dir='ltr'><strong>clausit</strong></span> <span class='ocrx_word' id='word_1_222' title='bbox 835 4030 1013 4124; x_wconf 90' lang='lat' dir='ltr'><strong>tempium</strong></span> <span class='ocrx_word' id='word_1_223' title='bbox 1032 4030 1135 4123; x_wconf 89' lang='lat' dir='ltr'><strong>lano,</strong></span> <span class='ocrx_word' id='word_1_224' title='bbox 1156 4030 1254 4124; x_wconf 90' lang='lat' dir='ltr'><strong>quod</strong></span> <span class='ocrx_word' id='word_1_225' title='bbox 1278 4052 1468 4124; x_wconf 89' lang='lat' dir='ltr'><strong>nunquam</strong></span> <span class='ocrx_word' id='word_1_226' title='bbox 1490 4030 1571 4105; x_wconf 87' lang='lat' dir='ltr'><strong>ine-</strong></span> 
     </span>
     <span class='ocr_line' id='line_1_27' title="bbox 399 4149 1571 4246; baseline 0 -23"><span class='ocrx_word' id='word_1_227' title='bbox 399 4160 457 4227; x_wconf 85' lang='lat' dir='ltr'><strong>rat</strong></span> <span class='ocrx_word' id='word_1_228' title='bbox 480 4150 648 4226; x_wconf 90' lang='lat' dir='ltr'><strong>clausum</strong></span> <span class='ocrx_word' id='word_1_229' title='bbox 675 4150 742 4225; x_wconf 90' lang='lat' dir='ltr'><strong>nisi</strong></span> <span class='ocrx_word' id='word_1_230' title='bbox 768 4150 834 4245; x_wconf 86' lang='lat' dir='ltr'><strong>bis,</strong></span> <span class='ocrx_word' id='word_1_231' title='bbox 859 4150 995 4225; x_wconf 90' lang='lat' dir='ltr'><strong>scilicet</strong></span> <span class='ocrx_word' id='word_1_232' title='bbox 1020 4151 1089 4224; x_wconf 90' lang='lat' dir='ltr'><strong>sub</strong></span> <span class='ocrx_word' id='word_1_233' title='bbox 1108 4150 1230 4225; x_wconf 87' lang='lat' dir='ltr'><strong>Numa</strong></span> <span class='ocrx_word' id='word_1_234' title='bbox 1256 4169 1356 4246; x_wconf 79' lang='lat' dir='ltr'><strong>rege,</strong></span> <span class='ocrx_word' id='word_1_235' title='bbox 1375 4158 1412 4225; x_wconf 88' lang='lat' dir='ltr'><strong>et</strong></span> <span class='ocrx_word' id='word_1_236' title='bbox 1437 4150 1472 4223; x_wconf 95' lang='lat' dir='ltr'><strong>in</strong></span> <span class='ocrx_word' id='word_1_237' title='bbox 1500 4149 1571 4224; x_wconf 88' lang='lat' dir='ltr'><strong>line</strong></span> 
     </span>
     <span class='ocr_line' id='line_1_28' title="bbox 398 4270 1571 4369; baseline -0.001 -25"><span class='ocrx_word' id='word_1_238' title='bbox 398 4271 506 4367; x_wconf 87' lang='lat' dir='ltr'><strong>primi</strong></span> <span class='ocrx_word' id='word_1_239' title='bbox 532 4272 614 4346; x_wconf 90' lang='lat' dir='ltr'><strong>belii</strong></span> <span class='ocrx_word' id='word_1_240' title='bbox 641 4272 773 4367; x_wconf 90' lang='lat' dir='ltr'><strong>punici.</strong></span> <span class='ocrx_word' id='word_1_241' title='bbox 792 4272 837 4345; x_wconf 85' lang='lat' dir='ltr'><strong>Et</strong></span> <span class='ocrx_word' id='word_1_242' title='bbox 860 4272 1049 4369; x_wconf 79' lang='lat' dir='ltr'><strong>Augustus</strong></span> <span class='ocrx_word' id='word_1_243' title='bbox 1065 4277 1219 4345; x_wconf 91' lang='lat' dir='ltr'><strong>vocatus</strong></span> <span class='ocrx_word' id='word_1_244' title='bbox 1236 4277 1291 4346; x_wconf 90' lang='lat' dir='ltr'><strong>est</strong></span> <span class='ocrx_word' id='word_1_245' title='bbox 1311 4270 1465 4345; x_wconf 89' lang='lat' dir='ltr'><strong>dictator</strong></span> <span class='ocrx_word' id='word_1_246' title='bbox 1486 4290 1571 4365; x_wconf 87' lang='lat' dir='ltr'><strong>per·</strong></span> 
     </span>
     <span class='ocr_line' id='line_1_29' title="bbox 399 4390 1570 4488; baseline 0 -23"><span class='ocrx_word' id='word_1_247' title='bbox 399 4398 532 4488; x_wconf 79' lang='lat' dir='ltr'><strong>petum</strong></span> <span class='ocrx_word' id='word_1_248' title='bbox 556 4398 594 4466; x_wconf 89' lang='lat' dir='ltr'><strong>et</strong></span> <span class='ocrx_word' id='word_1_249' title='bbox 619 4399 723 4487; x_wconf 89' lang='lat' dir='ltr'><strong>pater</strong></span> <span class='ocrx_word' id='word_1_250' title='bbox 748 4392 887 4486; x_wconf 82' lang='lat' dir='ltr'><strong>patriae,</strong></span> <span class='ocrx_word' id='word_1_251' title='bbox 920 4401 958 4466; x_wconf 89' lang='lat' dir='ltr'><strong>et</strong></span> <span class='ocrx_word' id='word_1_252' title='bbox 987 4398 1136 4467; x_wconf 88' lang='lat' dir='ltr'><strong>senatus</strong></span> <span class='ocrx_word' id='word_1_253' title='bbox 1168 4390 1303 4466; x_wconf 90' lang='lat' dir='ltr'><strong>addidit</strong></span> <span class='ocrx_word' id='word_1_254' title='bbox 1333 4392 1399 4465; x_wconf 88' lang='lat' dir='ltr'><strong>sibi</strong></span> <span class='ocrx_word' id='word_1_255' title='bbox 1434 4410 1570 4466; x_wconf 90' lang='lat' dir='ltr'><strong>nomen</strong></span> 
     </span>
     <span class='ocr_line' id='line_1_30' title="bbox 398 4510 1571 4610; baseline -0.005 -21"><span class='ocrx_word' id='word_1_256' title='bbox 398 4512 553 4610; x_wconf 76' lang='lat' dir='ltr'><strong>Augusti</strong></span> <span class='ocrx_word' id='word_1_257' title='bbox 578 4512 801 4588; x_wconf 81' lang='lat' dir='ltr'><strong>sanctiuset</strong></span> <span class='ocrx_word' id='word_1_258' title='bbox 827 4512 1070 4606; x_wconf 90' lang='lat' dir='ltr'><strong>reverentius,</strong></span> <span class='ocrx_word' id='word_1_259' title='bbox 1098 4520 1140 4586; x_wconf 89' lang='lat' dir='ltr'><strong>ut</strong></span> <span class='ocrx_word' id='word_1_260' title='bbox 1160 4513 1238 4609; x_wconf 87' lang='lat' dir='ltr'><strong>jam</strong></span> <span class='ocrx_word' id='word_1_261' title='bbox 1263 4511 1388 4587; x_wconf 88' lang='lat' dir='ltr'><strong>vivens</strong></span> <span class='ocrx_word' id='word_1_262' title='bbox 1406 4511 1442 4585; x_wconf 91' lang='lat' dir='ltr'><strong>in</strong></span> <span class='ocrx_word' id='word_1_263' title='bbox 1463 4510 1571 4587; x_wconf 87' lang='lat' dir='ltr'><strong>terris</strong></span> 
     </span>
     <span class='ocr_line' id='line_1_31' title="bbox 397 4630 1571 4726; baseline -0.003 -19"><span class='ocrx_word' id='word_1_264' title='bbox 397 4638 677 4709; x_wconf 88' lang='lat' dir='ltr'><strong>consecraretur</strong></span> <span class='ocrx_word' id='word_1_265' title='bbox 693 4638 731 4707; x_wconf 91' lang='lat' dir='ltr'><strong>et</strong></span> <span class='ocrx_word' id='word_1_266' title='bbox 743 4632 847 4726; x_wconf 90' lang='lat' dir='ltr'><strong>quasi</strong></span> <span class='ocrx_word' id='word_1_267' title='bbox 861 4633 959 4706; x_wconf 87' lang='lat' dir='ltr'><strong>Deus</strong></span> <span class='ocrx_word' id='word_1_268' title='bbox 976 4634 1161 4707; x_wconf 87' lang='lat' dir='ltr'><strong>coleretur</strong></span> <span class='ocrx_word' id='word_1_269' title='bbox 1178 4632 1216 4705; x_wconf 94' lang='lat' dir='ltr'><strong>in</strong></span> <span class='ocrx_word' id='word_1_270' title='bbox 1236 4633 1385 4725; x_wconf 90' lang='lat' dir='ltr'><strong>mundo,</strong></span> <span class='ocrx_word' id='word_1_271' title='bbox 1399 4632 1482 4705; x_wconf 90' lang='lat' dir='ltr'><strong>licet</strong></span> <span class='ocrx_word' id='word_1_272' title='bbox 1495 4630 1571 4725; x_wconf 87' lang='lat' dir='ltr'><strong>ipsc</strong></span> 
     </span>
     <span class='ocr_line' id='line_1_32' title="bbox 399 4750 1569 4847; baseline -0.001 -20"><span class='ocrx_word' id='word_1_273' title='bbox 399 4771 589 4847; x_wconf 82' lang='lat' dir='ltr'><strong>nunquam</strong></span> <span class='ocrx_word' id='word_1_274' title='bbox 615 4751 774 4827; x_wconf 85' lang='lat' dir='ltr'><strong>voluerit</strong></span> <span class='ocrx_word' id='word_1_275' title='bbox 799 4752 922 4826; x_wconf 86' lang='lat' dir='ltr'><strong>vocari</strong></span> <span class='ocrx_word' id='word_1_276' title='bbox 948 4751 1136 4826; x_wconf 84' lang='lat' dir='ltr'><strong>Dominus.</strong></span> <span class='ocrx_word' id='word_1_277' title='bbox 1163 4751 1249 4825; x_wconf 90' lang='lat' dir='ltr'><strong>Ideo</strong></span> <span class='ocrx_word' id='word_1_278' title='bbox 1272 4751 1368 4827; x_wconf 88' lang='lat' dir='ltr'><strong>bene</strong></span> <span class='ocrx_word' id='word_1_279' title='bbox 1384 4750 1470 4825; x_wconf 91' lang='lat' dir='ltr'><strong>dicit</strong></span> <span class='ocrx_word' id='word_1_280' title='bbox 1486 4751 1569 4826; x_wconf 86' lang='lat' dir='ltr'><strong>Flo-</strong></span> 
     </span>
    </p>
   </div>
   <div class='ocr_carea' id='block_1_5' title="bbox 398 4870 1568 4969">
    <p class='ocr_par' dir='ltr' id='par_1_5' title="bbox 398 4870 1568 4969">
     <span class='ocr_line' id='line_1_33' title="bbox 398 4870 1568 4969; baseline -0.001 -22"><span class='ocrx_word' id='word_1_281' title='bbox 398 4895 481 4949; x_wconf 89' lang='lat' dir='ltr'><strong>rus:</strong></span> <span class='ocrx_word' id='word_1_282' title='bbox 495 4870 756 4969; x_wconf 82' lang='lat' dir='ltr'><strong>gratulandum</strong></span> <span class='ocrx_word' id='word_1_283' title='bbox 770 4878 837 4965; x_wconf 85' lang='lat' dir='ltr'><strong>est,</strong></span> <span class='ocrx_word' id='word_1_284' title='bbox 850 4871 950 4967; x_wconf 88' lang='lat' dir='ltr'><strong>quod</strong></span> <span class='ocrx_word' id='word_1_285' title='bbox 963 4872 1000 4945; x_wconf 95' lang='lat' dir='ltr'><strong>in</strong></span> <span class='ocrx_word' id='word_1_286' title='bbox 1012 4876 1113 4946; x_wconf 87' lang='lat' dir='ltr'><strong>tanta</strong></span> <span class='ocrx_word' id='word_1_287' title='bbox 1126 4870 1405 4967; x_wconf 86' lang='lat' dir='ltr'><strong>perturbatione</strong></span> <span class='ocrx_word' id='word_1_288' title='bbox 1421 4892 1568 4946; x_wconf 90' lang='lat' dir='ltr'><strong>summa</strong></span> 
     </span>
    </p>
   </div>
   <div class='ocr_carea' id='block_1_6' title="bbox 460 5130 1536 5286">
    <p class='ocr_par' dir='ltr' id='par_1_6' title="bbox 460 5130 1536 5286">
     <span class='ocr_line' id='line_1_34' title="bbox 460 5130 1536 5198; baseline -0.001 -13"><span class='ocrx_word' id='word_1_289' title='bbox 460 5134 488 5198; x_wconf 81' lang='lat'><strong>(¹)</strong></span> <span class='ocrx_word' id='word_1_290' title='bbox 503 5134 533 5187; x_wconf 82' lang='lat' dir='ltr'><strong>B.</strong></span> <span class='ocrx_word' id='word_1_291' title='bbox 548 5133 597 5185; x_wconf 75' lang='lat' dir='ltr'><strong>atii</strong></span> <span class='ocrx_word' id='word_1_292' title='bbox 612 5133 711 5197; x_wconf 63' lang='lat' dir='ltr'><strong>ungui·</strong></span> <span class='ocrx_word' id='word_1_293' title='bbox 727 5146 787 5197; x_wconf 70' lang='lat' dir='ltr'><strong>qno</strong></span> <span class='ocrx_word' id='word_1_294' title='bbox 802 5134 946 5184; x_wconf 75' lang='lat' dir='ltr'><strong>habuerant</strong></span> <span class='ocrx_word' id='word_1_295' title='bbox 961 5132 995 5185; x_wconf 83' lang='lat' dir='ltr'><strong>do</strong></span> <span class='ocrx_word' id='word_1_296' title='bbox 1009 5130 1101 5185; x_wconf 69' lang='lat' dir='ltr'><strong>Cimo</strong></span> <span class='ocrx_word' id='word_1_297' title='bbox 1116 5146 1195 5186; x_wconf 79' lang='lat' dir='ltr'><strong>avaro</strong></span> <span class='ocrx_word' id='word_1_298' title='bbox 1210 5140 1303 5185; x_wconf 79' lang='lat' dir='ltr'><strong>necato</strong></span> <span class='ocrx_word' id='word_1_299' title='bbox 1319 5138 1346 5184; x_wconf 84' lang='lat' dir='ltr'><strong>et</strong></span> <span class='ocrx_word' id='word_1_300' title='bbox 1362 5133 1394 5185; x_wconf 85' lang='lat' dir='ltr'><strong>de</strong></span> <span class='ocrx_word' id='word_1_301' title='bbox 1410 5132 1536 5187; x_wconf 80' lang='lat' dir='ltr'><strong>Antonio.</strong></span> 
     </span>
     <span class='ocr_line' id='line_1_35' title="bbox 530 5240 1436 5286; baseline -0.001 -2"><span class='ocrx_word' id='word_1_302' title='bbox 530 5240 569 5286; x_wconf 81' lang='lat' dir='ltr'><strong>tv.</strong></span> <span class='ocrx_word' id='word_1_303' title='bbox 1408 5242 1436 5284; x_wconf 83' lang='lat' dir='ltr'><strong>aa</strong></span> 
     </span>
    </p>
   </div>
   <div class='ocr_carea' id='block_1_7' title="bbox 0 0 2292 6841">
    <p class='ocr_par' dir='ltr' id='par_1_7' title="bbox 0 0 2292 6841">
     <span class='ocr_line' id='line_1_36' title="bbox 0 0 2292 6841; baseline 0 0"><span class='ocrx_word' id='word_1_304' title='bbox 0 0 2292 6841; x_wconf 95' lang='lat' dir='ltr'><strong> </strong></span> 
     </span>
    </p>
   </div>
  </div>
 </body>
</html>
