4575 6842
716 922 787 989 254
1075 926 1280 981 coucuruu
1304 922 1524 979 ruuuuronu

714 1082 822 1173 poeta
848 1074 936 1150 vidit
961 1074 1019 1149 hic
1044 1072 1082 1147 iu
1107 1071 1240 1169 figura,
1258 1075 1383 1167 postea
1408 1086 1499 1143 vero
1516 1063 1691 1141 indicina
1708 1062 1885 1157 esseutia3

713 1196 795 1271 ideo
821 1195 929 1271 dicit:
957 1196 1016 1268 cicc
1038 1197 1080 1289 sa
1103 1196 1154 1285 pli
1177 1194 1295 1283 unpeli
1323 1192 1443 1283 plicui
1475 1190 1533 1262 dcl
1559 1207 1624 1259 suo
1648 1206 1770 1279 pomo,
1798 1183 1887 1279 quia

714 1322 915 1411 pascuntur
946 1314 1070 1389 lructu
1100 1310 1343 1403 beatitudiuis,
1381 1331 1401 1381 c
1425 1314 1591 1401 perpetue
1619 1328 1732 1379 nozzc
1758 1310 1801 1401 [a
1832 1307 1889 1379 nel

715 1438 820 1531 ciclo,·
847 1435 932 1529 quia
959 1441 1161 1509 vescuntur
1186 1429 1407 1505 aeternaliter
1430 1427 1563 1502 talibus
1588 1425 1705 1521 epulis
1730 1425 1768 1499 in
1792 1424 1887 1499 coelo

717 1577 792 1630 uon
816 1553 1012 1650 aliquando
1037 1554 1130 1627 sicut
1156 1553 1193 1625 in
1218 1557 1318 1625 terra
1343 1554 1587 1646 gustaverunt
1617 1547 1655 1621 in
1680 1552 1817 1621 monte.
1844 1546 1889 1621 ut

717 1674 818 1750 dicit:
845 1696 864 1747 e
889 1677 985 1766 mit,
1010 1694 1033 1747 a
1058 1672 1178 1746 subito
1204 1670 1408 1766 splendore,
1433 1668 1528 1743 sicut
1553 1689 1651 1742 nunc
1676 1674 1796 1764 poeta,
1814 1673 1890 1741 tor-

718 1814 811 1867 naco
843 1797 916 1867 alla
940 1795 1088 1887 parole,
1113 1790 1249 1866 scilicet
1274 1788 1416 1882 Christi,
1443 1788 1505 1883 qui
1532 1787 1620 1861 dixit
1646 1786 1709 1881 eis,
1735 1787 1887 1884 surgite,

719 1914 813 1988 sicut
829 1919 866 1987 et
883 1934 982 1988 nunc
999 1912 1175 1988 Mathildis
1192 1911 1282 1985 dixit
1301 1916 1438 2007 poetae:
1463 1928 1587 2005 surge.
1606 1908 1650 1981 Et
1670 1906 1771 1981 dicit:
1792 1911 1895 1983 dudo

720 2036 805 2126 puel
824 2037 935 2128 soron
959 2036 1043 2107 cotti
1067 2036 1232 2124 mappior
1260 2034 1376 2123 sonui,
1405 2029 1552 2123 scilieet,
1583 2034 1794 2103 sanctorum
1825 2050 1913 2129 pa-⁴

720 2162 833 2247 trum,
862 2173 956 2248 quos
994 2152 1189 2248 aliquando
1227 2150 1399 2225 excitavit
1437 2150 1558 2244 Deus,
1593 2148 1652 2223 vel
1684 2148 1758 2243 die,
1793 2148 1892 2243 quod

720 2272 840 2347 maior
863 2292 1027 2368 somuuS,
1052 2272 1188 2347 scilicet
1213 2270 1353 2365 mortis,
1384 2268 1580 2363 aliquando
1610 2268 1678 2341 luit
1703 2268 1821 2346 victus
1845 2267 1892 2344 ad

721 2394 879 2468 verbum
905 2393 1048 2467 Domini
1074 2392 1169 2468 sicut
1194 2391 1230 2465 in
1255 2393 1394 2465 Lazaro
1419 2397 1457 2463 et
1486 2388 1707 2484 quibusdam
1732 2389 1822 2463 aliis.
1849 2390 1893 2465 ut

721 2511 825 2588 dicit:
862 2515 1031 2586 edidero
1064 2520 1218 2585 scemata
1251 2515 1330 2585 toro
1368 2513 1502 2601 scoolu,
1535 2509 1638 2603 idest,
1667 2508 1893 2604 societatem,

723 2624 794 2705 cosi
819 2635 857 2707 dt
881 2625 1110 2705 manicone
1135 2634 1275 2725 d’uticn
1301 2629 1504 2704 adduxerat
1528 2628 1626 2704 euim
1652 2629 1815 2704 Christus
1841 2630 1895 2705 le-

723 2754 935 2851 gislatorem
961 2754 1121 2849 Moysem
1156 2758 1193 2827 et
1221 2751 1285 2826 Dei
1318 2750 1517 2825 zelatorem
1552 2751 1699 2847 Elyam:
1725 2750 1896 2826 dominus

724 2873 894 2947 vivorum
920 2872 957 2945 in
983 2873 1084 2969 Elya,
1109 2879 1147 2946 et
1172 2878 1409 2946 mortuorum
1441 2869 1477 2944 iu
1507 2870 1649 2967 Moyse,
1675 2877 1708 2944 et
1737 2874 1777 2943 ul
1800 2892 1897 2945 ucoc-

723 2999 797 3067 stro
822 3014 899 3084 suo,
925 2992 1072 3086 scilicet,
1089 2992 1244 3085 Christo,
1262 2998 1394 3064 mutato
1419 2994 1522 3083 stola,
1549 2990 1651 3085 idest,
1670 2998 1789 3086 veste3
1808 3013 1893 3067 nam

724 3112 761 3186 in
781 3111 842 3186 illa
860 3110 1180 3207 transfiguratione
1198 3110 1474 3205 resplenduerat
1491 3110 1601 3185 iacies
1618 3110 1697 3185 eius
1714 3112 1809 3186 sicut
1826 3112 1892 3208 sol,

726 3239 762 3307 et
787 3233 1004 3308 vestimenta
1029 3232 1108 3307 eius
1133 3232 1227 3306 lacta
1252 3239 1359 3306 erant
1383 3231 1477 3305 sieut
1502 3231 1577 3325 nix,
1595 3252 1668 3306 non
1693 3238 1818 3307 tamen
1835 3254 1896 3309 as·

726 3372 876 3427 sumens
902 3372 1037 3427 novam
1064 3351 1194 3427 faciem
1220 3353 1279 3426 vel
1305 3351 1475 3450 liguram,
1496 3352 1560 3426 sed
1582 3352 1720 3427 candor
1744 3353 1804 3428 ille
1830 3374 1896 3428 ve·

726 3472 837 3546 stium
862 3472 1083 3567 procedebat
1113 3493 1136 3547 a
1169 3472 1328 3548 candore
1359 3472 1474 3566 faciei,
1502 3477 1543 3545 ut
1576 3472 1627 3547 ait
1658 3473 1896 3569 Augustinus,

726 3598 852 3688 postea
869 3600 995 3667 autem
1015 3600 1206 3667 canuerat.
1218 3598 1309 3666 -Ε
1325 3595 1405 3666 vadi.
1424 3593 1489 3667 llic
1507 3599 1615 3689 poeta
1632 3594 1787 3668 ostendit
1805 3616 1900 3689 qua-

728 3711 810 3787 liter
836 3732 1009 3787 reversus
1032 3733 1055 3787 a
1081 3733 1121 3787 se
1147 3712 1278 3787 viderit
1307 3712 1499 3787 ecclesiam
1531 3720 1786 3788 remanentem
1820 3723 1901 3811 post

728 3830 929 3907 discessum
954 3831 1084 3906 Christi
1110 3838 1147 3907 et
1173 3832 1368 3927 exercitus
1393 3832 1537 3907 dicens:
1554 3838 1587 3907 Ε
1606 3836 1678 3907 otili
1697 3837 1811 3927 quella
1824 3838 1902 3928 pio,

729 3949 876 4046 scilicet,
903 3951 1112 4046 llathildim,
1143 3972 1228 4046 qua
1261 3951 1320 4046 pie
1352 3972 1414 4026 me
1444 3957 1634 4048 receperat
1659 3973 1726 4047 per
1760 3956 1901 4051 sylvam

731 4076 939 4164 errantem3
967 4070 1065 4145 unde
1096 4070 1199 4146 dicit:
1234 4074 1294 4144 cte
1321 4076 1363 4167 sc
1388 4075 1617 4147 conducita'cc
1637 4077 1723 4165 pria
1752 4077 1805 4147 dc'
1822 4078 1902 4149 mici

727 4194 830 4284 possi
854 4193 960 4283 leupo
985 4192 1013 4263 il
1031 4194 1148 4283 fictam,
1170 4190 1316 4286 scilicet,
1338 4192 1577 4288 Lethaeum,c
1600 4201 1683 4267 tutto
1703 4196 1899 4290 indebito,

732 4309 820 4405 quia
845 4331 918 4385 uon
944 4310 1114 4384 videbam
1140 4310 1358 4405 Beatrieem,
1376 4314 1480 4386 dissi:
1501 4309 1583 4387 oo'e‘
1597 4318 1782 4388 Beatricc?
1798 4314 1904 4409 quasi

733 4429 860 4504 volens
884 4430 1027 4504 dicere:
1055 4430 1205 4505 recessit
1230 4430 1306 4527 ipsa
1333 4431 1426 4506 sorte
1443 4432 1480 4506 iu
1497 4434 1634 4507 coelum
1651 4454 1739 4507 cum
1758 4434 1850 4528 aliis,
1867 4441 1905 4509 et

733 4570 806 4625 nou
831 4548 936 4624 duxit
966 4570 1027 4625 me
1052 4554 1206 4625 secum?
1232 4557 1269 4626 et
1299 4557 1423 4628 tamen
1455 4573 1529 4627 uon
1554 4559 1699 4649 poterat
1723 4554 1793 4629 hoc
1823 4576 1907 4631 cre-

733 4667 833 4776 dere,
859 4669 947 4765 quia
973 4670 1104 4746 totiens
1129 4671 1250 4745 luerat
1275 4671 1342 4746 sibi
1367 4672 1590 4767 promissum
1616 4680 1654 4749 et
1670 4673 1907 4770 praedictum;

735 4787 817 4864 ideo
833 4789 1031 4866 benedicit
1055 4795 1092 4865 in
1117 4792 1252 4865 dutum.
1271 4792 1315 4866 Et
1332 4793 1453 4867 subdit
1473 4794 1748 4890 responsionem
1765 4796 1907 4871 Mathil-

733 4908 799 5003 dis,
830 4909 975 4986 diceus:
1006 4914 1088 4987 ond’
1100 4914 1181 5006 etia,
1214 4912 1362 5007 scilicet,
1396 4913 1583 5009 ldatlrildis,
1618 4914 1757 5010 supple,
1791 4914 1906 4991 dixit:

735 5032 813 5105 aedi
837 5033 881 5106 lei
903 5039 992 5107 sotto
1017 5035 1054 5106 lu
1075 5034 1224 5129 fronde,
1242 5054 1354 5128 quam
1381 5032 1427 5109 de
1451 5054 1548 5110 noro
1568 5035 1794 5131 produxerat
1810 5035 1907 5115 uicta
