4575 6842
853 994 993 1053 murus
1017 994 1163 1050 sarnus.
1248 1072 1250 1077 ,
1521 980 1592 1048 tto

418 1136 467 1213 ab
492 1137 657 1213 hostibus
681 1139 842 1214 enatavit
862 1160 929 1235 per
945 1141 1122 1215 ducentos
1138 1158 1267 1233 passus
1284 1138 1330 1213 ad
1349 1138 1591 1234 propinquam

418 1258 542 1334 navim
560 1260 710 1354 pallium
729 1281 841 1334 suum
855 1280 943 1335 oum
960 1260 1131 1335 dentibus
1150 1260 1310 1353 trahens,
1324 1266 1362 1333 et
1379 1280 1491 1334 manu
1508 1258 1594 1331 sini-

418 1384 495 1454 stra
508 1379 652 1455 elevata
670 1400 718 1455 ne
733 1380 850 1455 literae
866 1400 960 1475 quas
977 1378 1136 1453 babebat
1155 1378 1432 1453 balnearentur:
1452 1386 1490 1453 et
1506 1398 1592 1453 oum

419 1496 585 1575 rediisset
597 1501 643 1575 ad
657 1520 745 1574 suos
762 1520 848 1575 cum
866 1500 971 1575 solita
990 1500 1180 1575 eeleritate
1200 1506 1238 1573 et
1258 1498 1426 1574 felicitate
1439 1498 1593 1573 classem

419 1620 518 1717 regis
542 1620 719 1715 oppressit
743 1627 781 1695 et
806 1621 912 1716 oepit,
938 1627 977 1696 et
1001 1626 1120 1695 castra
1153 1618 1313 1694 bostium
1345 1618 1476 1692 invasit
1506 1638 1592 1693 oum

419 1762 554 1838 magna
580 1748 704 1837 strage
729 1762 871 1817 eorum.
890 1743 969 1817 Rex
987 1742 1131 1840 lugiens
1157 1740 1305 1815 intravit
1326 1760 1438 1814 unam
1458 1738 1593 1831 navim,

419 1885 494 1959 qua
519 1864 689 1939 demersa
716 1863 948 1942 multitudine
972 1862 1193 1961 fugientium
1219 1861 1282 1956 qui
1308 1859 1472 1935 similiter
1491 1859 1594 1933 vole-

276 2034 279 2043 ·
420 1986 508 2060 bant
532 1984 702 2078 evadere,
722 1984 923 2060 suffocatus
949 1990 1005 2059 est
1029 1984 1067 2057 in
1092 2003 1202 2077 aqua.
1230 1980 1368 2056 Deinde
1385 1980 1508 2055 Caesar
1533 1999 1594 2054 re-

418 2110 547 2201 ceptus
579 2105 616 2178 in
648 2104 905 2179 Alexandriam
942 2103 1096 2179 reddidit
1132 2122 1290 2200 regnum
1322 2100 1524 2195 Cleopatra
1555 2098 1592 2172 in

418 2344 570 2419 nianus:
596 2347 663 2418 Poi
689 2340 750 2419 oo
774 2350 961 2437 Durazzo,
978 2343 1116 2419 scilieet
1135 2342 1257 2417 caesar
1278 2340 1458 2416 conuertit
1484 2360 1594 2415 erer-

418 2464 550 2558 citum,
583 2486 603 2537 e
630 2486 793 2557 pernosse
816 2467 1027 2556 Farsauliu,
1062 2463 1168 2557 idest,
1202 2462 1442 2556 Thessaliam,
1477 2480 1591 2556 quam

420 2586 574 2659 rubeam
589 2584 673 2660 iecit
686 2584 867 2682 sanguine
883 2577 1030 2678 civili,si
1046 2587 1106 2657 cte
1122 2586 1163 2657 al
1174 2587 1234 2657 Nil
1248 2586 1364 2675 coldo,
1380 2582 1472 2656 idest
1480 2582 1594 2678 AEgy-

417 2710 502 2800 ptus
514 2725 582 2800 per
598 2724 711 2798 quem
730 2704 990 2799 labiturNilus,
1004 2724 1090 2797 quae
1102 2712 1157 2778 est
1170 2703 1285 2779 calida
1305 2702 1406 2799 regio
1425 2710 1591 2777 extrema

417 2824 522 2919 Asiae,
548 2824 776 2899 contermina
808 2824 950 2919 Africae,
981 2828 1015 2897 si
1040 2816 1127 2897 senti
1159 2828 1217 2899 del
1245 2827 1363 2915 duolo,
1392 2822 1495 2915 idest,
1524 2822 1591 2896 do-

416 2944 506 3020 lore.
532 2945 577 3018 llt
601 2943 723 3018 subdit
748 2944 935 3037 quomodo
959 2944 1081 3019 Caesar
1105 2951 1323 3039 persecutus
1347 2940 1589 3037 Pompeium3

416 3072 455 3141 et
479 3066 559 3139 vult
583 3066 706 3140 dicere
730 3086 807 3139 uno
833 3064 946 3139 verbo
972 3064 1071 3158 quod
1088 3064 1211 3139 Caesar
1232 3062 1396 3137 transivit
1413 3062 1448 3136 in
1467 3062 1589 3136 Asiam

415 3187 462 3262 ad
487 3187 773 3282 Hellespontum,
800 3185 863 3259 ubi
892 3185 980 3261 olim
1010 3185 1146 3260 Xerses
1177 3184 1342 3259 transivit
1372 3203 1419 3258 er
1443 3182 1527 3257 Asia
1553 3183 1589 3255 in

416 3305 607 3381 Graeciam.
642 3306 733 3381 llicit
764 3325 875 3401 ergo:
910 3311 949 3379 et
984 3304 1074 3378 illud
1107 3303 1254 3400 signum
1286 3301 1436 3397 aquilae,
1464 3304 1590 3391 mvtde,

415 3426 519 3521 idest,
536 3427 672 3501 iterum
691 3426 790 3521 vidit,
804 3427 1003 3518 Aulorrdro,
1023 3424 1139 3499 insula
1158 3431 1213 3499 est
1224 3424 1353 3518 Troiae,
1368 3444 1386 3495 e
1403 3426 1589 3496 Simoenta.

414 3547 546 3624 Simois
575 3553 631 3623 est
660 3547 796 3621 llurius
825 3546 1002 3639 troianos,
1028 3566 1095 3640 per
1124 3566 1208 3640 quae
1239 3545 1318 3619 loea
1349 3543 1411 3618 dat
1442 3541 1591 3639 intelligi

415 3670 576 3765 Troiam,
593 3671 685 3743 oudo
708 3670 740 3741 si
764 3688 889 3756 mosse,
907 3666 956 3741 ab
972 3665 1074 3739 initio
1091 3665 1240 3759 quando
1257 3664 1357 3739 venit
1376 3684 1461 3739 cum
1480 3664 1590 3756 Enea,

415 3800 460 3868 ut
484 3797 624 3866 tactum
656 3795 712 3863 est
736 3788 774 3861 in
803 3786 979 3882 principio
1011 3785 1169 3880 capituli,
1204 3775 1288 3861 old
1320 3787 1399 3859 dou
1409 3790 1529 3858 littore
1560 3786 1592 3856 si

414 3914 524 3989 moa:
549 3911 619 3986 boc
643 3909 729 3984 dicit
752 3914 924 3983 notanter
945 3906 1032 4001 quia
1049 3905 1172 3980 Cesar
1193 3904 1350 3979 visitavit
1370 3910 1408 3979 et
1431 3904 1592 3978 bonora-

415 4033 467 4108 vit
491 4033 703 4128 sepulcrum
728 4027 909 4121 Hectoris3
926 4032 964 4101 et
988 4026 1090 4101 dicit:
1117 4046 1136 4097 e
1157 4026 1328 4117 posoiasi
1349 4025 1509 4113 risoosse,
1532 4041 1591 4096 se-

415 4155 542 4248 movit,
568 4154 643 4226 mal
661 4172 729 4245 per
751 4152 923 4241 Tolomeo,
953 4146 1050 4221 malo
1065 4139 1103 4238 (¹)
1121 4152 1158 4219 et
1177 4145 1313 4219 damno
1334 4142 1591 4218 Ptolomai-

416 4280 476 4349 Du
500 4278 601 4347 node.
628 4274 694 4347 llic
719 4270 945 4345 Justiniaous
969 4272 1067 4343 tacto
1092 4287 1229 4363 magno
1253 4265 1348 4341 bello
1367 4263 1474 4357 civili,
1492 4262 1590 4356 quod

416 4392 540 4468 Caesar
559 4392 673 4489 gessit
688 4412 775 4466 cum
793 4389 979 4485 Pompeio,
998 4408 1097 4461 nunc
1114 4386 1231 4483 tangit
1249 4384 1410 4459 breviter
1428 4382 1498 4457 alia
1515 4382 1590 4455 duo

413 4513 509 4588 bella
541 4512 658 4586 civilia
692 4530 776 4604 quae
807 4509 919 4605 gessit
948 4529 1035 4583 oum
1069 4505 1310 4601 Pompeianis.
1343 4504 1396 4578 lld
1428 4502 1589 4597 quorum

415 4631 662 4729 cognitionem
688 4635 742 4704 est
768 4627 970 4722 sciendum,
991 4626 1090 4721 quod
1108 4626 1231 4701 Cesar
1253 4624 1426 4699 recedens
1443 4642 1490 4697 ex
1508 4620 1590 4697 Asia

415 4752 452 4826 in
479 4752 600 4827 medio
619 4754 877 4845 tempestatum
899 4768 966 4842 per
983 4748 1154 4843 hyemem
1173 4743 1395 4841 pervenitin
1413 4742 1591 4836 Siciliam3

415 4879 453 4947 et
478 4871 649 4967 quamvis
673 4875 770 4945 esset
796 4866 1025 4943 necessarius
1044 4866 1166 4959 ltaliae,
1185 4871 1309 4941 tamen
1336 4862 1490 4939 audiens
1510 4882 1591 4938 ma-

478 5134 507 5200 (¹)
523 5137 555 5187 Il.
571 5136 637 5186 ldaat
652 5134 722 5185 malo
737 5139 774 5183 el.
