4575 6842
693 949 740 1016 tt
1049 958 1255 1013 counuruu
1278 959 1503 1014 runerronrr

691 1105 795 1180 bene.
821 1105 970 1178 Poterat
994 1103 1092 1178 enim
1119 1103 1242 1179 dicere
1267 1104 1326 1179 bic
1350 1104 1472 1197 aliqua
1498 1103 1651 1178 mulier:
1678 1123 1752 1176 non
1773 1123 1862 1176 sum

689 1225 813 1319 llaria,
839 1235 923 1319 quae
950 1224 1086 1319 repleta
1112 1230 1168 1298 est
1200 1224 1329 1319 spiritu
1359 1231 1496 1317 sancto,
1528 1223 1642 1297 immo
1677 1243 1759 1296 sum
1793 1223 1862 1296 [ω-

691 1345 790 1420 mina
816 1345 963 1442 fragilis,
982 1365 1066 1438 quae
1083 1345 1202 1419 babeo
1218 1344 1401 1438 appetitus
1417 1343 1658 1438 inordinatos3
1675 1342 1758 1418 ideo
1775 1362 1863 1417 ecce

691 1467 902 1560 exemplum
930 1486 1003 1538 non
1029 1465 1138 1538 unius
1168 1463 1233 1538 sed
1262 1464 1465 1537 multarum
1494 1483 1736 1559 paganarum.
1768 1463 1860 1536 Nam

692 1577 907 1677 romanae(¹)
932 1583 1031 1678 olim,
1058 1590 1099 1657 ut
1132 1588 1187 1658 est
1219 1583 1317 1679 apud
1351 1583 1551 1676 Valerium,
1581 1604 1655 1657 non
1689 1581 1864 1657 bibebant

693 1705 820 1778 vinum
840 1725 886 1779 ne
911 1705 947 1778 in
972 1704 1107 1798 aliquid
1125 1704 1285 1778 dedecus
1301 1703 1592 1798 prolaberentur.
1613 1704 1713 1779 Unde
1735 1711 1862 1778 narrat

692 1827 769 1923 ipse
794 1827 959 1902 Valerius
983 1826 1029 1900 de
1058 1825 1236 1919 Romano,
1266 1825 1330 1918 qui
1359 1826 1533 1900 mactavit
1564 1846 1720 1901 uxorem
1750 1825 1859 1918 iuste,

694 1969 805 2042 quam
834 1945 981 2041 reperiit
1005 1946 1137 2020 bibisse
1162 1944 1290 2019 vinum
1325 1945 1463 2018 furtim.
1488 1945 1582 2020 Nam
1607 1945 1655 2019 ab
1684 1945 1862 2020 ebrietate

691 2069 739 2143 ad
764 2067 946 2142 libidinem
965 2065 1115 2140 faciliter
1130 2057 1168 2158 (²)
1186 2065 1225 2138 tit
1244 2065 1430 2159 transitus,
1452 2066 1614 2140 maxime
1631 2066 1667 2138 in
1686 2066 1857 2159 muliere;

692 2209 778 2263 nam
805 2189 1030 2282 quicumque
1056 2187 1182 2260 vinum
1208 2185 1345 2281 appetit
1369 2187 1462 2260 vitiis
1474 2187 1628 2282 januam
1646 2188 1782 2282 aperit3
1804 2193 1862 2262 ta·

693 2329 778 2384 men
805 2306 945 2382 romani
973 2306 1231 2402 permittebant
1256 2306 1308 2381 eis
1333 2305 1484 2382 licenter
1512 2307 1655 2382 cultum
1683 2327 1857 2400 personae.

690 2429 734 2500 lit
760 2435 885 2501 tamen
916 2427 1054 2502 Seneca
1083 2427 1161 2522 jam
1194 2434 1361 2521 tempore
1389 2446 1458 2499 suo
1489 2425 1729 2520 conqueritur
1763 2427 1861 2520 quod

693 2549 868 2622 mulieres
894 2569 967 2620 uon
993 2546 1115 2619 minus
1140 2553 1267 2640 potant
1291 2567 1404 2640 quam
1431 2546 1511 2640 viri,
1536 2537 1624 2638 old)
1652 2545 1750 2620 viros
1776 2546 1861 2621 rino

694 2672 914 2762 provocant3
932 2671 969 2740 et
988 2665 1188 2759 dicitquod
1214 2665 1300 2739 olim
1328 2687 1402 2740 nou
1423 2665 1654 2759 patiebantur
1673 2664 1859 2739 calvitium

693 2807 815 2881 neque
840 2787 1042 2882 podagram
1065 2785 1159 2860 sicut
1185 2806 1293 2859 nunc.
1311 2785 1405 2859 llicit
1427 2805 1518 2880 ergo
1543 2784 1775 2879 poetaquod
1799 2786 1858 2861 illa

693 2909 822 2984 cadem
849 2929 921 2982 vox
947 2907 1097 2981 veniens
1121 2906 1171 2980 ab
1194 2905 1328 2981 arbore
1354 2906 1461 2980 dixit:
1486 2909 1573 2979 Ele
1597 2927 1745 2979 rotrone
1768 2910 1861 2979 aad·

691 3049 756 3122 que
777 3033 886 3122 soron
911 3034 1064 3100 conante
1089 3029 1227 3117 d'oqua
1249 3047 1316 3119 per
1340 3029 1397 3099 lor
1421 3028 1522 3117 bera·
1549 3024 1687 3099 utinam
1709 3031 1861 3100 conten-

692 3155 861 3224 tarentur
887 3147 993 3222 bodie
1019 3168 1094 3220 uno
1120 3153 1158 3220 et
1187 3146 1339 3240 simplici
1371 3146 1576 3219 rino-E
1597 3149 1770 3218 Donietlo.
1796 3146 1861 3219 llic

692 3276 799 3365 pocta
824 3267 970 3342 adducit
994 3267 1093 3341 aliud
1119 3266 1329 3361 exemplum
1351 3266 1556 3341 sobrietatis
1580 3267 1617 3339 iu
1636 3267 1776 3362 iuvene
1795 3267 1862 3341 be-

691 3389 803 3463 broeo.
822 3388 873 3461 Ad
893 3387 990 3482 quod
1008 3393 1063 3462 est
1080 3387 1280 3479 sciendum,
1299 3386 1397 3480 qnod
1415 3387 1509 3460 sicut
1530 3387 1685 3461 babetur
1703 3387 1860 3462 Danielis

691 3509 812 3604 primo
832 3508 991 3604 capitulo
1016 3515 1052 3581 et
1079 3527 1122 3582 ex
1151 3508 1318 3602 losepbo‚
1335 3506 1669 3581 Nabuchodonosor
1691 3529 1757 3582 rer
1777 3529 1858 3583 ma-

692 3649 775 3726 gnae
799 3627 991 3725 Babylonis
1020 3637 1124 3723 capta
1154 3628 1358 3703 Jerusalem
1391 3625 1543 3701 adduxit
1573 3648 1700 3701 secum
1734 3649 1858 3725 regem

693 3750 855 3825 loacbim
882 3757 919 3824 et
943 3748 1080 3823 nobiles
1106 3769 1241 3843 pueros
1265 3768 1351 3822 curn
1379 3748 1552 3821 thesauro
1578 3769 1732 3844 magno:
1756 3748 1861 3826 etde

693 3870 865 3944 mandato
886 3869 965 3944 cius
982 3875 1143 3964 quatuor
1170 3868 1285 3963 pueri,
1302 3888 1463 3960 quorum
1484 3867 1689 3962 principalis
1705 3868 1772 3944 luit
1788 3871 1861 3944 lla·

692 3990 777 4082 niel,
804 3989 919 4084 pulcri
945 3989 1061 4063 iorma
1088 3994 1125 4062 et
1149 3987 1283 4062 dociles
1307 3987 1453 4082 ingenio
1478 3987 1584 4062 electi
1609 3995 1695 4062 sunt
1725 3997 1766 4063 ut
1795 4010 1862 4065 re-

692 4115 884 4184 scerentur
909 4108 997 4182 cibis
1024 4108 1208 4204 regalibus
1233 4113 1270 4182 et
1295 4107 1532 4181 erudirentur
1556 4107 1741 4203 disciplina
1759 4109 1861 4185 cbal·

691 4231 869 4305 daeorum.
896 4229 1021 4304 Daniel
1047 4234 1172 4302 autem
1205 4228 1392 4323 proposuit
1406 4216 1442 4320 (⁴)
1475 4226 1512 4300 in
1543 4227 1655 4303 corde
1686 4250 1754 4303 suo
1786 4251 1860 4305 non

693 4351 856 4446 polluere
881 4354 1046 4424 ventrem
1079 4370 1188 4422 suurn
1222 4348 1304 4422 cibo
1334 4348 1391 4422 vel
1421 4347 1506 4422 vino
1539 4369 1675 4423 mensae
1705 4350 1857 4446 regalis:

690 4469 772 4545 ideo
786 4469 993 4564 impetrarit
1006 4489 1027 4542 a
1042 4468 1193 4542 custode
1205 4489 1273 4542 suo
1287 4467 1473 4564 legumina
1488 4489 1556 4563 pro
1570 4469 1664 4562 cibo,
1674 4475 1711 4544 et
1723 4490 1857 4564 aquam

690 4611 758 4685 pro
783 4595 889 4684 potu3
916 4596 953 4662 et
978 4588 1094 4662 iactus
1120 4593 1174 4662 est
1200 4587 1360 4682 pulcrior
1378 4594 1419 4660 ut
1436 4587 1653 4683 promiserat
1674 4589 1734 4663 illi.
1752 4588 1859 4664 Simi-

690 4710 773 4785 liter
798 4716 835 4783 et
860 4708 944 4784 socii
971 4709 1028 4782 sui
1054 4707 1189 4802 quibus
1204 4699 1241 4800 (⁶)
1266 4708 1366 4782 Deus
1391 4707 1488 4782 dedit
1513 4707 1699 4782 scientiam
1728 4715 1765 4783 et
1794 4709 1860 4783 do·

753 4932 780 4993 (¹)
797 4930 827 4980 F..
845 4942 958 4980 romanu
973 4928 1096 4980 moderes
1111 4927 1184 4979 olim.
1278 4928 1306 4989 (¹)
1322 4928 1353 4978 n
1370 4927 1453 4978 lucilla
1463 4932 1503 4978 est
1513 4929 1645 4989 transitus,
1663 4931 1793 4997 precipue
1808 4933 1844 4981 ln.

754 5006 781 5068 [ἢ
798 5007 828 5056 n.
845 5011 876 5076 ct·
887 5006 956 5069 quod
974 5006 1049 5055 rlros.
1279 5002 1307 5066 (¹)
1323 5003 1354 5053 n
1369 5011 1548 5067 proposuerat.

755 5082 781 5145 ς’)
798 5083 829 5132 Ε.
845 5082 938 5145 quibus
954 5082 1116 5145 omnipotens
1132 5081 1210 5131 licus.
