4575 6842
709 948 781 1015 tto
1099 954 1303 1011 contundunt
1328 956 1495 1009 rnunorsr

707 1103 859 1193 honore,
885 1101 932 1175 de
957 1107 1063 1174 nocte
1088 1100 1261 1174 omuibus
1286 1098 1409 1194 sopitis
1426 1100 1560 1173 ardeus
1577 1120 1707 1174 amore
1734 1100 1880 1176 intravit

706 1222 754 1297 ad
771 1221 980 1295 Lucretiam
1005 1220 1250 1295 dormientem
1278 1241 1365 1296 cum
1386 1220 1507 1316 gladio
1531 1219 1567 1291 io
1594 1238 1727 1313 manu,
1745 1227 1782 1294 et
1798 1221 1882 1295 bre-

650 1360 654 1368 ·
706 1344 802 1419 riter
826 1363 913 1417 cum
941 1362 1013 1415 nou
1040 1348 1161 1436 posset
1188 1342 1308 1415 verbis
1334 1360 1549 1436 expugnare
1567 1340 1775 1435 pudicitiam
1797 1362 1881 1413 mu-

708 1464 815 1556 lieris,
831 1462 990 1537 minatus
1007 1467 1063 1535 est
1079 1480 1120 1535 se
1130 1462 1344 1556 jugulatum
1363 1482 1514 1535 servum
1538 1461 1677 1536 nudum
1699 1480 1785 1535 cum
1805 1461 1880 1555 ipsa

703 1585 873 1681 jugulata
886 1574 924 1675 (¹)
949 1601 1099 1676 ponere,
1123 1587 1163 1655 ut
1190 1580 1226 1653 iu
1254 1582 1351 1675 turpi
1376 1580 1556 1655 adulterio
1583 1587 1712 1655 necata
1738 1581 1880 1655 dicere-

596 1745 600 1751 ·
707 1712 790 1798 tur3
815 1724 890 1798 quo
909 1704 1042 1777 timore
1064 1694 1268 1793 obtinuit(²)
1288 1702 1387 1796 quod
1405 1703 1563 1795 optabat.
1582 1702 1750 1778 Lucretia
1770 1703 1880 1777 tristis

707 1826 828 1901 statim
848 1846 913 1919 per
931 1823 1099 1897 nuntium
1126 1823 1264 1896 vocatis
1289 1828 1405 1917 patre,
1425 1822 1568 1917 marito,
1587 1823 1701 1896 Bruto
1718 1830 1754 1898 et
1771 1823 1878 1899 Vale·

710 1947 776 2040 rio,
789 1946 878 2019 duit
891 1944 1053 2020 breviter
1069 1943 1168 2037 quod
1182 1964 1316 2039 corpus
1333 1944 1510 2018 violatum
1528 1950 1609 2017 erat
1629 1965 1703 2017 non
1722 1945 1878 2037 animus,

708 2074 746 2141 et
766 2065 865 2159 quod
891 2064 920 2137 si
945 2084 986 2139 se
1010 2063 1222 2137 absolvebat
1242 2084 1265 2137 a
1282 2063 1401 2157 culpa,
1421 2083 1493 2137 nou
1519 2070 1681 2138 tamena
1700 2085 1824 2159 poeoa3
1842 2074 1881 2139 et

707 2185 881 2262 continuo
906 2184 1067 2279 gladium
1085 2174 1123 2275 (³)
1148 2182 1326 2257 delinitio
1344 2204 1419 2257 cor.
1439 2184 1582 2255 Mortua
1600 2184 1768 2259 Lucretia
1787 2185 1881 2257 Bru-

709 2315 768 2381 tus
785 2311 934 2399 accepto
946 2304 1067 2400 gladio
1083 2304 1287 2399 sanguineo
1298 2291 1335 2395 (ἥ
1355 2303 1569 2377 mirabiliter
1588 2306 1740 2378 retraxit
1752 2325 1880 2381 omncs

707 2446 730 2500 a
747 2427 894 2522 planctu
915 2424 961 2499 ad
979 2423 1173 2497 vindictam
1188 2448 1197 2516 ;
1216 2424 1314 2497 undo
1331 2422 1428 2497 iacto
1449 2422 1612 2496 tumultu
1634 2424 1797 2498 Collatiae
1814 2446 1880 2501 ve-

709 2524 765 2622 nit
784 2549 953 2639 Romam,
981 2545 1043 2618 ubi
1075 2552 1278 2620 convocato
1305 2536 1505 2639 populol5),
1537 2544 1709 2619 excitavit
1738 2545 1881 2619 animos

709 2667 874 2742 omnium
902 2666 939 2737 io
964 2664 1089 2737 odium
1123 2663 1219 2759 regis
1251 2669 1289 2737 et
1319 2662 1490 2755 filiorum,
1518 2669 1559 2739 et
1584 2664 1679 2738 lacto
1706 2665 1880 2759 tumultu,

708 2785 892 2879 Tarquinii
918 2783 1050 2879 privati
1079 2789 1165 2856 suot
1195 2802 1320 2879 regno.
1352 2783 1429 2857 Rex
1447 2784 1509 2873 ,ab
1539 2785 1704 2858 exercitu
1730 2784 1881 2859 veniens

708 2907 863 2981 Romam
893 2904 1042 2999 reperiit
1066 2911 1191 2999 portas
1217 2903 1377 2997 clausas;
1400 2904 1536 2978 Brutus
1563 2926 1627 3000 per
1653 2906 1762 2979 aliam
1781 2906 1879 2981 viam

707 3023 937 3123 pervenitad
963 3023 1167 3097 exercitum
1187 3044 1298 3117 quem
1320 3023 1464 3097 reduxit
1489 3025 1535 3097 ad
1561 3025 1717 3099 Romam
1746 3026 1881 3100 libera·

708 3153 783 3221 tam
809 3166 833 3219 a
857 3165 897 3220 se
922 3164 1049 3218 amara
1073 3143 1261 3217 servitute.
1284 3145 1390 3218 Nunc
1409 3150 1466 3219 cst
1487 3144 1715 3219 redeundum
1734 3145 1781 3219 ad
1798 3144 1882 3219 lite-

709 3287 813 3341 ram:
844 3266 929 3339 dicit
961 3264 1186 3339 Justiuiauus
1211 3264 1337 3337 Danti:
1371 3268 1480 3337 Esoi
1508 3269 1587 3361 quet
1610 3270 1669 3338 cde
1699 3269 1764 3360 se',·
1794 3267 1880 3341 illud

706 3388 853 3484 signum
879 3387 1024 3479 aquilae,
1049 3388 1112 3459 dat
1128 3388 1202 3457 mul
1217 3388 1303 3459 delle
1320 3387 1456 3459 Sabine.
1475 3386 1540 3460 llic
1566 3392 1652 3460 uota
1678 3387 1776 3481 quod
1802 3392 1878 3463 Au·
1986 3442 1995 3447 -

707 3508 876 3605 gostinus
888 3508 934 3581 de
947 3507 1100 3581 Ciuitate
1115 3507 1179 3581 Dei
1194 3508 1343 3581 damnat
1363 3508 1433 3581 boc
1450 3507 1606 3601 iactump
1620 3515 1744 3583 tameo
1762 3530 1874 3585 excu-

708 3629 781 3703 sari
811 3649 917 3723 posse
948 3628 1104 3720 videtur,
1131 3628 1217 3722 quia
1251 3648 1295 3701 ex
1313 3628 1548 3703 necessitate
1581 3629 1716 3703 sactum
1752 3639 1823 3725 est,
1844 3639 1882 3705 et

708 3748 794 3842 quia
824 3747 961 3821 sabinae
993 3769 1064 3821 uon
1097 3748 1144 3821 ad
1173 3746 1409 3841 adulterium,
1436 3748 1500 3823 sed
1528 3749 1575 3822 ad
1603 3750 1879 3826 matrimonium
1987 3790 1990 3795 Δ

709 3875 822 3965 raptae
846 3876 944 3960 sunt,
970 3871 1009 3939 al
1030 3870 1135 3940 dolor
1160 3871 1197 3941 dt
1220 3872 1400 3942 Locrezic.
1419 3870 1463 3942 Et
1489 3868 1547 3943 bic
1573 3876 1657 3943 uota
1684 3872 1783 3964 quod
1804 3873 1881 3946 Au-

707 3989 876 4087 gustinus
892 3979 929 4080 (⁶)
953 3988 1014 4062 ubi
1040 4009 1152 4082 supra
1171 3989 1404 4062 commendat
1429 3989 1638 4063 Lucretiam
1657 4010 1678 4063 a
1697 3991 1879 4085 pudicitia,

707 4117 745 4185 et
769 4109 892 4203 culpat
916 4108 975 4183 ab>
990 4107 1183 4199 occisione,
1210 4108 1296 4200 quia
1322 4108 1485 4183 alienum
1508 4109 1652 4184 crimen
1677 4110 1817 4204 punivit
1841 4111 1879 4184 in

708 4248 749 4305 sc
773 4230 982 4303 innocente:
1009 4229 1171 4324 assignat
1196 4236 1320 4303 tamen
1345 4249 1495 4303 causam
1522 4250 1640 4323 quare
1660 4252 1701 4304 se
1731 4232 1881 4307 interic-

769 4404 797 4463 (¹)
813 4402 843 4450 E.
855 4400 974 4464 jugulata
991 4413 1069 4462 peom
1086 4412 1192 4461 ponere.

770 4475 798 4539 (¹)
815 4478 845 4527 lt
862 4478 931 4526 idum
951 4477 1043 4527 Sextus
1058 4478 1171 4527 obtinuit
1192 4478 1262 4540 quod
1283 4477 1397 4537 optabat.
1417 4478 1479 4527 Post
1495 4478 1546 4529 boc
1562 4480 1683 4529 Lucretia
1701 4481 1781 4532 tristis
1796 4484 1881 4531 statim

708 4568 755 4618 per
764 4556 886 4606 nuntium
897 4556 992 4604 vocatis
1004 4560 1075 4615 patre
1091 4560 1118 4603 et
1127 4555 1230 4610 marito.
1243 4554 1324 4603 llruto
1335 4554 1433 4604 scilicet
1443 4560 1469 4603 et
1481 4556 1594 4613 Valerio,
1606 4543 1719 4606 breviter
1728 4563 1786 4620 post
1795 4560 1882 4610 omnin

707 4633 770 4683 dixit
785 4633 823 4681 eis
838 4632 908 4694 quod
924 4644 1020 4693 corpus
1037 4630 1161 4681 violatum
1178 4631 1263 4680 luerat
1279 4636 1305 4679 et
1322 4643 1372 4680 ooo
1389 4632 1498 4681 animus.

770 4707 796 4770 (Ἴ
814 4708 843 4756 Ε.
861 4708 962 4757 sibimet
979 4708 1101 4770 gladium.
1364 4707 1391 4769 (¹)
1410 4708 1439 4758 E.
1456 4708 1596 4771 sanguineo
1613 4710 1705 4759 codem
1721 4710 1882 4761 mirabiliter.

770 4783 798 4845 (¹)
814 4782 845 4833 B.
862 4783 967 4844 popolo.
975 4784 1025 4832 boc
1035 4784 1150 4833 iocinore
1160 4782 1280 4833 excitarit
1292 4784 1390 4832 animos
1401 4771 1519 4833 omnium
1530 4786 1555 4833 iu
1567 4785 1655 4834 odium
1669 4784 1802 4849 Tarquinii
1814 4787 1883 4849 regin

707 4862 808 4913 romani
819 4866 845 4909 et
857 4860 987 4920 ssliorum;
1003 4866 1030 4910 ct
1046 4861 1115 4910 lacto
1132 4860 1256 4916 tumultu.
1269 4860 1401 4923 Tarquinii
1412 4860 1458 4922 ipsi
1470 4874 1560 4911 onmes
1570 4875 1650 4925 regno
1662 4863 1755 4924 privati
1766 4861 1881 4912 luerunt.

708 4938 771 4988 rost
780 4950 839 4999 qna
852 4950 899 4986 rex
911 4937 964 4999 ipae
975 4938 1132 5000 Tarquinios
1142 4938 1248 4987 veniens
1258 4938 1291 4987 ab
1301 4938 1416 4987 exercitu
1428 4938 1537 4987 Romam
1551 4940 1656 5001 reperiit
1667 4946 1753 5001 portas
1766 4939 1879 4999 clausam

708 5014 807 5065 butus
823 5024 885 5061 roro
902 5025 948 5073 por
964 5012 1041 5061 alium
1058 5015 1125 5063 riam
1143 5014 1260 5075 pervenit
1276 5014 1309 5063 ad
1323 5014 1467 5063 exercitum
1483 5028 1561 5077 quem
1578 5015 1682 5065 reduxit
1698 5014 1817 5065 Romam.

772 5089 800 5153 (¹)
816 5090 848 5139 E.
864 5089 987 5151 prolatus
1002 5089 1172 5154 Augustinus.
