4575 6842
838 964 976 1020 CANTUS
1000 963 1170 1030 QUINTUS·
1513 953 1586 1019 Ᾰθὸ

411 1108 519 1182 naluit
543 1128 589 1183 ex
616 1109 751 1203 quihus
775 1108 936 1183 consistit
966 1114 1107 1200 votum,
1134 1113 1172 1182 et
1200 1107 1424 1203 dicitquod
1454 1115 1586 1184 rotunr

410 1234 552 1304 onomat
575 1249 622 1304 er
646 1228 803 1321 duobus,
820 1227 966 1319 scilieet,
984 1246 1033 1302 er
1051 1226 1205 1302 materia
1222 1232 1260 1301 et
1275 1227 1411 1302 iorrna:
1429 1230 1586 1304 materia

410 1358 466 1426 est
490 1350 566 1446 ipsa
592 1369 651 1424 res
676 1370 722 1424 ex
748 1368 823 1441 qua
849 1347 901 1442 lit,
925 1347 1045 1423 iorma
1070 1354 1127 1422 est
1152 1347 1228 1442 ipsa
1248 1348 1461 1442 conventi03
1488 1350 1586 1425 unde

410 1470 514 1545 dicit:
540 1475 617 1542 Duo
641 1488 720 1541 cose
742 1471 775 1540 si
797 1487 1024 1558 nonuenpono
1049 1470 1109 1540 utl'
1121 1487 1281 1560 emmau,
1302 1466 1406 1562 idest,
1424 1467 1473 1543 ad
1494 1469 1586 1544 sula·

410 1590 591 1683 stantiam,
617 1591 656 1663 di
678 1595 796 1680 questo
826 1591 1014 1680 suutfioio,
1046 1587 1194 1682 scilicet,
1226 1587 1312 1681 voti,
1343 1588 1443 1682 qnod
1472 1609 1585 1683 supra
1683 1677 1686 1683 ¹

410 1709 603 1806 appellavit
628 1709 827 1804 victimam,
853 1712 957 1784 tarta
981 1705 1003 1782 e*
1024 1711 1139 1800 mutto
1164 1710 1202 1781 di
1225 1710 1286 1781 cte
1307 1710 1341 1781 si
1361 1711 1417 1802 su,
1440 1715 1478 1784 et
1507 1709 1585 1785 hmo

410 1837 466 1906 est
490 1829 656 1924 materia,
681 1831 814 1904 tuttru
837 1826 859 1904 e*
884 1832 920 1904 ta
944 1849 1164 1923 rennuente,
1187 1827 1290 1921 idest,
1315 1829 1521 1922 conventio,
1546 1834 1586 1903 et

409 1951 489 2026 hec
513 1957 570 2026 est
594 1949 724 2024 iorma.
751 1951 795 2024 nt
819 1950 984 2024 verilieat
1008 1949 1148 2024 dictum
1178 1968 1304 2042 suum,
1329 1956 1512 2042 quantum
1536 1947 1584 2024 ad

314 2155 320 2168 ,
409 2069 579 2163 iormam,
605 2069 749 2144 dicens:
775 2077 894 2162 questo
919 2073 1051 2160 ultum,
1073 2068 1221 2162 scilicet,
1238 2067 1444 2161 conventio,
1467 2072 1584 2158 mum·

408 2193 481 2262 moi
504 2210 578 2262 uon
601 2193 633 2263 si
655 2193 825 2281 ennodio,
846 2189 949 2284 idest,
966 2209 1040 2262 non
1058 2187 1269 2283 remittitur,
1285 2209 1323 2262 se
1337 2209 1411 2260 noa
1425 2195 1582 2279 servata,

407 2330 473 2405 per
498 2309 717 2386 solutionem
743 2309 864 2401 debiti,
885 2308 973 2403 quia
990 2308 1173 2383 solutione
1195 2307 1276 2382 eius
1301 2306 1401 2401 quod
1425 2305 1582 2382 debetur

407 2430 526 2504 omnis
551 2429 689 2504 tollitur
705 2429 890 2526 obligatio,
907 2450 926 2502 e
941 2432 1084 2502 murno
1100 2430 1139 2501 di
1155 2430 1199 2501 tei
1212 2419 1395 2521 upreoiso
1415 2430 1454 2502 di
1471 2448 1582 2520 sopra

406 2553 604 2645 sisonettu,
629 2549 734 2645 quasi
764 2550 872 2642 dicat,
900 2549 963 2622 ubi
993 2548 1066 2624 dixi
1100 2568 1212 2643 supra
1241 2547 1451 2642 simpliciter
1482 2548 1581 2642 quod

408 2675 536 2744 votum
563 2691 636 2743 non
654 2675 798 2766 poterat
820 2669 908 2762 tolli,
926 2669 1039 2744 habui
1062 2675 1270 2764 respectum
1295 2668 1343 2744 ad
1368 2667 1580 2742 eontentio-

407 2811 506 2884 nem,
523 2809 609 2883 quae
628 2796 684 2864 est
707 2791 827 2863 lurma
853 2789 939 2883 voti,
966 2795 1003 2863 et
1027 2789 1148 2863 torma
1164 2793 1220 2863 est
1239 2809 1323 2882 quae
1345 2788 1409 2862 dat
1424 2808 1506 2863 esse
1525 2787 1580 2862 rei

407 2918 445 2985 et
470 2916 665 2984 conservat
690 2928 773 2983 earn
799 2908 837 2982 in
861 2928 951 2983 esse.
984 2910 1028 2982 Et
1057 2909 1189 3004 probat
1212 2903 1354 2982 dictum
1376 2929 1488 2982 suum
1513 2927 1580 3002 per

407 3031 526 3128 legem
553 3030 757 3124 antiquam,
783 3049 867 3123 quae
892 3029 961 3102 luit
982 3029 1102 3124 ligura
1121 3050 1238 3124 norae,
1255 3029 1394 3105 dicens:
1407 3022 1499 3123 pero
1516 3051 1579 3103 ae·

406 3155 562 3224 msutnto
584 3155 639 3244 stt,
664 3151 766 3245 idest,
793 3149 1001 3254 necessario
1031 3149 1256 3245 impositum,
1282 3152 1357 3240 opti
1380 3150 1486 3241 ὠνεῖ,
1512 3169 1580 3244 per

406 3274 566 3368 Moysem
593 3291 640 3347 ex
666 3277 849 3366 praecepto
873 3270 1030 3364 Domini,
1052 3291 1124 3363 pur
1149 3273 1335 3362 t’offasre,
1359 3269 1455 3344 sicut
1480 3275 1579 3365 patet

406 3392 443 3465 in
468 3392 594 3467 Exodo
619 3399 656 3466 et
680 3391 852 3486 Levitico,
878 3411 991 3464 aanor
1015 3393 1205 3465 ct'utuunu
1232 3395 1359 3482 offma
1382 3393 1579 3482 sipermu-

405 3519 508 3604 tusse,
534 3511 628 3585 sieut
654 3510 749 3584 lilius
773 3511 881 3584 Abrae
907 3510 944 3584 in
970 3510 1147 3604 arietem3
1173 3516 1210 3585 et
1233 3509 1331 3603 dicit,
1358 3531 1454 3583 come
1471 3531 1578 3603 super

405 3635 473 3722 aa,
486 3632 572 3726 quia
586 3651 698 3706 verus
710 3630 928 3705 christianus
946 3637 983 3705 et
997 3631 1190 3728 theologus
1202 3631 1315 3706 debes
1326 3630 1421 3706 scire
1435 3637 1578 3705 utram·

405 3771 480 3846 quo
504 3752 636 3847 legem.
650 3753 867 3824 -L'uttru
902 3750 967 3824 llic
1000 3751 1147 3825 Beatrir
1177 3750 1363 3826 verificata
1396 3751 1578 3826 solutione
1697 3755 1700 3761 ’

405 3871 598 3946 suadere
623 3870 908 3965 impermutabili
934 3870 1101 3945 verilieat
1117 3871 1232 3965 ipsam
1258 3870 1306 3945 (le
1330 3869 1577 3966 permutabili

404 3993 545 4068 dioens:
560 3995 712 4085 L'ottru,
732 3990 868 4066 seilicet
886 4011 956 4085 res,
974 3993 1034 4065 clu
1051 3988 1259 4084 stuperu,
1277 3990 1380 4085 idest,
1396 3991 1475 4086 jam
1497 4010 1578 4064 ma·
1655 4019 1658 4024 ·

405 4114 571 4188 niiestata
598 4112 672 4206 tibi,
695 4133 761 4204 per
786 4115 948 4204 moieno,
970 4111 1106 4187 seilicet
1130 4112 1216 4204 ruti,
1240 4131 1288 4186 ex
1308 4132 1382 4206 qua
1409 4110 1459 4205 ut,
1474 4118 1579 4202 puoto

404 4235 488 4305 inae
503 4253 597 4305 esser
613 4235 676 4325 tot,
692 4231 793 4323 idest,
807 4231 857 4306 ita
875 4231 1131 4326 eonditionata,
1144 4235 1205 4304 olle
1220 4251 1293 4304 noa
1307 4234 1339 4304 si
1352 4233 1458 4325 futu,
1473 4231 1577 4326 idest,

404 4371 478 4426 non
503 4358 663 4447 erratur,
682 4373 721 4426 se
745 4373 811 4426 oon
834 4356 932 4426 ulau
956 4356 1118 4446 materia,
1139 4352 1231 4427 idest
1257 4371 1309 4446 re,
1330 4355 1362 4425 si
1385 4359 1575 4447 conomto3

403 4473 508 4567 sicut,
518 4473 700 4568 jeiunium
715 4474 753 4546 in
766 4473 1038 4548 eleemosinam.
1052 4475 1096 4546 Et
1113 4474 1171 4547 laic
1187 4483 1288 4566 noto,
1300 4473 1398 4566 qnod
1412 4473 1459 4548 ad
1472 4495 1577 4548 oom-
1678 4537 1682 4544 .

404 4594 644 4667 mutationem
673 4592 748 4668 voti
773 4586 981 4689 legitimo(¹)
1003 4592 1220 4688 taciendam,
1237 4592 1306 4666 tria
1328 4592 1576 4688 principaliter

403 4714 664 4810 requiruntur:
691 4712 866 4808 primum,
892 4713 1070 4788 autoritas
1101 4713 1321 4808 superioris;
1346 4705 1573 4809 secundoi‘),

405 4835 610 4910 melioratio
631 4833 704 4928 rei3
731 4833 839 4908 tertio
848 4823 898 4925 (³),
925 4852 1038 4909 causa
1064 4833 1239 4930 legitima,
1260 4834 1355 4908 siout
1380 4835 1409 4909 si
1436 4855 1574 4911 vovens

465 5093 493 5157 ι’)
509 5093 539 5144 li.
555 5093 696 5145 liberrimo.
820 5093 849 5157 ξ’)
864 5094 896 5144 li.
911 5095 1063 5146 madum
1189 5093 1264 5158 (¹)1t
1281 5095 1398 5146 tortium.
