4575 6842
674 943 745 1024 up
847 989 852 994 -
1032 950 1237 1004 couuuruu
1262 947 1484 1004 runenronrr

670 1099 802 1173 dieitur
827 1116 970 1191 morus,
996 1090 1133 1170 diomtd
1160 1097 1351 1187 oermiplio.
1379 1093 1423 1167 Et
1447 1093 1506 1166 bic
1529 1101 1615 1167 nota
1642 1093 1741 1187 quod
1767 1093 1852 1196 baec'

673 1218 740 1293 luit
765 1218 915 1293 historia
941 1238 1031 1292 vera
1063 1237 1137 1292 non
1169 1217 1304 1311 fabula,
1330 1215 1390 1290 cui
1419 1221 1543 1288 tamen
1575 1214 1723 1289 Ovidius
1748 1215 1847 1290 addit

671 1339 814 1434 poetice
839 1339 938 1434 quod
964 1339 1112 1434 sanguis
1130 1337 1285 1412 istorum
1309 1337 1510 1412 decurrens
1527 1334 1575 1409 ad
1593 1335 1734 1410 radices
1752 1336 1845 1410 mori

672 1459 801 1534 ricinae
821 1459 906 1534 iecit
926 1479 1035 1554 poma
1053 1458 1148 1531 illius
1166 1458 1294 1552 rubea,
1313 1477 1397 1550 quae
1415 1455 1517 1550 prius
1536 1463 1643 1530 erant
1659 1455 1762 1550 alba3
1779 1477 1845 1551 per

673 1580 743 1655 boc
767 1578 857 1654 daos
882 1578 1085 1675 figuraliter
1109 1577 1259 1674 intelligi
1285 1583 1457 1652 naturam
1475 1577 1625 1670 amoris,
1643 1577 1708 1669 qui
1725 1577 1845 1673 primo

674 1707 825 1795 apparet
850 1700 967 1808 albus,
993 1698 1085 1772 idest
1109 1718 1239 1793 purus,
1264 1696 1395 1772 deinde
1421 1694 1580 1771 efficitur
1609 1696 1749 1770 rubeus
1779 1717 1845 1790 per

674 1820 835 1893 calorem
862 1826 899 1894 et
925 1818 1113 1911 ruborem,
1140 1825 1178 1891 et
1202 1817 1374 1912 expandit
1399 1817 1586 1890 flammam
1619 1835 1704 1908 quae
1734 1815 1847 1890 celari

676 1960 749 2014 non
776 1946 910 2034 potest,
938 1939 1067 2012 ultimo
1092 1939 1251 2013 efficitur
1276 1937 1393 2034 niger,
1420 1936 1521 2031 idest,
1540 1956 1691 2010 amarus
1716 1941 1752 2011 et
1777 1936 1845 2011 ob·

676 2081 819 2154 scurus,
844 2059 893 2133 ita
919 2059 1017 2153 quod
1042 2058 1112 2132 sub
1136 2057 1330 2132 dulcedine
1360 2057 1462 2131 istius
1494 2055 1593 2152 pomi
1623 2057 1712 2131 latet
1741 2077 1846 2131 ama·

676 2180 797 2253 ritudo
822 2199 1006 2254 venenosa
1032 2200 1116 2273 quae
1141 2185 1294 2273 apparet
1311 2179 1348 2251 in
1366 2178 1448 2252 line.
1468 2178 1511 2250 Et
1527 2177 1711 2252 concludit
1728 2182 1846 2273 poeta,

676 2299 774 2394 quod
793 2299 962 2395 Virgilius
982 2297 1183 2394 prudenter
1203 2298 1363 2392 subrisit,
1381 2297 1522 2372 dicens:
1540 2300 1623 2371 ond
1636 2299 1680 2386 ai,
1702 2296 1848 2390 scilicet,

677 2419 859 2514 Virgilius,
885 2411 995 2492 croltd
1021 2422 1057 2492 lo
1080 2422 1211 2512 fronte,
1228 2419 1275 2493 ad
1297 2419 1449 2493 modum
1468 2418 1698 2516 indignantis,
1716 2439 1735 2490 c
1758 2420 1850 2491 disse

677 2547 794 2613 come!
811 2539 915 2632 idest,
932 2539 1119 2633 quomodo
1132 2547 1188 2614 est
1207 2539 1329 2614 istudi
1349 2543 1491 2613 oolemm'
1506 2547 1584 2613 sior
1603 2542 1641 2613 di
1657 2559 1740 2630 pua,
1757 2539 1848 2612 citra

678 2659 823 2756 ignem;
837 2659 941 2754 quasi
959 2659 1054 2734 dieat
1072 2660 1381 2754 repraebensorie:
1400 2661 1580 2736 debemus
1593 2680 1640 2735 ne
1652 2667 1750 2734 stare
1762 2679 1850 2734 con-

680 2778 769 2854 tenti
796 2779 832 2852 in
858 2780 960 2874 puris
986 2779 1216 2854 naturalibus
1234 2781 1422 2856 moraliter
1440 2781 1690 2878 investigando
1712 2781 1795 2854 vitia
1813 2785 1850 2855 et

678 2899 846 2992 virtutes,
881 2906 917 2973 et
949 2919 1023 2972 non
1056 2900 1212 2974 transire
1245 2901 1292 2975 ad
1322 2903 1614 2997 supernaturalia
1646 2921 1730 2995 quae
1765 2907 1850 2975 sunt

681 3020 777 3094 ultra
804 3020 925 3117 ignem
953 3020 1125 3094 latentia?
1150 3020 1232 3097 ideo
1257 3022 1362 3096 dicit:
1388 3025 1463 3096 indi
1485 3025 1631 3112 corrice,
1649 3022 1765 3096 iactus
1786 3022 1850 3095 lae-

679 3146 751 3234 tus,
777 3162 873 3213 come
897 3144 929 3214 si
949 3146 991 3235 so
1017 3144 1056 3213 al
1075 3144 1212 3236 sundal
1233 3137 1313 3215 cd’er'
1335 3146 1429 3216 ointo
1446 3147 1485 3215 ol
1505 3163 1625 3236 pomo,
1646 3143 1710 3236 qui
1737 3143 1851 3218 ilecti·

682 3268 753 3356 tur,
780 3263 843 3335 ubi
869 3262 988 3356 primo
1014 3262 1228 3338 ostendebat
1253 3284 1294 3338 se
1319 3263 1468 3358 durum,
1495 3271 1531 3339 et
1563 3263 1730 3358 sequitur
1760 3263 1852 3339 olle·

681 3389 838 3477 rentem,
864 3401 976 3475 quem
1003 3382 1123 3476 primo
1149 3383 1322 3480 fugiebat.

757 3505 824 3576 Poi
839 3505 964 3575 dentro
982 3505 1021 3575 ol
1032 3505 1147 3595 [uoco.
1166 3504 1237 3577 Ista
1259 3511 1315 3577 est
1341 3503 1501 3578 secunda
1518 3525 1603 3598 pars
1619 3503 1729 3577 huius
1754 3503 1854 3600 capi-

682 3621 748 3696 tuli
768 3621 961 3718 generalis,
980 3622 1107 3715 inqua
1125 3629 1233 3717 poeta
1252 3629 1377 3698 noster
1394 3623 1564 3699 describit
1581 3645 1690 3698 suum
1711 3623 1853 3698 felicem

682 3741 876 3816 transitum
902 3761 970 3836 per
995 3741 1117 3839 ignem
1144 3749 1286 3816 tantum
1306 3742 1555 3818 formidatum.
1575 3744 1617 3816 Et
1637 3743 1756 3838 primo
1775 3750 1855 3819 tan-

682 3862 735 3958 git
760 3861 938 3957 ordinem,
963 3863 1107 3937 dicens:
1127 3866 1205 3954 Poi,
1232 3863 1292 3938 ille
1309 3862 1479 3959 Virgilius
1504 3862 1630 3938 videns
1656 3884 1718 3939 me
1743 3863 1855 3939 redu·

683 3987 797 4075 ctum,
813 3985 846 4055 si
861 3985 946 4055 mbo
963 3986 1086 4057 dentre
1111 3985 1152 4056 ol
1171 3987 1275 4078 suom
1295 3985 1443 4057 innanzi
1458 4003 1525 4075 rue,
1544 3988 1584 4056 ut
1603 3984 1772 4059 redderet
1794 4005 1854 4060 me

683 4121 870 4194 securum,
893 4106 1079 4194 precando
1104 4107 1224 4176 Stozio
1249 4106 1308 4176 cbo
1333 4107 1465 4178 cerussa
1490 4106 1615 4195 diano,
1644 4110 1686 4177 ut
1719 4105 1854 4179 Dantcs

683 4229 778 4297 esset
805 4222 958 4316 medius,
984 4225 1043 4296 cte
1065 4227 1164 4316 prta,
1190 4223 1291 4316 idest,
1318 4223 1381 4319 qui
1408 4223 1543 4299 Statius
1573 4223 1710 4299 vadens
1735 4225 1854 4330 primo

684 4363 770 4417 cum
797 4342 957 4438 Virgilio,
983 4346 1016 4416 oi
1038 4345 1159 4433 dtrbe,
1185 4343 1321 4418 scilieet
1345 4365 1423 4438 nos,
1454 4344 1590 4419 scilicet
1607 4343 1797 4439 Virgilium
1832 4367 1855 4420 a

687 4483 758 4556 me,
784 4462 847 4557 qui
874 4462 1056 4555 sequebar
1081 4463 1200 4557 primo
1227 4459 1441 4558 utrumque.
1464 4463 1508 4536 ct
1528 4463 1649 4537 subdit
1669 4464 1856 4557 quomodo

685 4583 805 4657 statim
832 4583 943 4657 sensit
975 4584 1075 4676 quod
1107 4583 1294 4676 timuerat,
1327 4583 1471 4658 dicens:
1498 4585 1630 4658 oom’io
1656 4587 1710 4676 [ui
1733 4585 1858 4658 domo

685 4707 852 4795 micaret
880 4706 1001 4794 palato
1030 4706 1069 4776 in
1100 4724 1147 4776 un
1179 4705 1346 4794 boplmrte
1376 4711 1474 4777 oetro
1500 4725 1568 4797 per
1597 4706 1856 4797 rinfrescormi,

687 4825 791 4919 quasi
816 4825 912 4899 dicat
940 4825 1061 4919 tacite,
1087 4824 1186 4918 quod
1211 4823 1348 4899 vitrum
1376 4825 1532 4899 bulliens
1557 4825 1594 4898 in
1618 4824 1768 4900 lornace
1793 4845 1858 4899 ar·

686 4945 796 5038 denti,
815 4945 915 5040 quod
938 4951 993 5019 est
1018 4965 1166 5020 summe
1191 4944 1362 5039 calidum,
1388 4945 1575 5021 videretur
1592 4944 1778 5040 frigidum,
1796 4965 1857 5019 re-

687 5085 774 5140 cens
799 5070 838 5139 et
862 5065 1083 5161 reirigerans
1100 5086 1237 5160 aquam
1257 5065 1476 5160 respective;
1495 5072 1591 5138 tanto
1608 5085 1674 5138 ero
1690 5067 1739 5136 ivi
1754 5067 1789 5138 lo
1802 5066 1857 5137 ’n-
