4575 6842
726 949 866 1006 CANTUS
891 951 1082 1008 VlGESlMUS
1107 951 1300 1008 SECUNDUS·
1547 941 1592 1010 20

425 1093 597 1190 expendit
612 1094 694 1191 plus
711 1115 823 1188 quarn
844 1101 977 1170 natura
996 1101 1108 1190 petat,
1124 1095 1207 1190 plus
1223 1116 1337 1189 quam
1358 1096 1504 1172 lortuna
1523 1098 1593 1172 mi·

425 1214 564 1308 nistret,
591 1213 676 1288 lecit
701 1214 772 1288 cito
797 1213 844 1288 de
873 1215 980 1308 pleno
1010 1235 1183 1309 vacuum,
1208 1215 1255 1288 de
1283 1213 1379 1289 dulei
1409 1237 1593 1312 amarum,

424 1333 471 1409 de
495 1334 579 1408 luce
604 1336 736 1428 lutum,
754 1333 800 1409 de
826 1335 970 1410 essars
986 1334 1159 1427 Codrum,
1183 1334 1230 1409 de
1249 1334 1358 1409 laude
1383 1335 1595 1430 ludibrium,

425 1455 472 1530 de
502 1456 618 1530 multo
653 1455 751 1528 nihil.
782 1454 841 1528 Sic
855 1449 892 1546 (¹)
924 1455 1074 1550 prodiga
1108 1476 1239 1529 manus
1270 1454 1465 1551 prodigum
1492 1455 1594 1551 lacit;

426 1594 511 1648 nam
537 1573 609 1648 cito
626 1573 744 1651 reddit
760 1595 801 1648 se
817 1573 1123 1669 contemptibilem
1142 1574 1210 1648 illis
1230 1576 1363 1670 quibus
1382 1576 1493 1670 paulo
1508 1582 1595 1651 aule

425 1693 641 1770 venerabilis
666 1693 871 1788 videbatur,
892 1700 929 1769 et
952 1693 1051 1768 dolet
1075 1694 1244 1770 dextram
1272 1696 1369 1771 male
1393 1695 1594 1791 providisse

425 1814 599 1909 sinistrae3
625 1815 729 1890 tarde
748 1815 910 1910 poenitet,
929 1814 1003 1889 imo
1028 1815 1126 1908 quod
1144 1822 1200 1889 est
1217 1815 1418 1890 mirabilius
1434 1824 1472 1891 et
1487 1817 1593 1890 dam-

426 1935 591 2028 nabilius,
622 1935 650 2008 si
684 1936 829 2008 lortuna
865 1935 957 2009 redit
983 1935 1096 2009 nescit
1123 1955 1299 2010 revocare
1331 1957 1482 2010 manum
1514 1916 1591 2030 gua

425 2054 591 2128 licentius
615 2061 858 2129 consueverat
885 2053 947 2128 uti.
973 2054 1089 2128 Huius
1112 2055 1187 2128 vitii
1207 2053 1449 2150 principatum
1475 2056 1592 2130 tenuit

425 2173 641 2266 Alexander,
662 2173 722 2248 cui
739 2173 1025 2250 innumerabiles
1045 2173 1170 2248 mundi
1188 2180 1311 2268 partes
1331 2196 1404 2248 non
1430 2175 1593 2250 sullecls·

424 2300 516 2386 sent,
544 2300 585 2365 ut
611 2295 707 2368 male
731 2293 902 2388 perderet
926 2314 1066 2369 omnes.
1091 2293 1187 2382 Quid
1216 2294 1337 2369 Nerol
1362 2295 1449 2388 quid
1482 2296 1591 2369 Caius

425 2414 613 2510 Caligula?
637 2413 725 2508 quid
746 2407 949 2488 ‘lumniosa
968 2415 998 2489 Ο
1018 2423 1108 2508 quot
1125 2414 1224 2488 viros
1241 2415 1404 2490 valentes
1424 2415 1520 2489 istud
1538 2414 1593 2488 vi-

426 2534 517 2608 tium
542 2532 694 2607 deduxit
719 2531 755 2606 in
781 2532 920 2608 rabiem
947 2540 984 2609 et
1008 2533 1316 2629 desperationem!
1342 2534 1385 2606 Et
1410 2533 1592 2609 concludit

425 2653 585 2728 Statius:
608 2646 701 2746 ¹perd
725 2656 754 2726 s
766 2656 801 2726 to
824 2674 891 2726 sou
916 2660 973 2726 tra
998 2655 1112 2750 pretia
1142 2661 1241 2744 perte
1264 2661 1357 2726 stato
1381 2655 1442 2726 cle
1462 2657 1594 2746 monne

427 2776 640 2865 termula,
657 2793 726 2864 per
747 2775 948 2864 purpurati,
969 2772 998 2846 si
1024 2777 1220 2867 paupertas
1246 2793 1319 2846 non
1345 2773 1431 2847 satis
1456 2773 1593 2848 iecerat

425 2895 463 2968 in
489 2913 550 2968 me
576 2891 769 2967 vindictam
798 2891 906 2965 huius
930 2890 1122 2965 inconsulti
1150 2890 1238 2985 vitii,
1258 2913 1328 2984 per
1351 2895 1387 2964 lo
1410 2895 1592 2965 contulo

424 3035 488 3090 suo
513 3006 590 3086 m’e'
611 3016 821 3103 incontrato,
847 3011 993 3106 scilicet,
1010 3019 1159 3106 propter
1180 3011 1482 3107 prodigalitatem,
1507 3032 1592 3106 que

426 3142 481 3208 est
506 3132 688 3208 contraria
714 3131 887 3224 avaritiae,
913 3135 950 3205 el
974 3130 1129 3206 destruit
1153 3151 1299 3225 semper
1324 3152 1419 3206 eam

504 3259 555 3328 Or
572 3256 713 3345 quaudo
730 3260 765 3326 tu
781 3255 938 3326 canusa.
957 3253 1026 3326 lsta
1044 3257 1099 3326 est
1116 3251 1275 3326 secunda
1303 3273 1387 3346 pars
1412 3251 1592 3347 principa·

424 3375 478 3468 lis,
505 3373 541 3448 in
568 3395 641 3467 qua
674 3379 781 3468 poeta
812 3371 966 3446 ostendit
990 3371 1147 3464 qualiter
1173 3370 1308 3444 Statius
1336 3372 1541 3447 narraverit
1553 3363 1591 3462 (²)

424 3493 572 3590 Virgilio
598 3513 748 3567 causam
775 3512 853 3566 suae
868 3490 1115 3566 conversionis
1139 3490 1187 3565 ad
1213 3489 1334 3585 iidem,
1351 3490 1398 3565 de
1417 3512 1492 3584 quo
1510 3489 1593 3564 Vir-

422 3615 531 3712 gilius
557 3613 760 3688 mirabatur
784 3633 871 3686 cum
897 3612 1065 3686 videatur
1095 3611 1195 3704 loqui
1226 3611 1401 3706 paganico
1431 3611 1593 3684 inlibris

424 3735 509 3810 suis.
537 3736 581 3808 Et
611 3733 658 3808 ad
688 3731 958 3829 intelligendam
994 3731 1099 3826 plene
1132 3731 1275 3805 literam
1311 3731 1416 3804 istam
1447 3737 1592 3825 oportet

422 3857 596 3952 colligere
630 3853 831 3928 summarie
864 3873 990 3926 casum
1024 3850 1174 3926 infelicis
1209 3851 1371 3924 locastae.
1407 3851 1471 3924 Est
1501 3870 1592 3945 ergo

425 3976 625 4067 sciendum,
651 3972 743 4048 sicut
769 3977 886 4066 potest
912 3971 1035 4046 haberi
1063 3991 1110 4044 ex
1137 3968 1251 4043 Statio
1269 3969 1305 4042 in
1324 3969 1453 4044 maiori
1470 3975 1508 4044 et
1524 3968 1592 4042 Se·

424 4115 515 4172 neca
542 4092 721 4189 tragoedo,
746 4092 889 4167 locasta
905 4082 942 4183 (³)
978 4089 1105 4164 nobilis
1136 4089 1264 4185 regina
1296 4089 1364 4161 luit
1388 4109 1485 4162 uror
1515 4086 1591 4160 lail

426 4216 522 4312 regis
541 4214 769 4306 Thebarum3
787 4232 872 4304 quae
887 4211 975 4285 dum
993 4210 1218 4306 concepisset
1235 4230 1282 4285 ex
1300 4229 1357 4302 eo,
1374 4209 1485 4281 Laius
1500 4227 1591 4281 con-

423 4335 537 4412 suluit
562 4333 761 4428 Apollinem
787 4333 834 4406 de
859 4331 960 4426 prole
977 4329 1181 4423 nascitura3
1198 4335 1237 4404 et
1252 4328 1378 4402 audito
1394 4326 1492 4420 quod
1510 4332 1592 4400 erat

425 4453 643 4532 occidendus
668 4472 780 4526 manu
803 4450 874 4543 lilii,
897 4449 1018 4524 statim
1047 4447 1232 4523 mandavit
1258 4454 1404 4544 partum
1421 4443 1528 4519 abiici
1543 4443 1592 4518 ad

424 4576 536 4668 leras3
562 4573 625 4646 sed
650 4573 792 4646 locusta
816 4590 973 4665 puerum
1002 4575 1129 4642 natum
1149 4567 1292 4640 tradidit
1309 4566 1454 4640 cuidam
1473 4565 1590 4638 Phor·

422 4695 521 4770 bauti
547 4692 683 4788 pastori
710 4692 817 4788 regis,
842 4689 905 4784 qui
935 4687 1162 4783 compatiens
1191 4687 1288 4761 aetali
1320 4685 1535 4781 temperarit
1551 4674 1589 4776 t‘l

425 4814 639 4890 mandatum
665 4811 779 4908 regis3
800 4832 887 4885 nam
906 4807 1097 4904 perforatis
1115 4807 1267 4902 pedibus
1285 4805 1471 4900 suspendit
1487 4804 1589 4879 illum

486 4999 515 5063 (¹)
531 5003 584 5060 ¹¹⁷,
601 4999 643 5049 Sic
658 4997 728 5064 quod
740 4999 858 5062 prodigo.
1046 4992 1074 5057 (¹)
1090 4993 1121 5044 E.
1136 5007 1153 5044 e
1168 4992 1195 5043 S.
1210 4993 1335 5043 narrarit.

487 5076 515 5140 l')
530 5075 561 5126 Ε·
577 5073 647 5140 (111ῡᾶ
661 5075 771 5126 Jowlt·
1048 5068 1075 5132 (¹)
1091 5069 1122 5121 Ε.
1139 5071 1226 5132 paruit
1239 5069 1361 5120 mandato
1377 5067 1453 5130 regis.
