4575 6842
729 971 869 1027 caurus
893 973 1085 1028 vrousruus
1109 973 1255 1028 saurus.
1507 961 1574 1029 121

403 1113 554 1189 orientis
578 1113 648 1188 sub
672 1120 758 1188 ortu
783 1116 888 1209 sotis;
915 1138 937 1189 o
962 1121 1087 1208 etiope,
1108 1117 1211 1212 idest,
1231 1139 1343 1212 quam
1361 1116 1493 1212 aliquis
1511 1119 1577 1190 ha·

403 1237 537 1312 bitator
561 1235 766 1331 AEthiopiae‚
792 1257 876 1330 quae
893 1243 949 1312 est
974 1236 1011 1311 iu
1028 1221 1198 1312 extremo
1220 1237 1383 1314 meridiei
1402 1245 1439 1313 et
1457 1237 1573 1311 multo

403 1357 553 1432 calidior
577 1378 691 1450 quam
708 1357 825 1452 india;
843 1360 878 1430 d'
890 1378 1005 1450 erpere
1017 1361 1159 1453 froddo.
1179 1359 1279 1433 Licet
1300 1359 1396 1434 enim
1418 1360 1577 1434 habeant

405 1499 540 1573 magna
566 1478 730 1572 flumina,
761 1499 834 1552 non
865 1485 989 1554 tamen
1018 1501 1156 1574 aquam
1190 1479 1382 1576 frigidam:
1409 1485 1447 1554 et
1481 1480 1575 1553 bene

406 1599 501 1693 dicit,
528 1599 615 1694 quia
635 1601 736 1673 notia
762 1600 1042 1695 intemperantia
1067 1601 1154 1675 sotis
1173 1601 1223 1674 ita
1242 1601 1355 1676 afficit
1372 1600 1428 1674 siti
1448 1601 1578 1674 aethio-

406 1741 482 1816 pes,
508 1718 600 1794 sieut
625 1720 693 1794 iste
718 1740 890 1795 excessus
919 1721 1050 1795 catoris
1084 1720 1177 1817 ignis
1207 1721 1317 1796 istos:
1346 1721 1435 1795 nulii
1467 1721 1577 1794 etiam

405 1841 578 1934 ethiopes
604 1841 654 1914 ita
679 1841 850 1915 affectant
876 1841 1003 1916 bibere
1027 1862 1164 1936 aquam
1191 1841 1372 1937 frigidam,
1400 1839 1495 1914 sieut
1520 1838 1578 1912 isti

406 1959 553 2056 spiritus
578 1961 672 2058 nigri
697 1962 867 2037 affectant
879 1954 915 2053 (¹)
949 1982 1048 2036 nune
1081 1961 1211 2037 audire
1242 1961 1429 2036 hominem
1463 1979 1575 2054 quem

406 2081 577 2157 videbant
601 2082 786 2157 viventem
807 2082 869 2176 ibi,
890 2083 989 2176 quod
1014 2103 1221 2177 numquam
1243 2083 1365 2156 iuerat
1381 2081 1500 2155 visum
1520 2081 1578 2154 vel

405 2203 572 2277 auditum
598 2204 645 2278 de
669 2204 751 2278 atio.
766 2245 816 2257 -
828 2208 953 2278 Dione.
972 2204 1037 2278 iiic
1055 2211 1162 2299 poeta
1180 2204 1281 2298 penit
1301 2203 1494 2297 specialem
1513 2221 1579 2296 pe-

405 2323 570 2398 titionem
596 2323 690 2398 illius
715 2323 873 2419 spiritus,
899 2324 963 2418 qui
994 2324 1079 2398 dicit
1111 2323 1198 2398 sibi:
1226 2327 1354 2413 Dione,
1385 2322 1486 2414 idest,
1521 2320 1579 2396 dic

406 2444 511 2520 nobis
535 2464 643 2540 ergo:
669 2441 791 2518 oem'ti
813 2448 873 2516 ete
893 2447 950 2539 sui
973 2448 1011 2518 ut
1034 2453 1066 2518 te
1085 2453 1210 2538 pereto
1235 2447 1377 2537 utente,
1402 2442 1506 2537 quasi
1526 2441 1580 2514 di-

406 2571 483 2639 cat:
501 2563 688 2659 quomodo
714 2563 801 2637 iacis
827 2564 999 2638 umbram
1026 2585 1110 2659 quae
1135 2565 1285 2658 impedit
1311 2564 1425 2637 sotem
1452 2559 1579 2636 venire

407 2685 454 2760 ad
471 2706 545 2778 ¹nos
571 2690 751 2780 quantum
779 2691 843 2759 tua
869 2685 1002 2759 umbra
1028 2687 1142 2780 eapit3
1169 2707 1264 2758 cerne
1280 2705 1317 2758 se
1337 2691 1371 2756 tu
1396 2705 1467 2756 nen
1490 2684 1580 2777 sessi

408 2812 545 2879 entreto
571 2825 709 2877 encore
737 2807 861 2878 dentre
890 2807 989 2878 detto
1020 2813 1093 2880 rete
1123 2809 1160 2878 dt
1189 2813 1312 2895 morte,
1334 2804 1442 2900 'quasi
1468 2803 1574 2894 dicat,

408 2927 511 3000 velut
535 2925 565 2998 si
590 2947 664 3000 non
682 2945 779 3001 esses
797 2925 916 3000 adhue
935 2931 1114 3000 mortuus,
1133 2927 1177 2998 Et
1194 2925 1339 3000 videtur
1357 2923 1578 2998 conveniens

410 3044 648 3138 metaphora:
682 3066 783 3120 mors
807 3046 905 3120 enim
932 3046 1091 3141 piscatur
1121 3046 1157 3118 in
1192 3064 1326 3141 magno
1358 3044 1450 3118 mari
1477 3062 1579 3116 mor·

310 3153 314 3161 ’
408 3164 549 3258 tatium,
567 3171 605 3238 et
621 3164 744 3239 omnia
762 3185 900 3261 genera
917 3165 1157 3240 animantium
1177 3165 1281 3260 capit.
1297 3166 1339 3237 ut
1352 3164 1437 3238 dicit
1454 3168 1578 3259 poeta:

407 3278 501 3358 sinn
513 3288 669 3378 perteue
691 3305 740 3357 un
763 3289 882 3377 d'esst,
908 3286 971 3379 qui
998 3285 1118 3360 iuerat
1143 3286 1200 3359 vir
1228 3284 1380 3360 affabilis
1405 3283 1442 3356 in
1469 3304 1580 3357 mun-

367 3461 372 3468 .
407 3404 478 3479 do:
504 3405 572 3479 iste
596 3404 746 3500 quidem
764 3405 831 3478 tun
858 3405 962 3480 mites
981 3405 1212 3479 bononiensis
1233 3405 1279 3479 de
1304 3402 1543 3479 clarissimas
1563 3441 1581 3456 -

407 3524 507 3599 mitia
543 3525 748 3621 principum
784 3533 936 3601 vocatus
969 3526 1087 3600 Guido
1121 3525 1354 3600 Guinieeltus.
1391 3523 1580 3600 Guinieelli

407 3645 506 3719 enim
532 3645 684 3722 suerunt
708 3667 828 3719 unum
855 3646 1067 3720 membrum
1093 3646 1140 3720 de
1162 3645 1382 3739 principibus
1403 3643 1514 3740 pulsis
1535 3643 1581 3717 de

408 3763 570 3839 Bononia
596 3765 772 3841 seditione
796 3765 904 3858 civiti,
928 3765 1015 3860 quia
1039 3765 1247 3858 imperiales
1265 3771 1380 3839 erant.
1401 3765 1484 3838 Fuit
1505 3764 1581 3858 ipse

408 3884 527 3960 Guido
552 3885 609 3960 vir
634 3886 805 3981 prudeus,
836 3887 1024 3981 eloquens,
1050 3884 1240 3959 inveniens
1273 3885 1422 3981 egregie
1452 3887 1579 3980 pulcra

409 4005 504 4079 dieta
538 4013 724 4101 materna3
764 4007 858 4081 siout
892 4013 1018 4080 autem
1053 4013 1134 4079 erat
1171 4005 1330 4080 ardentis
1368 4005 1501 4101 ingenii
1542 4011 1578 4079 et

409 4125 562 4225 linguae,
581 4126 632 4201 ita
656 4126 817 4201 ardentis
847 4126 1016 4219 iuxuriae,
1047 4125 1174 4220 quales
1207 4125 1312 4198 multi
1343 4124 1580 4198 inveniuntur

409 4247 566 4342 stupeo
590 4253 682 4341 quot
706 4247 775 4322 viri
800 4247 952 4323 virtuosi
974 4251 1107 4322 eaetera
1133 4247 1228 4320 bona
1256 4245 1323 4319 hae
1349 4246 1431 4319 labe
1456 4243 1580 4318 desor-

409 4371 622 4443 maverunt!
647 4367 732 4442 Ideo
757 4369 852 4443 bene
877 4368 978 4465 tingit
1003 4373 1110 4463 poeta
1133 4366 1232 4462 quod
1253 4367 1329 4462 ipse
1347 4371 1475 4460 eaptus
1494 4385 1580 4460 per-

408 4489 579 4562 suasione
603 4489 684 4563 eius
703 4489 824 4564 subito
842 4490 1085 4585 respondisset
1101 4489 1130 4562 si
1150 4510 1223 4564 non
1241 4489 1495 4564 intervenisset
1511 4489 1581 4562 im-

409 4606 673 4701 pedimentum.
709 4609 812 4684 Unde
836 4609 943 4684 dicit:
971 4617 1004 4681 et
1026 4612 1061 4681 to
1093 4613 1142 4680 mi
1166 4613 1252 4703 sera
1276 4599 1338 4699 piu
1362 4613 1581 4703 manifestato

409 4728 439 4798 ε’
452 4729 488 4798 io
510 4747 584 4800 non
605 4732 696 4822 sessi
719 4737 839 4821 otteso,
865 4729 967 4822 idest,
994 4747 1067 4801 non
1092 4727 1242 4802 fuissem
1264 4727 1380 4802 iactus
1405 4735 1577 4824 attentus,

409 4851 461 4923 ud
483 4852 579 4921 ettra
603 4841 722 4922 nomtti
747 4854 807 4924 otte
828 4871 942 4943 poree
966 4852 1093 4922 attere.
1120 4847 1223 4923 Sicut
1240 4850 1337 4923 enim
1360 4848 1478 4923 Guido
1500 4856 1580 4924 erat

473 5112 500 5176 (Ι)
517 5117 572 5172 nr,
587 5111 749 5164 annuunt
