<?xml version="1.0" encoding="UTF-8"?>
<!DOCTYPE html PUBLIC "-//W3C//DTD XHTML 1.0 Transitional//EN"
    "http://www.w3.org/TR/xhtml1/DTD/xhtml1-transitional.dtd">
<html xmlns="http://www.w3.org/1999/xhtml" xml:lang="en" lang="en">
 <head>
  <title>
</title>
<meta http-equiv="Content-Type" content="text/html;charset=utf-8" />
  <meta name='ocr-system' content='tesseract 3.04.00' />
  <meta name='ocr-capabilities' content='ocr_page ocr_carea ocr_par ocr_line ocrx_word'/>
</head>
<body>
  <div class='ocr_page' id='page_1' title='image "./comentumsuperda00unkngoog_0055.png"; bbox 0 0 4575 6842; ppageno 0'>
   <div class='ocr_carea' id='block_1_1' title="bbox 728 967 1595 1034">
    <p class='ocr_par' dir='ltr' id='par_1_1' title="bbox 728 967 1595 1034">
     <span class='ocr_line' id='line_1_1' title="bbox 728 967 1595 1034; baseline 0.002 -2"><span class='ocrx_word' id='word_1_1' title='bbox 728 976 866 1034; x_wconf 74' lang='lat' dir='ltr'><strong>murus</strong></span> <span class='ocrx_word' id='word_1_2' title='bbox 891 978 1081 1033; x_wconf 82' lang='lat' dir='ltr'><strong>vrossruus</strong></span> <span class='ocrx_word' id='word_1_3' title='bbox 1105 979 1302 1034; x_wconf 75' lang='lat' dir='ltr'><strong>secuunus.</strong></span> <span class='ocrx_word' id='word_1_4' title='bbox 1548 967 1595 1034; x_wconf 81' lang='grc'><strong>39</strong></span> 
     </span>
    </p>
   </div>
   <div class='ocr_carea' id='block_1_2' title="bbox 424 1118 1595 2175">
    <p class='ocr_par' dir='ltr' id='par_1_2' title="bbox 424 1118 1595 2175">
     <span class='ocr_line' id='line_1_2' title="bbox 426 1118 1592 1218; baseline 0.002 -24"><span class='ocrx_word' id='word_1_5' title='bbox 426 1118 516 1194; x_wconf 85' lang='lat' dir='ltr'><strong>vidit</strong></span> <span class='ocrx_word' id='word_1_6' title='bbox 540 1126 707 1196; x_wconf 83' lang='lat' dir='ltr'><strong>extrema</strong></span> <span class='ocrx_word' id='word_1_7' title='bbox 737 1121 902 1195; x_wconf 89' lang='lat' dir='ltr'><strong>omnium</strong></span> <span class='ocrx_word' id='word_1_8' title='bbox 936 1119 1178 1215; x_wconf 77' lang='lat' dir='ltr'><strong>tristitiarum,</strong></span> <span class='ocrx_word' id='word_1_9' title='bbox 1209 1123 1355 1218; x_wconf 85' lang='lat' dir='ltr'><strong>scilicet,</strong></span> <span class='ocrx_word' id='word_1_10' title='bbox 1389 1124 1592 1198; x_wconf 73' lang='lat' dir='ltr'><strong>cecitatem</strong></span> 
     </span>
     <span class='ocr_line' id='line_1_3' title="bbox 426 1235 1595 1338; baseline 0.004 -26"><span class='ocrx_word' id='word_1_11' title='bbox 426 1242 663 1334; x_wconf 74' lang='lat' dir='ltr'><strong>spontaneam</strong></span> <span class='ocrx_word' id='word_1_12' title='bbox 689 1240 813 1336; x_wconf 91' lang='lat' dir='ltr'><strong>patris,</strong></span> <span class='ocrx_word' id='word_1_13' title='bbox 841 1247 998 1314; x_wconf 88' lang='lat' dir='ltr'><strong>mortem</strong></span> <span class='ocrx_word' id='word_1_14' title='bbox 1025 1239 1271 1315; x_wconf 81' lang='lat' dir='ltr'><strong>voluntariam</strong></span> <span class='ocrx_word' id='word_1_15' title='bbox 1299 1242 1427 1316; x_wconf 91' lang='lat' dir='ltr'><strong>matris</strong></span> <span class='ocrx_word' id='word_1_16' title='bbox 1439 1235 1491 1338; x_wconf 83' lang='lat'><strong>(¹),</strong></span> <span class='ocrx_word' id='word_1_17' title='bbox 1510 1264 1595 1317; x_wconf 88' lang='lat' dir='ltr'><strong>mu·</strong></span> 
     </span>
     <span class='ocr_line' id='line_1_4' title="bbox 429 1359 1593 1458; baseline 0.003 -26"><span class='ocrx_word' id='word_1_18' title='bbox 429 1365 531 1434; x_wconf 87' lang='lat' dir='ltr'><strong>tuam</strong></span> <span class='ocrx_word' id='word_1_19' title='bbox 560 1367 718 1434; x_wconf 88' lang='lat' dir='ltr'><strong>mortem</strong></span> <span class='ocrx_word' id='word_1_20' title='bbox 744 1360 913 1454; x_wconf 79' lang='lat' dir='ltr'><strong>fratrum,</strong></span> <span class='ocrx_word' id='word_1_21' title='bbox 931 1359 1147 1434; x_wconf 86' lang='lat' dir='ltr'><strong>servitutem</strong></span> <span class='ocrx_word' id='word_1_22' title='bbox 1168 1359 1307 1455; x_wconf 77' lang='lat' dir='ltr'><strong>patrie,</strong></span> <span class='ocrx_word' id='word_1_23' title='bbox 1325 1369 1363 1436; x_wconf 88' lang='lat' dir='ltr'><strong>ct</strong></span> <span class='ocrx_word' id='word_1_24' title='bbox 1383 1367 1436 1435; x_wconf 85' lang='lat' dir='ltr'><strong>tot</strong></span> <span class='ocrx_word' id='word_1_25' title='bbox 1462 1381 1593 1458; x_wconf 80' lang='lat' dir='ltr'><strong>regum</strong></span> 
     </span>
     <span class='ocr_line' id='line_1_5' title="bbox 426 1479 1594 1578; baseline 0.002 -24"><span class='ocrx_word' id='word_1_26' title='bbox 426 1480 614 1555; x_wconf 88' lang='lat' dir='ltr'><strong>interitum</strong></span> <span class='ocrx_word' id='word_1_27' title='bbox 641 1501 726 1556; x_wconf 92' lang='lat' dir='ltr'><strong>cum</strong></span> <span class='ocrx_word' id='word_1_28' title='bbox 762 1480 836 1555; x_wconf 92' lang='lat' dir='ltr'><strong>suis</strong></span> <span class='ocrx_word' id='word_1_29' title='bbox 871 1479 1166 1556; x_wconf 80' lang='lat' dir='ltr'><strong>exercitibus-</strong></span> <span class='ocrx_word' id='word_1_30' title='bbox 1186 1483 1312 1554; x_wconf 79' lang='lat' dir='ltr'><strong>Vedesi.</strong></span> <span class='ocrx_word' id='word_1_31' title='bbox 1339 1482 1404 1556; x_wconf 87' lang='lat' dir='ltr'><strong>Hic</strong></span> <span class='ocrx_word' id='word_1_32' title='bbox 1424 1482 1594 1578; x_wconf 82' lang='lat' dir='ltr'><strong>Virgilius</strong></span> 
     </span>
     <span class='ocr_line' id='line_1_6' title="bbox 427 1593 1594 1697; baseline 0 -23"><span class='ocrx_word' id='word_1_33' title='bbox 427 1601 591 1674; x_wconf 90' lang='lat' dir='ltr'><strong>nominat</strong></span> <span class='ocrx_word' id='word_1_34' title='bbox 602 1600 711 1675; x_wconf 87' lang='lat' dir='ltr'><strong>aliam</strong></span> <span class='ocrx_word' id='word_1_35' title='bbox 725 1600 968 1697; x_wconf 80' lang='lat' dir='ltr'><strong>Hypsypiiem,</strong></span> <span class='ocrx_word' id='word_1_36' title='bbox 983 1621 1066 1695; x_wconf 86' lang='lat' dir='ltr'><strong>quae</strong></span> <span class='ocrx_word' id='word_1_37' title='bbox 1084 1600 1152 1674; x_wconf 91' lang='lat' dir='ltr'><strong>iuit</strong></span> <span class='ocrx_word' id='word_1_38' title='bbox 1165 1620 1341 1697; x_wconf 84' lang='lat' dir='ltr'><strong>maguum</strong></span> <span class='ocrx_word' id='word_1_39' title='bbox 1355 1601 1545 1695; x_wconf 86' lang='lat' dir='ltr'><strong>specuium</strong></span> <span class='ocrx_word' id='word_1_40' title='bbox 1556 1593 1594 1693; x_wconf 82' lang='lat'><strong>(²)</strong></span> 
     </span>
     <span class='ocr_line' id='line_1_7' title="bbox 426 1721 1592 1817; baseline 0.003 -25"><span class='ocrx_word' id='word_1_41' title='bbox 426 1721 593 1815; x_wconf 78' lang='lat' dir='ltr'><strong>fortunae,</strong></span> <span class='ocrx_word' id='word_1_42' title='bbox 619 1721 666 1796; x_wconf 88' lang='lat' dir='ltr'><strong>do</strong></span> <span class='ocrx_word' id='word_1_43' title='bbox 691 1743 765 1816; x_wconf 94' lang='lat' dir='ltr'><strong>qua</strong></span> <span class='ocrx_word' id='word_1_44' title='bbox 790 1721 928 1795; x_wconf 81' lang='lat' dir='ltr'><strong>(lictum</strong></span> <span class='ocrx_word' id='word_1_45' title='bbox 954 1727 1009 1796; x_wconf 88' lang='lat' dir='ltr'><strong>est</strong></span> <span class='ocrx_word' id='word_1_46' title='bbox 1033 1721 1167 1796; x_wconf 88' lang='lat' dir='ltr'><strong>lnierui</strong></span> <span class='ocrx_word' id='word_1_47' title='bbox 1195 1722 1353 1817; x_wconf 86' lang='lat' dir='ltr'><strong>capitulo</strong></span> <span class='ocrx_word' id='word_1_48' title='bbox 1378 1721 1497 1795; x_wconf 86' lang='lat' dir='ltr'><strong>XViii.</strong></span> <span class='ocrx_word' id='word_1_49' title='bbox 1523 1722 1592 1795; x_wconf 90' lang='lat' dir='ltr'><strong>ista</strong></span> 
     </span>
     <span class='ocr_line' id='line_1_8' title="bbox 425 1832 1594 1946; baseline 0 -32"><span class='ocrx_word' id='word_1_50' title='bbox 425 1841 523 1946; x_wconf 84' lang='lat' dir='ltr'><strong>enirn</strong></span> <span class='ocrx_word' id='word_1_51' title='bbox 549 1840 699 1935; x_wconf 87' lang='lat' dir='ltr'><strong>decepta</strong></span> <span class='ocrx_word' id='word_1_52' title='bbox 724 1860 746 1914; x_wconf 95' lang='lat' dir='ltr'><strong>a</strong></span> <span class='ocrx_word' id='word_1_53' title='bbox 772 1842 905 1916; x_wconf 84' lang='lat' dir='ltr'><strong>iasone</strong></span> <span class='ocrx_word' id='word_1_54' title='bbox 922 1841 1070 1916; x_wconf 82' lang='lat' dir='ltr'><strong>recessit</strong></span> <span class='ocrx_word' id='word_1_55' title='bbox 1086 1841 1133 1916; x_wconf 90' lang='lat' dir='ltr'><strong>ab</strong></span> <span class='ocrx_word' id='word_1_56' title='bbox 1151 1841 1270 1916; x_wconf 88' lang='lat' dir='ltr'><strong>insuia</strong></span> <span class='ocrx_word' id='word_1_57' title='bbox 1290 1841 1429 1916; x_wconf 87' lang='lat' dir='ltr'><strong>Lemno</strong></span> <span class='ocrx_word' id='word_1_58' title='bbox 1440 1832 1490 1935; x_wconf 78' lang='lat'><strong>(³),</strong></span> <span class='ocrx_word' id='word_1_59' title='bbox 1509 1861 1594 1936; x_wconf 86' lang='lat' dir='ltr'><strong>quae</strong></span> 
     </span>
     <span class='ocr_line' id='line_1_9' title="bbox 424 1959 1593 2058; baseline -0.001 -22"><span class='ocrx_word' id='word_1_60' title='bbox 424 1967 550 2057; x_wconf 81' lang='lat' dir='ltr'><strong>postea</strong></span> <span class='ocrx_word' id='word_1_61' title='bbox 574 1961 705 2058; x_wconf 82' lang='lat' dir='ltr'><strong>graecis</strong></span> <span class='ocrx_word' id='word_1_62' title='bbox 730 1959 958 2036; x_wconf 89' lang='lat' dir='ltr'><strong>venientibus</strong></span> <span class='ocrx_word' id='word_1_63' title='bbox 984 1960 1020 2034; x_wconf 93' lang='lat' dir='ltr'><strong>in</strong></span> <span class='ocrx_word' id='word_1_64' title='bbox 1050 1959 1274 2034; x_wconf 88' lang='lat' dir='ltr'><strong>obsidionem</strong></span> <span class='ocrx_word' id='word_1_65' title='bbox 1308 1961 1530 2054; x_wconf 84' lang='lat' dir='ltr'><strong>Thebarum,</strong></span> <span class='ocrx_word' id='word_1_66' title='bbox 1556 1968 1593 2035; x_wconf 93' lang='lat' dir='ltr'><strong>et</strong></span> 
     </span>
     <span class='ocr_line' id='line_1_10' title="bbox 424 2080 1593 2175; baseline -0.001 -19"><span class='ocrx_word' id='word_1_67' title='bbox 424 2082 674 2174; x_wconf 87' lang='lat' dir='ltr'><strong>laborantibus</strong></span> <span class='ocrx_word' id='word_1_68' title='bbox 699 2082 767 2175; x_wconf 89' lang='lat' dir='ltr'><strong>siti,</strong></span> <span class='ocrx_word' id='word_1_69' title='bbox 787 2080 1005 2156; x_wconf 87' lang='lat' dir='ltr'><strong>monstravit</strong></span> <span class='ocrx_word' id='word_1_70' title='bbox 1021 2080 1158 2155; x_wconf 88' lang='lat' dir='ltr'><strong>iontem</strong></span> <span class='ocrx_word' id='word_1_71' title='bbox 1176 2082 1239 2175; x_wconf 93' lang='lat' dir='ltr'><strong>qui</strong></span> <span class='ocrx_word' id='word_1_72' title='bbox 1261 2081 1361 2155; x_wconf 88' lang='lat' dir='ltr'><strong>scius</strong></span> <span class='ocrx_word' id='word_1_73' title='bbox 1383 2101 1455 2155; x_wconf 92' lang='lat' dir='ltr'><strong>non</strong></span> <span class='ocrx_word' id='word_1_74' title='bbox 1481 2101 1593 2156; x_wconf 91' lang='lat' dir='ltr'><strong>arue-</strong></span> 
     </span>
    </p>
   </div>
   <div class='ocr_carea' id='block_1_3' title="bbox 423 2201 1731 2298">
    <p class='ocr_par' dir='ltr' id='par_1_3' title="bbox 423 2201 1731 2298">
     <span class='ocr_line' id='line_1_11' title="bbox 423 2201 1731 2298; baseline -0.002 -20"><span class='ocrx_word' id='word_1_75' title='bbox 423 2209 482 2278; x_wconf 86' lang='lat' dir='ltr'><strong>rat</strong></span> <span class='ocrx_word' id='word_1_76' title='bbox 506 2203 677 2278; x_wconf 84' lang='lat' dir='ltr'><strong>siccitate.</strong></span> <span class='ocrx_word' id='word_1_77' title='bbox 703 2203 794 2276; x_wconf 84' lang='lat' dir='ltr'><strong>Dicit</strong></span> <span class='ocrx_word' id='word_1_78' title='bbox 819 2223 928 2298; x_wconf 79' lang='lat' dir='ltr'><strong>ergo:</strong></span> <span class='ocrx_word' id='word_1_79' title='bbox 954 2204 1083 2292; x_wconf 84' lang='lat' dir='ltr'><strong>Vedesi,</strong></span> <span class='ocrx_word' id='word_1_80' title='bbox 1102 2201 1197 2275; x_wconf 88' lang='lat' dir='ltr'><strong>inter</strong></span> <span class='ocrx_word' id='word_1_81' title='bbox 1211 2202 1303 2276; x_wconf 89' lang='lat' dir='ltr'><strong>aiias</strong></span> <span class='ocrx_word' id='word_1_82' title='bbox 1319 2201 1493 2277; x_wconf 84' lang='lat' dir='ltr'><strong>mutieres</strong></span> <span class='ocrx_word' id='word_1_83' title='bbox 1509 2203 1593 2276; x_wconf 91' lang='lat' dir='ltr'><strong>iiiu-</strong></span> <span class='ocrx_word' id='word_1_84' title='bbox 1724 2231 1731 2253; x_wconf 50' lang='lat' dir='ltr'><strong>r</strong></span> 
     </span>
    </p>
   </div>
   <div class='ocr_carea' id='block_1_4' title="bbox 419 2320 1593 4693">
    <p class='ocr_par' dir='ltr' id='par_1_4' title="bbox 420 2320 1593 3853">
     <span class='ocr_line' id='line_1_12' title="bbox 422 2320 1592 2418; baseline -0.001 -23"><span class='ocrx_word' id='word_1_85' title='bbox 422 2328 528 2417; x_wconf 84' lang='lat' dir='ltr'><strong>sires,</strong></span> <span class='ocrx_word' id='word_1_86' title='bbox 545 2324 673 2414; x_wconf 77' lang='lat' dir='ltr'><strong>quella,</strong></span> <span class='ocrx_word' id='word_1_87' title='bbox 689 2322 835 2416; x_wconf 83' lang='lat' dir='ltr'><strong>sciticet,</strong></span> <span class='ocrx_word' id='word_1_88' title='bbox 849 2321 1081 2418; x_wconf 85' lang='lat' dir='ltr'><strong>Hypsypiiem</strong></span> <span class='ocrx_word' id='word_1_89' title='bbox 1098 2320 1209 2394; x_wconf 86' lang='lat' dir='ltr'><strong>filiam</strong></span> <span class='ocrx_word' id='word_1_90' title='bbox 1223 2320 1394 2395; x_wconf 82' lang='lat' dir='ltr'><strong>Thoantis</strong></span> <span class='ocrx_word' id='word_1_91' title='bbox 1411 2321 1519 2418; x_wconf 80' lang='lat' dir='ltr'><strong>regis,</strong></span> <span class='ocrx_word' id='word_1_92' title='bbox 1532 2325 1592 2395; x_wconf 81' lang='lat' dir='ltr'><strong>cte</strong></span> 
     </span>
     <span class='ocr_line' id='line_1_13' title="bbox 423 2433 1593 2536; baseline 0 -20"><span class='ocrx_word' id='word_1_93' title='bbox 423 2433 556 2516; x_wconf 78' lang='lat' dir='ltr'><strong>nostri</strong></span> <span class='ocrx_word' id='word_1_94' title='bbox 580 2446 732 2536; x_wconf 73' lang='lat' dir='ltr'><strong>Lonptu,</strong></span> <span class='ocrx_word' id='word_1_95' title='bbox 758 2441 894 2517; x_wconf 90' lang='lat' dir='ltr'><strong>iontem</strong></span> <span class='ocrx_word' id='word_1_96' title='bbox 922 2441 1145 2516; x_wconf 86' lang='lat' dir='ltr'><strong>thebanum:</strong></span> <span class='ocrx_word' id='word_1_97' title='bbox 1172 2440 1219 2514; x_wconf 89' lang='lat' dir='ltr'><strong>de</strong></span> <span class='ocrx_word' id='word_1_98' title='bbox 1243 2442 1313 2514; x_wconf 90' lang='lat' dir='ltr'><strong>hoc</strong></span> <span class='ocrx_word' id='word_1_99' title='bbox 1337 2439 1456 2513; x_wconf 87' lang='lat' dir='ltr'><strong>dicam</strong></span> <span class='ocrx_word' id='word_1_100' title='bbox 1486 2442 1593 2536; x_wconf 89' lang='lat' dir='ltr'><strong>piene</strong></span> 
     </span>
     <span class='ocr_line' id='line_1_14' title="bbox 423 2559 1593 2659; baseline 0 -23"><span class='ocrx_word' id='word_1_101' title='bbox 423 2562 517 2638; x_wconf 88' lang='lat' dir='ltr'><strong>inira</strong></span> <span class='ocrx_word' id='word_1_102' title='bbox 548 2561 1056 2659; x_wconf 84' lang='lat' dir='ltr'><strong>capituioXXV1,ideohic</strong></span> <span class='ocrx_word' id='word_1_103' title='bbox 1087 2567 1311 2655; x_wconf 84' lang='lat' dir='ltr'><strong>pertranseo,</strong></span> <span class='ocrx_word' id='word_1_104' title='bbox 1338 2559 1425 2654; x_wconf 87' lang='lat' dir='ltr'><strong>quia</strong></span> <span class='ocrx_word' id='word_1_105' title='bbox 1456 2560 1505 2634; x_wconf 88' lang='lat' dir='ltr'><strong>ibi</strong></span> <span class='ocrx_word' id='word_1_106' title='bbox 1537 2569 1593 2636; x_wconf 88' lang='lat' dir='ltr'><strong>est</strong></span> 
     </span>
     <span class='ocr_line' id='line_1_15' title="bbox 423 2679 1591 2778; baseline -0.003 -21"><span class='ocrx_word' id='word_1_107' title='bbox 423 2683 570 2778; x_wconf 90' lang='lat' dir='ltr'><strong>propria</strong></span> <span class='ocrx_word' id='word_1_108' title='bbox 596 2682 770 2776; x_wconf 77' lang='lat' dir='ltr'><strong>materia,</strong></span> <span class='ocrx_word' id='word_1_109' title='bbox 789 2687 825 2756; x_wconf 88' lang='lat' dir='ltr'><strong>et</strong></span> <span class='ocrx_word' id='word_1_110' title='bbox 842 2681 943 2756; x_wconf 90' lang='lat' dir='ltr'><strong>dicit:</strong></span> <span class='ocrx_word' id='word_1_111' title='bbox 961 2683 1038 2752; x_wconf 85' lang='lat' dir='ltr'><strong>cavi</strong></span> <span class='ocrx_word' id='word_1_112' title='bbox 1057 2683 1094 2753; x_wconf 87' lang='lat' dir='ltr'><strong>la</strong></span> <span class='ocrx_word' id='word_1_113' title='bbox 1106 2683 1208 2772; x_wconf 73' lang='lat' dir='ltr'><strong>fipiio</strong></span> <span class='ocrx_word' id='word_1_114' title='bbox 1222 2682 1261 2754; x_wconf 82' lang='lat' dir='ltr'><strong>di</strong></span> <span class='ocrx_word' id='word_1_115' title='bbox 1281 2682 1426 2772; x_wconf 75' lang='lat' dir='ltr'><strong>rtresia,</strong></span> <span class='ocrx_word' id='word_1_116' title='bbox 1445 2679 1591 2775; x_wconf 89' lang='lat' dir='ltr'><strong>sciiicet,</strong></span> 
     </span>
     <span class='ocr_line' id='line_1_16' title="bbox 423 2798 1591 2897; baseline -0.003 -19"><span class='ocrx_word' id='word_1_117' title='bbox 423 2803 582 2895; x_wconf 84' lang='lat' dir='ltr'><strong>Mantho,</strong></span> <span class='ocrx_word' id='word_1_118' title='bbox 607 2803 653 2877; x_wconf 90' lang='lat' dir='ltr'><strong>de</strong></span> <span class='ocrx_word' id='word_1_119' title='bbox 678 2822 752 2895; x_wconf 91' lang='lat' dir='ltr'><strong>qua</strong></span> <span class='ocrx_word' id='word_1_120' title='bbox 778 2803 884 2897; x_wconf 87' lang='lat' dir='ltr'><strong>piene</strong></span> <span class='ocrx_word' id='word_1_121' title='bbox 902 2801 1037 2875; x_wconf 89' lang='lat' dir='ltr'><strong>dictum</strong></span> <span class='ocrx_word' id='word_1_122' title='bbox 1060 2806 1115 2873; x_wconf 91' lang='lat' dir='ltr'><strong>est</strong></span> <span class='ocrx_word' id='word_1_123' title='bbox 1131 2798 1265 2874; x_wconf 80' lang='lat' dir='ltr'><strong>inferni</strong></span> <span class='ocrx_word' id='word_1_124' title='bbox 1281 2799 1440 2894; x_wconf 87' lang='lat' dir='ltr'><strong>capitulo</strong></span> <span class='ocrx_word' id='word_1_125' title='bbox 1457 2801 1536 2894; x_wconf 81' lang='lat' dir='ltr'><strong>XX,</strong></span> <span class='ocrx_word' id='word_1_126' title='bbox 1553 2807 1591 2875; x_wconf 92' lang='lat' dir='ltr'><strong>et</strong></span> 
     </span>
     <span class='ocr_line' id='line_1_17' title="bbox 424 2917 1589 3013; baseline -0.002 -17"><span class='ocrx_word' id='word_1_127' title='bbox 424 2922 482 2998; x_wconf 89' lang='lat' dir='ltr'><strong>hic</strong></span> <span class='ocrx_word' id='word_1_128' title='bbox 508 2921 652 2997; x_wconf 87' lang='lat' dir='ltr'><strong>videtur</strong></span> <span class='ocrx_word' id='word_1_129' title='bbox 677 2927 786 2996; x_wconf 88' lang='lat' dir='ltr'><strong>autor</strong></span> <span class='ocrx_word' id='word_1_130' title='bbox 810 2919 1060 2994; x_wconf 86' lang='lat' dir='ltr'><strong>contradicere</strong></span> <span class='ocrx_word' id='word_1_131' title='bbox 1077 2918 1155 3013; x_wconf 90' lang='lat' dir='ltr'><strong>sibi,</strong></span> <span class='ocrx_word' id='word_1_132' title='bbox 1176 2917 1239 3013; x_wconf 93' lang='lat' dir='ltr'><strong>qui</strong></span> <span class='ocrx_word' id='word_1_133' title='bbox 1264 2919 1384 3013; x_wconf 86' lang='lat' dir='ltr'><strong>posuit</strong></span> <span class='ocrx_word' id='word_1_134' title='bbox 1408 2919 1515 2992; x_wconf 89' lang='lat' dir='ltr'><strong>istam</strong></span> <span class='ocrx_word' id='word_1_135' title='bbox 1541 2919 1589 2994; x_wconf 88' lang='lat' dir='ltr'><strong>ibi</strong></span> 
     </span>
     <span class='ocr_line' id='line_1_18' title="bbox 422 3037 1588 3135; baseline -0.003 -19"><span class='ocrx_word' id='word_1_136' title='bbox 422 3042 518 3116; x_wconf 88' lang='lat' dir='ltr'><strong>inter</strong></span> <span class='ocrx_word' id='word_1_137' title='bbox 541 3041 774 3133; x_wconf 83' lang='lat' dir='ltr'><strong>divinatores,</strong></span> <span class='ocrx_word' id='word_1_138' title='bbox 800 3060 898 3115; x_wconf 91' lang='lat' dir='ltr'><strong>nunc</strong></span> <span class='ocrx_word' id='word_1_139' title='bbox 923 3039 1022 3135; x_wconf 90' lang='lat' dir='ltr'><strong>ponit</strong></span> <span class='ocrx_word' id='word_1_140' title='bbox 1047 3059 1130 3116; x_wconf 88' lang='lat' dir='ltr'><strong>earn</strong></span> <span class='ocrx_word' id='word_1_141' title='bbox 1150 3037 1245 3114; x_wconf 89' lang='lat' dir='ltr'><strong>inter</strong></span> <span class='ocrx_word' id='word_1_142' title='bbox 1261 3038 1402 3112; x_wconf 87' lang='lat' dir='ltr'><strong>animas</strong></span> <span class='ocrx_word' id='word_1_143' title='bbox 1422 3039 1588 3134; x_wconf 81' lang='lat' dir='ltr'><strong>piorum3</strong></span> 
     </span>
     <span class='ocr_line' id='line_1_19' title="bbox 421 3157 1588 3262; baseline -0.002 -26"><span class='ocrx_word' id='word_1_144' title='bbox 421 3167 540 3258; x_wconf 86' lang='lat' dir='ltr'><strong>potest</strong></span> <span class='ocrx_word' id='word_1_145' title='bbox 564 3159 633 3234; x_wconf 92' lang='lat' dir='ltr'><strong>dici</strong></span> <span class='ocrx_word' id='word_1_146' title='bbox 653 3159 814 3235; x_wconf 86' lang='lat' dir='ltr'><strong>breviter</strong></span> <span class='ocrx_word' id='word_1_147' title='bbox 832 3158 930 3253; x_wconf 87' lang='lat' dir='ltr'><strong>quod</strong></span> <span class='ocrx_word' id='word_1_148' title='bbox 949 3160 1005 3234; x_wconf 90' lang='lat' dir='ltr'><strong>iric</strong></span> <span class='ocrx_word' id='word_1_149' title='bbox 1023 3179 1095 3232; x_wconf 91' lang='lat' dir='ltr'><strong>non</strong></span> <span class='ocrx_word' id='word_1_150' title='bbox 1115 3157 1260 3262; x_wconf 85' lang='lat' dir='ltr'><strong>respicit</strong></span> <span class='ocrx_word' id='word_1_151' title='bbox 1277 3157 1324 3231; x_wconf 90' lang='lat' dir='ltr'><strong>ad</strong></span> <span class='ocrx_word' id='word_1_152' title='bbox 1341 3157 1507 3252; x_wconf 89' lang='lat' dir='ltr'><strong>iimbum,</strong></span> <span class='ocrx_word' id='word_1_153' title='bbox 1525 3159 1588 3234; x_wconf 83' lang='lat' dir='ltr'><strong>sed</strong></span> 
     </span>
     <span class='ocr_line' id='line_1_20' title="bbox 420 3277 1587 3375; baseline -0.003 -19"><span class='ocrx_word' id='word_1_154' title='bbox 420 3281 467 3356; x_wconf 93' lang='lat' dir='ltr'><strong>ad</strong></span> <span class='ocrx_word' id='word_1_155' title='bbox 500 3299 688 3354; x_wconf 87' lang='lat' dir='ltr'><strong>carcerem</strong></span> <span class='ocrx_word' id='word_1_156' title='bbox 722 3299 886 3354; x_wconf 85' lang='lat' dir='ltr'><strong>caecum:</strong></span> <span class='ocrx_word' id='word_1_157' title='bbox 919 3301 938 3352; x_wconf 83' lang='lat' dir='ltr'><strong>e</strong></span> <span class='ocrx_word' id='word_1_158' title='bbox 975 3283 1062 3370; x_wconf 80' lang='lat' dir='ltr'><strong>Teii,</strong></span> <span class='ocrx_word' id='word_1_159' title='bbox 1093 3299 1178 3373; x_wconf 87' lang='lat' dir='ltr'><strong>quae</strong></span> <span class='ocrx_word' id='word_1_160' title='bbox 1209 3277 1276 3350; x_wconf 84' lang='lat' dir='ltr'><strong>fuit</strong></span> <span class='ocrx_word' id='word_1_161' title='bbox 1310 3284 1429 3352; x_wconf 91' lang='lat' dir='ltr'><strong>mater</strong></span> <span class='ocrx_word' id='word_1_162' title='bbox 1463 3279 1587 3375; x_wconf 79' lang='lat' dir='ltr'><strong>magni</strong></span> 
     </span>
     <span class='ocr_line' id='line_1_21' title="bbox 420 3397 1591 3494; baseline 0 -20"><span class='ocrx_word' id='word_1_163' title='bbox 420 3399 575 3493; x_wconf 76' lang='lat' dir='ltr'><strong>Achillis,</strong></span> <span class='ocrx_word' id='word_1_164' title='bbox 601 3400 648 3474; x_wconf 88' lang='lat' dir='ltr'><strong>de</strong></span> <span class='ocrx_word' id='word_1_165' title='bbox 672 3421 746 3494; x_wconf 87' lang='lat' dir='ltr'><strong>qua</strong></span> <span class='ocrx_word' id='word_1_166' title='bbox 772 3399 878 3474; x_wconf 88' lang='lat' dir='ltr'><strong>nimis</strong></span> <span class='ocrx_word' id='word_1_167' title='bbox 899 3399 1037 3475; x_wconf 87' lang='lat' dir='ltr'><strong>dictum</strong></span> <span class='ocrx_word' id='word_1_168' title='bbox 1056 3405 1110 3474; x_wconf 90' lang='lat' dir='ltr'><strong>est</strong></span> <span class='ocrx_word' id='word_1_169' title='bbox 1126 3399 1176 3472; x_wconf 82' lang='lat' dir='ltr'><strong>lx</strong></span> <span class='ocrx_word' id='word_1_170' title='bbox 1193 3398 1353 3494; x_wconf 88' lang='lat' dir='ltr'><strong>capitulo</strong></span> <span class='ocrx_word' id='word_1_171' title='bbox 1370 3397 1479 3472; x_wconf 90' lang='lat' dir='ltr'><strong>huius</strong></span> <span class='ocrx_word' id='word_1_172' title='bbox 1497 3401 1591 3474; x_wconf 88' lang='lat' dir='ltr'><strong>Pur-</strong></span> 
     </span>
     <span class='ocr_line' id='line_1_22' title="bbox 420 3517 1592 3616; baseline 0.003 -24"><span class='ocrx_word' id='word_1_173' title='bbox 420 3519 564 3616; x_wconf 78' lang='lat' dir='ltr'><strong>gatorii,</strong></span> <span class='ocrx_word' id='word_1_174' title='bbox 589 3541 608 3592; x_wconf 88' lang='lat' dir='ltr'><strong>e</strong></span> <span class='ocrx_word' id='word_1_175' title='bbox 638 3541 706 3592; x_wconf 84' lang='lat' dir='ltr'><strong>con</strong></span> <span class='ocrx_word' id='word_1_176' title='bbox 735 3523 766 3594; x_wconf 84' lang='lat' dir='ltr'><strong>ie</strong></span> <span class='ocrx_word' id='word_1_177' title='bbox 796 3541 901 3592; x_wconf 82' lang='lat' dir='ltr'><strong>ruore</strong></span> <span class='ocrx_word' id='word_1_178' title='bbox 929 3539 990 3592; x_wconf 83' lang='lat' dir='ltr'><strong>suc</strong></span> <span class='ocrx_word' id='word_1_179' title='bbox 1014 3521 1200 3592; x_wconf 67' lang='lat' dir='ltr'><strong>Maenio</strong></span> <span class='ocrx_word' id='word_1_180' title='bbox 1235 3538 1330 3592; x_wconf 81' lang='lat' dir='ltr'><strong>uror</strong></span> <span class='ocrx_word' id='word_1_181' title='bbox 1363 3517 1519 3613; x_wconf 75' lang='lat' dir='ltr'><strong>Achillis,</strong></span> <span class='ocrx_word' id='word_1_182' title='bbox 1544 3520 1592 3595; x_wconf 92' lang='lat' dir='ltr'><strong>de</strong></span> 
     </span>
     <span class='ocr_line' id='line_1_23' title="bbox 421 3638 1591 3734; baseline 0.003 -21"><span class='ocrx_word' id='word_1_183' title='bbox 421 3661 494 3734; x_wconf 88' lang='lat' dir='ltr'><strong>qua</strong></span> <span class='ocrx_word' id='word_1_184' title='bbox 520 3646 558 3714; x_wconf 90' lang='lat' dir='ltr'><strong>et</strong></span> <span class='ocrx_word' id='word_1_185' title='bbox 583 3639 663 3714; x_wconf 90' lang='lat' dir='ltr'><strong>eius</strong></span> <span class='ocrx_word' id='word_1_186' title='bbox 685 3639 873 3714; x_wconf 88' lang='lat' dir='ltr'><strong>sororibus</strong></span> <span class='ocrx_word' id='word_1_187' title='bbox 890 3638 1002 3714; x_wconf 86' lang='lat' dir='ltr'><strong>habes</strong></span> <span class='ocrx_word' id='word_1_188' title='bbox 1019 3638 1125 3733; x_wconf 87' lang='lat' dir='ltr'><strong>plene</strong></span> <span class='ocrx_word' id='word_1_189' title='bbox 1142 3639 1294 3734; x_wconf 79' lang='lat' dir='ltr'><strong>pretato</strong></span> <span class='ocrx_word' id='word_1_190' title='bbox 1315 3639 1491 3734; x_wconf 81' lang='lat' dir='ltr'><strong>capitui03</strong></span> <span class='ocrx_word' id='word_1_191' title='bbox 1509 3639 1591 3716; x_wconf 89' lang='lat' dir='ltr'><strong>ideo</strong></span> 
     </span>
     <span class='ocr_line' id='line_1_24' title="bbox 422 3747 657 3853; baseline -0.009 -18"><span class='ocrx_word' id='word_1_192' title='bbox 422 3759 507 3835; x_wconf 90' lang='lat' dir='ltr'><strong>nihii</strong></span> <span class='ocrx_word' id='word_1_193' title='bbox 533 3759 591 3835; x_wconf 88' lang='lat' dir='ltr'><strong>hic</strong></span> <span class='ocrx_word' id='word_1_194' title='bbox 607 3747 657 3853; x_wconf 72' lang='lat'><strong>(⁸).</strong></span> 
     </span>
    </p>

    <p class='ocr_par' dir='ltr' id='par_1_5' title="bbox 419 3878 1590 4693">
     <span class='ocr_line' id='line_1_25' title="bbox 500 3878 1590 3976; baseline 0.001 -22"><span class='ocrx_word' id='word_1_195' title='bbox 500 3883 698 3954; x_wconf 83' lang='lat' dir='ltr'><strong>Tuccvunsi.</strong></span> <span class='ocrx_word' id='word_1_196' title='bbox 724 3879 795 3953; x_wconf 89' lang='lat' dir='ltr'><strong>ista</strong></span> <span class='ocrx_word' id='word_1_197' title='bbox 825 3885 881 3954; x_wconf 72' lang='lat' dir='ltr'><strong>est</strong></span> <span class='ocrx_word' id='word_1_198' title='bbox 909 3884 1042 3974; x_wconf 88' lang='lat' dir='ltr'><strong>quarta</strong></span> <span class='ocrx_word' id='word_1_199' title='bbox 1073 3884 1112 3954; x_wconf 88' lang='lat' dir='ltr'><strong>et</strong></span> <span class='ocrx_word' id='word_1_200' title='bbox 1145 3878 1273 3953; x_wconf 88' lang='lat' dir='ltr'><strong>ultima</strong></span> <span class='ocrx_word' id='word_1_201' title='bbox 1299 3900 1384 3973; x_wconf 88' lang='lat' dir='ltr'><strong>pars</strong></span> <span class='ocrx_word' id='word_1_202' title='bbox 1408 3881 1590 3976; x_wconf 81' lang='lat' dir='ltr'><strong>generalis</strong></span> 
     </span>
     <span class='ocr_line' id='line_1_26' title="bbox 420 3997 1587 4094; baseline -0.002 -18"><span class='ocrx_word' id='word_1_203' title='bbox 420 4001 523 4076; x_wconf 90' lang='lat' dir='ltr'><strong>istius</strong></span> <span class='ocrx_word' id='word_1_204' title='bbox 542 3998 668 4076; x_wconf 88' lang='lat' dir='ltr'><strong>nobilis</strong></span> <span class='ocrx_word' id='word_1_205' title='bbox 685 3998 843 4094; x_wconf 88' lang='lat' dir='ltr'><strong>capituli,</strong></span> <span class='ocrx_word' id='word_1_206' title='bbox 862 4019 934 4072; x_wconf 94' lang='lat' dir='ltr'><strong>non</strong></span> <span class='ocrx_word' id='word_1_207' title='bbox 956 3997 1077 4070; x_wconf 90' lang='lat' dir='ltr'><strong>minus</strong></span> <span class='ocrx_word' id='word_1_208' title='bbox 1094 3997 1240 4072; x_wconf 87' lang='lat' dir='ltr'><strong>curiosa</strong></span> <span class='ocrx_word' id='word_1_209' title='bbox 1257 4003 1294 4072; x_wconf 90' lang='lat' dir='ltr'><strong>et</strong></span> <span class='ocrx_word' id='word_1_210' title='bbox 1313 3997 1459 4092; x_wconf 91' lang='lat' dir='ltr'><strong>copiosa</strong></span> <span class='ocrx_word' id='word_1_211' title='bbox 1476 4021 1587 4093; x_wconf 89' lang='lat' dir='ltr'><strong>quam</strong></span> 
     </span>
     <span class='ocr_line' id='line_1_27' title="bbox 419 4109 1589 4215; baseline -0.001 -20"><span class='ocrx_word' id='word_1_212' title='bbox 419 4121 512 4215; x_wconf 87' lang='lat' dir='ltr'><strong>aiiae,</strong></span> <span class='ocrx_word' id='word_1_213' title='bbox 530 4119 567 4194; x_wconf 94' lang='lat' dir='ltr'><strong>in</strong></span> <span class='ocrx_word' id='word_1_214' title='bbox 584 4141 658 4215; x_wconf 89' lang='lat' dir='ltr'><strong>qua</strong></span> <span class='ocrx_word' id='word_1_215' title='bbox 683 4126 790 4214; x_wconf 90' lang='lat' dir='ltr'><strong>poeta</strong></span> <span class='ocrx_word' id='word_1_216' title='bbox 805 4109 842 4211; x_wconf 79' lang='lat'><strong>(⁵)</strong></span> <span class='ocrx_word' id='word_1_217' title='bbox 864 4117 977 4192; x_wconf 88' lang='lat' dir='ltr'><strong>tendit</strong></span> <span class='ocrx_word' id='word_1_218' title='bbox 1001 4117 1048 4192; x_wconf 88' lang='lat' dir='ltr'><strong>ad</strong></span> <span class='ocrx_word' id='word_1_219' title='bbox 1073 4126 1220 4192; x_wconf 83' lang='lat' dir='ltr'><strong>sextum</strong></span> <span class='ocrx_word' id='word_1_220' title='bbox 1247 4118 1439 4211; x_wconf 83' lang='lat' dir='ltr'><strong>circutum,</strong></span> <span class='ocrx_word' id='word_1_221' title='bbox 1456 4117 1494 4192; x_wconf 90' lang='lat' dir='ltr'><strong>in</strong></span> <span class='ocrx_word' id='word_1_222' title='bbox 1513 4140 1589 4212; x_wconf 87' lang='lat' dir='ltr'><strong>quo</strong></span> 
     </span>
     <span class='ocr_line' id='line_1_28' title="bbox 419 4238 1587 4338; baseline -0.003 -23"><span class='ocrx_word' id='word_1_223' title='bbox 419 4241 572 4337; x_wconf 92' lang='lat' dir='ltr'><strong>punitur</strong></span> <span class='ocrx_word' id='word_1_224' title='bbox 596 4242 707 4338; x_wconf 78' lang='lat' dir='ltr'><strong>guia3</strong></span> <span class='ocrx_word' id='word_1_225' title='bbox 733 4245 770 4315; x_wconf 87' lang='lat' dir='ltr'><strong>et</strong></span> <span class='ocrx_word' id='word_1_226' title='bbox 796 4238 914 4334; x_wconf 90' lang='lat' dir='ltr'><strong>primo</strong></span> <span class='ocrx_word' id='word_1_227' title='bbox 939 4238 1155 4312; x_wconf 88' lang='lat' dir='ltr'><strong>continuans</strong></span> <span class='ocrx_word' id='word_1_228' title='bbox 1184 4245 1326 4334; x_wconf 91' lang='lat' dir='ltr'><strong>partem</strong></span> <span class='ocrx_word' id='word_1_229' title='bbox 1352 4238 1456 4333; x_wconf 91' lang='lat' dir='ltr'><strong>parti,</strong></span> <span class='ocrx_word' id='word_1_230' title='bbox 1482 4239 1587 4314; x_wconf 85' lang='lat' dir='ltr'><strong>dicit:</strong></span> 
     </span>
     <span class='ocr_line' id='line_1_29' title="bbox 425 4350 1586 4452; baseline -0.002 -18"><span class='ocrx_word' id='word_1_231' title='bbox 425 4362 615 4435; x_wconf 80' lang='lat' dir='ltr'><strong>Toccoonsi</strong></span> <span class='ocrx_word' id='word_1_232' title='bbox 636 4350 698 4451; x_wconf 68' lang='lat' dir='ltr'><strong>oso</strong></span> <span class='ocrx_word' id='word_1_233' title='bbox 718 4359 871 4432; x_wconf 71' lang='lat' dir='ltr'><strong>ammoni</strong></span> <span class='ocrx_word' id='word_1_234' title='bbox 895 4360 920 4430; x_wconf 82' lang='lat' dir='ltr'><strong>t·</strong></span> <span class='ocrx_word' id='word_1_235' title='bbox 939 4360 1044 4450; x_wconf 85' lang='lat' dir='ltr'><strong>poeti,</strong></span> <span class='ocrx_word' id='word_1_236' title='bbox 1071 4357 1174 4451; x_wconf 79' lang='lat' dir='ltr'><strong>idest,</strong></span> <span class='ocrx_word' id='word_1_237' title='bbox 1186 4358 1265 4452; x_wconf 80' lang='lat' dir='ltr'><strong>Jam</strong></span> <span class='ocrx_word' id='word_1_238' title='bbox 1292 4358 1453 4432; x_wconf 86' lang='lat' dir='ltr'><strong>iecerunt</strong></span> <span class='ocrx_word' id='word_1_239' title='bbox 1477 4358 1586 4434; x_wconf 83' lang='lat' dir='ltr'><strong>tinem</strong></span> 
     </span>
     <span class='ocr_line' id='line_1_30' title="bbox 420 4477 1586 4575; baseline -0.002 -21"><span class='ocrx_word' id='word_1_240' title='bbox 420 4480 530 4555; x_wconf 87' lang='lat' dir='ltr'><strong>nobiti</strong></span> <span class='ocrx_word' id='word_1_241' title='bbox 561 4479 734 4575; x_wconf 89' lang='lat' dir='ltr'><strong>sermoni,</strong></span> <span class='ocrx_word' id='word_1_242' title='bbox 760 4479 797 4553; x_wconf 90' lang='lat' dir='ltr'><strong>iu</strong></span> <span class='ocrx_word' id='word_1_243' title='bbox 829 4499 904 4573; x_wconf 85' lang='lat' dir='ltr'><strong>quo</strong></span> <span class='ocrx_word' id='word_1_244' title='bbox 936 4485 989 4552; x_wconf 88' lang='lat' dir='ltr'><strong>tut</strong></span> <span class='ocrx_word' id='word_1_245' title='bbox 1017 4477 1146 4572; x_wconf 90' lang='lat' dir='ltr'><strong>pulcra</strong></span> <span class='ocrx_word' id='word_1_246' title='bbox 1175 4484 1213 4552; x_wconf 89' lang='lat' dir='ltr'><strong>et</strong></span> <span class='ocrx_word' id='word_1_247' title='bbox 1236 4477 1397 4574; x_wconf 86' lang='lat' dir='ltr'><strong>jocunda</strong></span> <span class='ocrx_word' id='word_1_248' title='bbox 1431 4478 1586 4554; x_wconf 81' lang='lat' dir='ltr'><strong>invicem</strong></span> 
     </span>
     <span class='ocr_line' id='line_1_31' title="bbox 420 4583 1589 4693; baseline 0 -19"><span class='ocrx_word' id='word_1_249' title='bbox 420 4605 721 4693; x_wconf 85' lang='lat' dir='ltr'><strong>retractaveraut,</strong></span> <span class='ocrx_word' id='word_1_250' title='bbox 744 4601 782 4674; x_wconf 83' lang='lat' dir='ltr'><strong>di</strong></span> <span class='ocrx_word' id='word_1_251' title='bbox 798 4583 913 4672; x_wconf 82' lang='lat' dir='ltr'><strong>nuouo</strong></span> <span class='ocrx_word' id='word_1_252' title='bbox 928 4601 1047 4672; x_wconf 69' lang='lat' dir='ltr'><strong>utenti</strong></span> <span class='ocrx_word' id='word_1_253' title='bbox 1062 4618 1087 4668; x_wconf 88' lang='lat' dir='ltr'><strong><em>a</em></strong></span> <span class='ocrx_word' id='word_1_254' title='bbox 1101 4599 1300 4688; x_wconf 68' lang='lat' dir='ltr'><strong>niquarum</strong></span> <span class='ocrx_word' id='word_1_255' title='bbox 1318 4599 1474 4690; x_wconf 69' lang='lat' dir='ltr'><strong>mmmm,</strong></span> <span class='ocrx_word' id='word_1_256' title='bbox 1491 4598 1589 4674; x_wconf 91' lang='lat' dir='ltr'><strong>circa</strong></span> 
     </span>
    </p>
   </div>
   <div class='ocr_carea' id='block_1_5' title="bbox 411 4716 1651 4815">
    <p class='ocr_par' dir='ltr' id='par_1_6' title="bbox 411 4716 1651 4815">
     <span class='ocr_line' id='line_1_32' title="bbox 411 4716 1651 4815; baseline -0.002 -21"><span class='ocrx_word' id='word_1_257' title='bbox 411 4741 554 4815; x_wconf 85' lang='lat' dir='ltr'><strong>noram</strong></span> <span class='ocrx_word' id='word_1_258' title='bbox 580 4718 785 4812; x_wconf 88' lang='lat' dir='ltr'><strong>materiam,</strong></span> <span class='ocrx_word' id='word_1_259' title='bbox 812 4725 940 4814; x_wconf 79' lang='lat' dir='ltr'><strong>poete,</strong></span> <span class='ocrx_word' id='word_1_260' title='bbox 966 4716 1058 4812; x_wconf 90' lang='lat' dir='ltr'><strong>dico,</strong></span> <span class='ocrx_word' id='word_1_261' title='bbox 1083 4719 1184 4792; x_wconf 79' lang='lat' dir='ltr'><strong>libert</strong></span> <span class='ocrx_word' id='word_1_262' title='bbox 1208 4721 1271 4792; x_wconf 82' lang='lat' dir='ltr'><strong>dui</strong></span> <span class='ocrx_word' id='word_1_263' title='bbox 1292 4723 1382 4793; x_wconf 84' lang='lat' dir='ltr'><strong>satir</strong></span> <span class='ocrx_word' id='word_1_264' title='bbox 1402 4743 1421 4794; x_wconf 86' lang='lat' dir='ltr'><strong>e</strong></span> <span class='ocrx_word' id='word_1_265' title='bbox 1441 4723 1504 4793; x_wconf 82' lang='lat' dir='ltr'><strong>dai</strong></span> <span class='ocrx_word' id='word_1_266' title='bbox 1519 4740 1588 4812; x_wconf 86' lang='lat' dir='ltr'><strong>pu·</strong></span> <span class='ocrx_word' id='word_1_267' title='bbox 1649 4735 1651 4738; x_wconf 85' lang='lat'>·</span> 
     </span>
    </p>
   </div>
   <div class='ocr_carea' id='block_1_6' title="bbox 482 4942 1467 5166">
    <p class='ocr_par' dir='ltr' id='par_1_7' title="bbox 482 4942 1467 5166">
     <span class='ocr_line' id='line_1_33' title="bbox 482 4942 1388 5012; baseline -0.004 -12"><span class='ocrx_word' id='word_1_268' title='bbox 482 4948 510 5012; x_wconf 81' lang='lat'><strong>(¹)</strong></span> <span class='ocrx_word' id='word_1_269' title='bbox 525 4948 557 5000; x_wconf 85' lang='lat' dir='ltr'><strong>E.</strong></span> <span class='ocrx_word' id='word_1_270' title='bbox 574 4950 740 5010; x_wconf 74' lang='lat' dir='ltr'><strong>matrissuae,</strong></span> <span class='ocrx_word' id='word_1_271' title='bbox 757 4954 883 4999; x_wconf 75' lang='lat' dir='ltr'><strong>mutuam.</strong></span> <span class='ocrx_word' id='word_1_272' title='bbox 1085 4942 1114 5008; x_wconf 66' lang='grc' dir='ltr'><strong>(Ἴ</strong></span> <span class='ocrx_word' id='word_1_273' title='bbox 1131 4949 1185 5007; x_wconf 81' lang='grc'><strong>117,</strong></span> <span class='ocrx_word' id='word_1_274' title='bbox 1202 4946 1388 5010; x_wconf 73' lang='lat' dir='ltr'><strong>spectaculum.</strong></span> 
     </span>
     <span class='ocr_line' id='line_1_34' title="bbox 482 5023 1467 5090; baseline -0.015 -1"><span class='ocrx_word' id='word_1_275' title='bbox 482 5025 509 5090; x_wconf 82' lang='lat'><strong>(⁸)</strong></span> <span class='ocrx_word' id='word_1_276' title='bbox 525 5025 556 5076; x_wconf 78' lang='grc' dir='ltr'><strong>Ε·</strong></span> <span class='ocrx_word' id='word_1_277' title='bbox 572 5027 692 5078; x_wconf 64' lang='grc' dir='ltr'><strong>Ῐιθῐῦῐῑοδ·</strong></span> <span class='ocrx_word' id='word_1_278' title='bbox 1087 5025 1114 5086; x_wconf 81' lang='lat'><strong>(¹)</strong></span> <span class='ocrx_word' id='word_1_279' title='bbox 1130 5023 1161 5074; x_wconf 85' lang='lat' dir='ltr'><strong>B.</strong></span> <span class='ocrx_word' id='word_1_280' title='bbox 1176 5025 1220 5076; x_wconf 78' lang='lat' dir='ltr'><strong>iric</strong></span> <span class='ocrx_word' id='word_1_281' title='bbox 1235 5023 1267 5076; x_wconf 81' lang='lat' dir='ltr'><strong>tia</strong></span> <span class='ocrx_word' id='word_1_282' title='bbox 1282 5025 1342 5090; x_wconf 74' lang='lat' dir='ltr'><strong>ipsis</strong></span> <span class='ocrx_word' id='word_1_283' title='bbox 1357 5024 1467 5074; x_wconf 80' lang='lat' dir='ltr'><strong>dicetur.</strong></span> 
     </span>
     <span class='ocr_line' id='line_1_35' title="bbox 482 5101 858 5166; baseline -0.011 -11"><span class='ocrx_word' id='word_1_284' title='bbox 482 5101 510 5166; x_wconf 76' lang='lat'><strong>(¹)</strong></span> <span class='ocrx_word' id='word_1_285' title='bbox 525 5102 556 5154; x_wconf 80' lang='lat' dir='ltr'><strong>li.</strong></span> <span class='ocrx_word' id='word_1_286' title='bbox 573 5107 648 5166; x_wconf 75' lang='lat' dir='ltr'><strong>posu</strong></span> <span class='ocrx_word' id='word_1_287' title='bbox 664 5108 752 5154; x_wconf 85' lang='lat' dir='ltr'><strong>noster</strong></span> <span class='ocrx_word' id='word_1_288' title='bbox 768 5103 858 5152; x_wconf 84' lang='lat' dir='ltr'><strong>tendit.</strong></span> 
     </span>
    </p>
   </div>
   <div class='ocr_carea' id='block_1_7' title="bbox 0 0 2292 6841">
    <p class='ocr_par' dir='ltr' id='par_1_8' title="bbox 0 0 2292 6841">
     <span class='ocr_line' id='line_1_36' title="bbox 0 0 2292 6841; baseline 0 0"><span class='ocrx_word' id='word_1_289' title='bbox 0 0 2292 6841; x_wconf 95' lang='lat' dir='ltr'><strong> </strong></span> 
     </span>
    </p>
   </div>
  </div>
 </body>
</html>
