4575 6842
807 1009 945 1065 caurus
969 1008 1152 1065 summus.
1495 988 1573 1059 463·

395 1156 492 1231 unde
507 1149 544 1250 (¹)
572 1156 679 1231 multi
704 1164 741 1232 et
767 1157 892 1253 magni
918 1155 1057 1251 scopuli
1075 1162 1161 1228 sunt
1187 1154 1221 1227 in
1248 1153 1317 1227 isto
1342 1151 1569 1248 capitulo.-

394 1282 474 1351 Pcr.
500 1278 606 1351 Nunc
631 1276 779 1351 Beatrix
799 1277 907 1371 juxta
934 1274 1157 1371 promissum
1178 1273 1255 1349 vult
1272 1273 1416 1348 solvere
1433 1278 1567 1347 tactam

395 1396 658 1492 questionem
684 1402 721 1471 et
747 1396 865 1491 primo
891 1392 1078 1490 praemittil
1104 1394 1275 1467 morbum
1304 1398 1345 1466 ut
1370 1392 1568 1488 praereniat

394 1516 517 1592 debito
541 1516 670 1590 ordine
695 1516 742 1590 ad
769 1514 994 1590 remedium:
1015 1520 1051 1588 et
1077 1512 1163 1588 dicit
1183 1512 1356 1605 breviter,
1379 1512 1477 1605 quod
1494 1512 1568 1607 pri-

397 1657 481 1709 mus
497 1656 629 1731 parens
646 1634 889 1710 inobedientia
906 1655 972 1708 sua
990 1632 1178 1709 damnarit
1195 1653 1235 1707 se
1257 1641 1294 1707 ot
1316 1638 1432 1705 totum
1451 1652 1568 1727 genus

396 1757 614 1829 humanum.
649 1753 741 1829 Dicit
771 1774 885 1851 ergo:
916 1756 1022 1843 ouett'
1035 1773 1129 1845 unm,
1161 1752 1311 1847 scilicet,
1346 1751 1474 1845 Adam,
1510 1753 1570 1825 cte

396 1895 468 1948 non
492 1894 638 1967 noeque,
664 1896 750 1949 nam
777 1876 918 1970 primus
942 1875 1054 1948 bomo
1089 1879 1196 1948 natus
1225 1879 1280 1947 est
1311 1892 1379 1947 nec
1410 1872 1456 1948 do
1488 1872 1569 1949 viro

396 2015 465 2071 neo
489 1996 536 2072 de
562 1996 729 2089 muliere,
755 1995 891 2070 scilicet
914 1994 1050 2087 Adam3
1074 1992 1151 2068 imo
1176 1993 1356 2067 lormatus
1383 2014 1496 2067 manu
1514 1992 1568 2067 di-

397 2118 493 2211 vina,
520 2118 601 2193 ideo
626 2117 821 2213 perfectior
846 2117 964 2212 magis
985 2115 1168 2211 peccavit:
1188 2115 1371 2190 secundus
1390 2120 1569 2189 natusest

396 2236 443 2311 de
457 2237 536 2311 viro
550 2236 628 2311 sine
646 2237 815 2331 muliere,
829 2236 966 2311 scilicet
981 2236 1102 2310 Hera:
1119 2234 1250 2310 tertius
1269 2234 1315 2310 do
1333 2234 1413 2308 viro
1430 2240 1468 2308 et
1485 2254 1569 2307 mu-

396 2356 497 2450 liere,
512 2356 606 2431 sicut
618 2358 741 2431 naeteri
753 2355 1130 2450 concupiscentialiter
1143 2354 1237 2429 nati:
1252 2361 1408 2448 quartus
1428 2354 1473 2429 de
1487 2374 1572 2427 mu-

397 2474 487 2550 liere
507 2476 586 2551 sine
605 2476 745 2550 semine
765 2475 858 2550 virili
881 2496 947 2571 per
973 2475 1148 2550 virtutem
1171 2474 1392 2571 operationis
1414 2474 1570 2567 Summi,

397 2596 533 2671 scilicet
546 2596 723 2691 Christus,
735 2596 798 2691 qui
813 2595 969 2671 redemit
986 2616 1135 2690 omnes,
1149 2588 1269 2669 doond
1283 2602 1367 2670 tutto
1379 2618 1446 2669 suu
1453 2596 1570 2689 prole,

396 2714 489 2790 idest
514 2714 758 2789 successivam
786 2714 1049 2809 posteritatem,
1074 2710 1445 2809 connumeranda
1471 2713 1569 2789 enim

398 2834 545 2930 spiritus
572 2855 644 2909 non
671 2834 829 2909 obedivit
854 2835 930 2910 Deo
951 2836 1064 2930 justo,
1078 2835 1218 2931 judicio
1242 2836 1308 2911 Dei
1333 2834 1460 2910 habuit
1485 2854 1568 2909 cnr-

399 2976 468 3052 pus
493 2954 559 3029 sibi
586 2940 733 3030 rebelle.
759 2954 918 3030 Dederat
943 2956 1041 3030 enim
1068 2956 1166 3031 [leus
1197 2956 1333 3031 homini
1360 2955 1566 3030 libertatem

397 3074 536 3149 arbitrii
563 3081 604 3149 ut
630 3075 734 3149 lieret
758 3076 961 3172 gloriosior,
980 3097 1053 3150 non
1077 3078 1274 3172 peccando,
1291 3077 1460 3152 babendo
1484 3096 1569 3172 peo-

397 3194 501 3271 candi
527 3201 763 3289 potestatem3
790 3195 853 3269 sed
878 3196 954 3291 ipse
979 3196 1154 3271 continuo
1171 3204 1420 3294 transgressus
1443 3204 1497 3271 ost
1516 3196 1569 3271 le·

396 3336 482 3413 gem
509 3316 575 3391 sibi
601 3317 743 3411 datam3
766 3316 864 3390 unde
887 3316 990 3390 dicit:
1009 3337 1076 3409 per
1095 3338 1169 3391 oon
1185 3320 1339 3411 soffrt're,
1361 3317 1464 3411 idest,
1482 3317 1569 3411 qnia

397 3437 514 3511 noluit
546 3438 618 3532 pati
650 3438 769 3534 legem
786 3429 835 3530 (¹),
865 3440 939 3539 ello
969 3432 1081 3528 verti,
1113 3438 1260 3532 scillcet,
1291 3437 1570 3534 concupiscibili,

396 3558 457 3631 cle
476 3560 575 3631 ouole
587 3562 705 3652 pleno,
723 3556 859 3632 scilicet
885 3558 985 3652 legis,
1003 3578 1028 3631 a
1049 3580 1114 3633 suo
1129 3562 1256 3651 prode,
1274 3558 1377 3654 idest,
1393 3559 1440 3634 ad
1460 3579 1569 3633 suum

398 3677 605 3771 proiectum
641 3684 678 3752 et
712 3678 901 3773 meritum,
935 3680 1046 3772 quale
1080 3680 1148 3753 luit
1185 3687 1409 3775 praeceptum
1442 3679 1569 3754 datum

397 3796 485 3870 bdae
517 3818 540 3872 a
564 3797 729 3872 llomino.
756 3799 800 3872 Et
835 3798 957 3873 subdit
984 3798 1206 3895 gravitatem
1232 3806 1268 3874 et
1293 3799 1569 3874 diuturnitatem

398 3916 502 3990 istius
527 3917 652 4014 magni
678 3918 809 4011 morbi,
835 3919 883 3994 ad
907 3939 1019 4012 quem
1046 3939 1120 3993 non
1146 3918 1245 3993 vonit
1271 3919 1476 3994 remedium
1504 3920 1571 3995 nisi

400 4043 479 4130 post
497 4039 614 4112 multa
633 4038 744 4113 millia
764 4059 959 4114 annorum.
974 4038 1026 4112 Ad
1046 4038 1145 4131 quod
1168 4044 1222 4113 est
1244 4040 1445 4113 notandum
1472 4040 1571 4135 quod

399 4158 482 4233 licet
499 4158 598 4233 Deus
614 4159 825 4256 aprinoipio
838 4158 997 4255 potuerit
1015 4158 1209 4252 incarnari,
1229 4158 1343 4233 noluit
1361 4166 1486 4235 tamen
1504 4161 1571 4235 nisi

399 4276 436 4350 in
454 4276 528 4351 line
545 4279 767 4353 saeculornm
784 4278 1014 4373 procedente
1030 4278 1113 4375 lege
1130 4284 1274 4352 nature
1291 4286 1328 4353 et
1346 4279 1475 4375 figure
1491 4288 1572 4375 post

400 4398 625 4492 patriarchas
650 4404 688 4472 et
712 4400 920 4494 propbetas,
946 4398 1079 4493 quibus
1100 4404 1136 4473 et
1154 4419 1219 4493 per
1240 4420 1334 4494 quos
1359 4400 1425 4473 luit
1451 4388 1592 4475 incar?

398 4516 498 4592 natio
513 4516 736 4612 repromissa
751 4508 804 4610 (³);
822 4525 904 4612 post
920 4539 1014 4613 quos
1031 4518 1213 4593 incarnari
1230 4518 1400 4615 dignatus
1418 4527 1473 4595 est
1491 4528 1573 4596 tan-

399 4657 514 4731 quam
545 4636 583 4710 in
612 4636 723 4710 linem
758 4636 878 4731 ipsum
904 4642 942 4711 et
966 4637 1242 4733 plenitudinem,
1272 4638 1380 4733 Juxta
1413 4641 1570 4714 verbum

398 4757 569 4853 apostoli:
596 4762 689 4832 vend
717 4760 897 4851 plenitudo
934 4760 1108 4850 temporis.
1142 4758 1273 4832 Nullus
1303 4759 1401 4834 enim
1441 4762 1574 4857 quaerit

400 4878 585 4973 medicum
612 4878 680 4953 nisi
705 4885 901 4976 cognoscat
925 4879 1119 4972 morbum;
1141 4880 1265 4953 nullus
1290 4880 1423 4974 quaerit
1446 4882 1574 4957 docto·

462 5067 536 5132 (¹)1i.
552 5071 580 5118 et
595 5072 682 5120 umen
698 5066 784 5118 multi.
959 5066 987 5129 ι’)
1003 5067 1029 5119 S.
1045 5080 1061 5119 ο
1076 5072 1100 5129 t,
1117 5067 1202 5133 legem
1218 5068 1266 5119 slbl
1282 5068 1378 5130 deum,
1394 5083 1413 5120 a
1428 5069 1455 5121 lo
1469 5072 1547 5122 euru

466 5141 493 5207 (¹)
508 5142 539 5195 ll.
556 5144 690 5207 pronun.
