4575 6842
810 928 949 985 munus
973 930 1199 986 resonamus.
1516 922 1586 989 219

416 1073 470 1147 sol
495 1092 569 1147 non
594 1072 679 1148 iacit
703 1074 874 1148 umbram
893 1048 953 1168 ibt
972 1074 1058 1167 quia
1075 1075 1214 1150 directe
1227 1067 1264 1167 (¹)
1284 1076 1429 1171 respicit
1446 1083 1586 1151 terram

396 1192 528 1286 illam,
544 1196 644 1286 spiri,
662 1194 808 1288 scilicet,
826 1200 1007 1267 austrum.
1023 1196 1129 1269 Nunc
1145 1193 1335 1269 considera
1351 1196 1382 1269 si
1399 1196 1468 1271 ista
1485 1218 1590 1272 com-

415 1313 556 1409 paratio
581 1318 636 1387 est
649 1304 687 1405 (²)
707 1313 853 1408 propria
879 1334 945 1409 per
971 1313 1134 1409 singulas
1154 1314 1210 1387 sui
1228 1321 1371 1409 partes;
1390 1336 1474 1391 nam
1492 1318 1588 1392 bene

414 1432 589 1507 assimilat
606 1438 769 1507 montem
786 1432 897 1506 istum
916 1432 1031 1507 altum
1051 1454 1243 1509 amoenum
1264 1433 1452 1529 Apennino
1470 1435 1585 1510 monti

413 1554 489 1628 alto
515 1560 553 1628 et
575 1572 737 1645 amoenu,
755 1559 792 1627 et
808 1554 961 1629 arbores
980 1553 1157 1650 Apennini
1174 1555 1242 1630 sibi
1263 1561 1348 1630 nato
1366 1555 1462 1631 inter
1479 1576 1587 1630 mon·

414 1679 469 1747 tes
494 1671 687 1768 Apennini:
715 1672 777 1745 nix
802 1674 885 1747 alba
911 1678 948 1748 et
973 1695 1067 1769 pura
1093 1682 1149 1749 est
1169 1675 1291 1750 anima
1310 1676 1390 1749 eius
1410 1675 1468 1748 bic
1484 1675 1586 1749 deal-

413 1794 499 1868 bata
516 1798 553 1867 et
569 1792 748 1887 depurata
764 1792 812 1867 ab
832 1794 933 1868 omui
951 1796 1113 1890 macula3
1134 1802 1266 1873 ventus
1285 1796 1430 1890 boreus,
1450 1796 1513 1889 qui
1531 1802 1587 1870 est

414 1914 553 2010 rigidus
578 1914 641 1989 sed
666 1934 788 2008 senua,
815 1921 870 1988 est
894 1915 1012 1989 oratio
1042 1915 1216 1990 Beatricis
1239 1902 1370 2011 aspera
1395 1916 1460 1991 sed
1489 1916 1586 1991 utitis

414 2040 610 2130 penetrans
634 2032 680 2107 ad
705 2054 789 2126 cor;
813 2040 943 2109 ventus
954 2026 991 2125 (³)
1009 2040 1137 2109 auster
1153 2035 1292 2109 calidus
1309 2035 1485 2111 inducens
1502 2038 1585 2130 pin-

413 2153 491 2229 vias
517 2161 572 2229 est
597 2163 726 2229 cantus
751 2155 969 2250 angelorum
996 2154 1171 2231 inducens
1202 2143 1385 2253 lacrymas
1409 2162 1447 2232 et
1470 2156 1585 2231 distit-

413 2274 491 2351 lare
516 2274 649 2349 iaciens
675 2294 781 2350 more
808 2273 915 2355 nivis„

485 2397 577 2487 Ello,
594 2415 665 2487 pur·
679 2399 806 2488 sermo
834 2396 905 2468 Ista
930 2402 987 2469 est
1002 2401 1134 2488 quarta
1160 2400 1198 2469 et
1222 2394 1350 2469 ultima
1367 2416 1453 2491 pars
1469 2415 1583 2491 geue·

415 2516 512 2610 ratis,
537 2515 574 2587 in
600 2510 674 2609 dua
700 2522 806 2609 poeta
831 2514 987 2589 ostendit
1012 2515 1171 2609 qualiter
1186 2515 1333 2591 Beatrix
1356 2516 1482 2591 iecerit
1503 2538 1584 2592 ma·

412 2655 523 2731 gnam
549 2634 971 2709 commendationemde
990 2654 1138 2709 cocum
1167 2636 1296 2709 maiori
1321 2636 1581 2731 increpatione.

410 2756 453 2829 Et
479 2753 599 2848 primo
624 2753 780 2827 ostendit
798 2754 896 2847 quod
912 2754 1058 2829 Beatrix
1076 2755 1316 2851 assignaverit
1332 2776 1482 2831 causam
1504 2776 1582 2831 sure

410 2873 666 2969 increpationis
691 2874 830 2971 angelis
855 2874 1164 2949 intercedentibus
1183 2896 1250 2971 pro
1272 2896 1334 2971 θος
1354 2877 1453 2952 unde
1477 2877 1580 2952 dicit:

412 2998 501 3089 atto,
525 2995 671 3090 scilicet,
689 2995 847 3089 Beatrix,
860 3016 933 3087 pur
946 2999 1076 3090 samu,
1099 2996 1137 3069 in
1155 2995 1336 3091 rigiditate
1352 3018 1432 3089 sua,
1451 3000 1580 3072 stando

409 3120 447 3189 tu
469 3137 511 3189 su
537 3118 573 3189 lu
597 3118 717 3191 duda
741 3118 869 3209 cossio,
897 3115 946 3190 ita
976 3115 1075 3209 quod
1099 3115 1245 3191 videtur
1277 3116 1452 3191 transisse
1481 3138 1503 3191 a
1529 3117 1579 3190 si·

410 3235 522 3311 nistra
547 3234 594 3310 ad
619 3236 800 3330 dextram,
825 3256 910 3330 quae
940 3243 996 3311 est
1027 3257 1166 3311 novum
1200 3242 1479 3331 testamentum3
1509 3237 1580 3312 alia

408 3361 533 3431 tamen
557 3356 663 3431 litera
688 3357 810 3450 babet,
826 3358 864 3430 iu
880 3378 921 3429 su
948 3359 984 3429 lu
1000 3358 1092 3429 detta
1111 3359 1240 3445 coactu,
1257 3355 1403 3451 scilicet,
1420 3356 1576 3452 sinistra,

408 3494 482 3551 nun
508 3482 665 3570 mutata,
691 3479 785 3549 colse
809 3480 840 3549 lc
863 3498 924 3549 sue
942 3478 1070 3568 parole
1087 3468 1159 3550 eost
1175 3480 1300 3568 pusato
1319 3480 1387 3549 atre
1402 3480 1597 3551 mummio,

403 3598 473 3687 pic,
499 3593 602 3689 idest,
632 3594 677 3669 ad
709 3596 871 3692 angelos
904 3596 970 3689 qui
999 3596 1057 3690 pie
1086 3595 1404 3690 compatiebantur
1427 3596 1515 3699 sibi3
1542 3604 1580 3673 et

407 3734 494 3791 ecce
520 3716 607 3809 quid
624 3716 731 3790 dixit:
750 3719 808 3790 oot'
823 3718 962 3808 cipitata
978 3718 1056 3787 uclt'
1069 3722 1188 3787 eterno
1204 3717 1273 3807 die,
1291 3715 1394 3809 idest,
1412 3716 1447 3789 in
1465 3723 1578 3791 aeter-

406 3836 530 3927 nitate,
555 3828 586 3909 st
609 3837 669 3908 circ
693 3843 784 3909 uode
808 3832 854 3909 ud
875 3855 1001 3925 sermo,
1019 3834 1083 3928 qui
1103 3854 1177 3907 non
1194 3834 1291 3909 cadit
1310 3836 1347 3907 in
1372 3834 1487 3928 vobis,
1504 3857 1578 3909 nou

402 3960 489 4050 liora
514 3978 538 4029 u
563 3960 633 4048 voi,
658 3956 759 4050 idest,
787 3976 860 4031 non
885 3955 991 4050 eripit
1017 3955 1119 4030 vobis
1146 3956 1312 4048 latenter,
1330 3976 1452 4047 passo,
1473 3956 1576 4049 idest,

406 4081 649 4169 momentum,
676 4077 734 4151 vel
759 4076 906 4168 instans,
939 4076 999 4147 cde
1019 4076 1136 4167 [ardu
1166 4076 1309 4147 usecot
1330 4094 1400 4167 per
1422 4095 1484 4149 suc
1510 4078 1574 4169 uie,

405 4216 471 4291 per
496 4195 675 4271 decursus
700 4203 929 4291 temporum3
957 4194 1061 4288 quasi
1086 4193 1200 4293 dicat:
1218 4193 1343 4269 omnia
1367 4199 1453 4267 sunt
1468 4195 1576 4270 tobis

406 4316 606 4410 manifesta,
633 4316 719 4411 quia
745 4315 873 4391 videtis
897 4315 934 4390 in
961 4316 1047 4408 Deo,
1071 4312 1153 4389 ideo
1179 4334 1263 4387 non·
1278 4319 1334 4387 est
1358 4333 1451 4408 opus
1477 4316 1574 4407 quod

403 4434 523 4510 dicam
545 4436 647 4510 vobis
662 4424 698 4530 (ι)
719 4436 920 4530 manifesta,
942 4455 1089 4511 errores
1115 4439 1154 4510 et
1178 4434 1303 4530 cuipas
1328 4433 1432 4509 istius
1458 4436 1575 4511 bomi-

403 4556 469 4649 nis,
496 4556 582 4650 quia
609 4556 658 4631 ita
685 4557 779 4632 bene
804 4555 901 4631 scitis
926 4554 1019 4629 sicut
1044 4576 1134 4651 ego;
1165 4554 1229 4631 sed
1259 4560 1384 4629 tamur
1414 4556 1575 4631 narrabo

402 4675 449 4751 ad
473 4675 723 4751 contusionem
755 4675 846 4751 eius.
882 4675 985 4750 Unde
1015 4675 1117 4749 dicit:
1149 4677 1253 4765 ouda,
1284 4674 1388 4768 idest,
1419 4674 1512 4769 ideo,
1538 4678 1575 4750 tu

400 4801 474 4871 mia
498 4800 663 4891 nsposta,
688 4796 735 4872 ad
761 4818 836 4891 vus,
862 4793 970 4889 deon
989 4791 1053 4889 prii
1079 4816 1180 4886 curu,
1200 4798 1261 4869 cte
1284 4798 1330 4869 m'
1343 4798 1485 4869 attendo
1512 4816 1573 4869 co-

465 4984 493 5047 i')
510 4990 564 5043 117,
581 4990 660 5035 fecie·
1080 4982 1335 5046 (¹)1t‚.up10prts,
1393 4972 1395 4977 ’

465 5060 491 5125 (¹)
508 5062 539 5111 Ε.
556 5067 646 5111 ventus
661 5061 694 5111 ab
709 5066 797 5111 curuo
813 5059 919 5111 calidus.
1078 5057 1106 5119 (¹)
1122 5063 1169 5111 ¹¹⁷
1184 5072 1200 5111 e
1216 5060 1247 5111 li.
1264 5060 1336 5113 vobis
1350 5074 1463 5111 mrorcs.
