4575 6842
740 964 810 1033 ato
1132 977 1337 1034 munuum
1363 981 1528 1034 nannoni

737 1141 862 1218 opere,
889 1129 1024 1218 tamen
1052 1123 1138 1218 quia
1171 1131 1282 1199 autor
1310 1126 1452 1221 poetice
1485 1125 1656 1202 describit
1688 1128 1912 1223 paradisum,

737 1262 834 1338 saepe
851 1241 1051 1338 fatigantur
1076 1249 1113 1318 ct
1137 1243 1315 1320 iallnntur
1333 1265 1467 1344 magna
1485 1247 1632 1344 ingenia
1651 1248 1911 1346 theologorum

593 1387 599 1398 ·
737 1363 774 1438 in
799 1364 877 1460 ipso
902 1363 1153 1460 intelligend03
1180 1365 1278 1461 quod
1303 1367 1433 1442 accidit
1449 1367 1531 1442 viro
1555 1368 1708 1464 praeiato
1733 1369 1796 1463 qui
1822 1369 1914 1443 scri·

737 1484 805 1580 psit
831 1505 942 1580 super
967 1485 1102 1560 librum
1129 1485 1252 1580 istum,
1270 1493 1308 1561 et
1328 1488 1445 1562 multa
1471 1507 1566 1562 vana
1585 1495 1623 1563 et
1640 1488 1910 1583 impertinentia

736 1604 836 1678 dixit.
851 1645 900 1659 -
916 1607 1009 1694 Quci.
1036 1606 1100 1680 llic
1125 1611 1233 1700 poeta
1260 1608 1386 1682 volens
1410 1606 1578 1682 animare
1590 1599 1628 1700 (⁴)
1647 1608 1743 1704 ipsos
1764 1609 1911 1684 scienti-

735 1725 824 1801 iioos
849 1725 895 1800 ad
921 1727 1151 1820 sequendum
1176 1747 1287 1800 suum
1315 1746 1420 1821 opus,
1442 1726 1598 1802 ostendit
1622 1728 1829 1804 mirabilem
1854 1729 1909 1803 el-

735 1845 871 1921 lectum
899 1846 978 1920 eius
1005 1867 1070 1940 per
1096 1866 1207 1921 unam
1225 1846 1539 1941 comparationem
1560 1848 1835 1942 pulcerrimum.
1853 1847 1908 1922 ld

735 1966 842 2041 cuius
867 1966 1141 2062 intelligentiam
1168 1973 1255 2042 nota
1279 1967 1379 2060 quod
1405 1967 1492 2042 socii
1526 1967 1666 2042 lasonis
1696 1968 1909 2043 habuerunt

735 2085 915 2181 duplicem
929 2087 1232 2182 admirationem3
1249 2089 1381 2184 primo,
1395 2087 1544 2183 quando
1561 2088 1732 2163 viderunt
1748 2089 1907 2184 primam

735 2227 908 2303 magnam
935 2207 1070 2302 navim,
1092 2227 1180 2284 cum
1207 2207 1315 2282 lason
1341 2207 1527 2305 navigavit
1552 2228 1669 2302 mare,
1686 2209 1786 2303 quod
1801 2191 1909 2282 'nun-

734 2349 846 2422 quam
859 2317 896 2419 (²)
916 2327 952 2399 in
969 2333 1079 2402 antea
1092 2326 1234 2422 iuerat;
1248 2328 1422 2422 secundo,
1436 2328 1584 2422 quando
1598 2328 1769 2404 viderunt
1784 2329 1905 2424 ipsum

733 2449 822 2523 dum
850 2447 1073 2543 pervenisset
1098 2447 1144 2521 ad
1171 2454 1311 2523 terram
1331 2449 1552 2523 Colchorum
1572 2450 1757 2526 seminare
1780 2450 1908 2526 dentes

732 2569 922 2666 serpentis,
940 2589 986 2643 ex
1013 2568 1148 2663 quibus
1172 2569 1347 2644 continuo
1373 2569 1446 2644 nati
1472 2577 1558 2644 sunt
1577 2571 1746 2646 homines
1761 2570 1905 2646 armati.

732 2691 785 2766 lta
810 2691 856 2766 ad
882 2689 1109 2787 propositum
1136 2691 1215 2768 vult
1228 2690 1352 2766 dicere
1368 2698 1497 2766 autor:
1516 2711 1582 2766 vos
1602 2691 1722 2787 primo
1740 2691 1906 2767 videbitis
2038 2697 2041 2700 ’

733 2831 905 2910 magnam
942 2830 1076 2884 novam
1110 2810 1248 2904 navim,
1278 2810 1381 2904 idest,
1415 2831 1594 2908 magnum
1624 2831 1718 2906 opus
1752 2831 1904 2905 novum,

732 2932 831 3028 quod
856 2937 965 3006 antea
991 2951 1063 3004 non
1090 2930 1246 3025 vidistis3
1272 2931 1445 3025 secundo,
1471 2930 1647 3025 videbitis,
1666 2931 1765 3026 quod
1789 2951 1836 3006 ex
1864 2952 1905 3006 re

731 3052 791 3125 vili
817 3057 1017 3125 nascentur
1042 3049 1174 3125 milites
1193 3051 1337 3146 armati,
1359 3051 1462 3146 idest,
1480 3072 1525 3126 ex
1544 3052 1666 3126 verbis
1688 3051 1902 3148 vulgaribus
1943 3068 1950 3076 ·

730 3178 928 3248 nascentur
954 3171 1066 3245 sortes
1087 3171 1287 3246 sententiae.
1305 3170 1359 3246 dd
1377 3171 1520 3247 literam
1539 3193 1631 3269 ergo
1646 3172 1732 3248 dicit
1750 3173 1904 3246 liantcs:

734 3297 818 3386 Quoi
840 3295 999 3386 ploriosi,
1028 3291 1130 3386 idest,
1156 3291 1267 3367 incliti
1292 3293 1463 3388 juvenes,
1488 3294 1552 3387 qui
1578 3293 1697 3369 vocati
1723 3297 1808 3367 sunt
1841 3312 1904 3367 ar-

729 3420 924 3512 gonautae3
951 3411 1018 3484 luit
1043 3412 1140 3486 enim
1167 3412 1234 3486 llos
1253 3413 1460 3508 juventutis
1483 3413 1645 3507 Grmciae,
1666 3414 1726 3485 circ
1746 3418 1902 3504 passuro

728 3557 753 3608 a
782 3536 909 3628 Colco,·
934 3532 1057 3607 Colchi
1087 3531 1240 3606 luerunt
1264 3533 1388 3627 populi
1422 3531 1621 3607 infinibus
1652 3532 1769 3624 Ponti,
1800 3531 1900 3624 quod

728 3657 837 3732 hodie
861 3655 994 3729 dicitur
1020 3674 1198 3750 magnum
1226 3674 1349 3748 mare3
1376 3673 1445 3729 nec
1469 3659 1570 3729 terra
1594 3672 1726 3728 eorum
1753 3652 1821 3725 luit
1844 3650 1922 3725 in·.

727 3779 819 3871 sula,
857 3777 950 3850 sicut
987 3774 1136 3870 quidam
1153 3765 1190 3867 (³)
1227 3775 1439 3871 ignoranter
1477 3773 1712 3870 scripserunt.
1747 3773 1900 3848 Colchos

726 3895 922 3993 Pompeius
947 3894 1127 3992 gloriosus
1154 3894 1229 3968 dux
1257 3914 1434 3968 romanus
1459 3892 1543 3967 vicit
1569 3893 1606 3966 in
1631 3892 1919 3988 septentrione;‚

726 4039 798 4092 ooo
821 4019 849 4090 s’
862 4018 1098 4109 ammiroron,
1118 4035 1215 4087 come
1240 4017 1298 4087 voi
1319 4019 1444 4108 facete,
1464 4013 1605 4108 supple,
1628 4012 1777 4107 qnando
1797 4011 1900 4086 vide-

727 4144 813 4213 runt
837 4136 957 4233 primo
982 4134 1154 4208 iasonem
1181 4133 1428 4230 navigantem,
1446 4139 1489 4205 ut
1504 4132 1551 4205 sit
1567 4132 1794 4227 comparatio
1813 4151 1900 4225 pro·

724 4257 803 4355 pria
835 4258 882 4332 de
917 4254 1151 4350 navigatione
1182 4253 1324 4328 tasonis
1356 4253 1402 4327 ad
1437 4252 1706 4350 navigationem
1733 4252 1897 4326 autoris:

724 4378 864 4472 deinde,
892 4377 1033 4469 quando
1060 4378 1160 4448 vider
1177 4379 1288 4447 lason
1309 4377 1399 4469 sotto
1424 4375 1561 4468 bisolco,
1581 4372 1683 4468 idest,
1701 4392 1808 4446 more
1827 4371 1899 4446 bu-

724 4497 822 4573 bulci
848 4502 1016 4572 arantem
1044 4501 1182 4569 terram
1217 4502 1253 4568 et
1285 4494 1527 4570 seminantem
1555 4493 1683 4568 dentes
1707 4491 1896 4586 vipereos:

723 4621 803 4694 haec
828 4616 978 4692 historia
1005 4623 1090 4690 nota
1116 4622 1172 4689 est
1196 4613 1445 4689 communiter
1470 4613 1568 4709 apud
1593 4631 1733 4688 omnes.
1758 4609 1830 4685 Sed
1855 4616 1898 4683 ut

725 4740 842 4835 magis
869 4737 1003 4831 videas,
1030 4737 1156 4830 lector,
1184 4741 1322 4829 quanto
1348 4733 1478 4808 nobilis
1502 4734 1583 4807 lraec
1607 4729 1833 4826 comparatio
1852 4729 1898 4804 sit

724 4857 985 4954 propriissima,
1004 4855 1087 4930 volo
1106 4861 1220 4948 notes,
1246 4853 1346 4947 quod
1372 4852 1480 4927 lason
1507 4852 1648 4947 primus
1669 4869 1756 4925 cum
1776 4847 1895 4943 prima

785 5043 813 5105 (¹)
830 5041 860 5090 Ε.
877 5042 1027 5091 inanimam.

785 5115 812 5181 (¹)
829 5119 860 5168 Ε.
875 5129 1008 5181 nunquam
1024 5119 1099 5166 soler
1115 5115 1202 5166 suoru
1216 5114 1373 5178 erogatum.
1560 5112 1588 5175 (⁵)
1603 5115 1628 5174 t,
1643 5109 1729 5161 multi.
