4575 6842
809 958 948 1014 caurus
973 957 1168 1014 snuunnus.
1503 947 1577 1026 357
1603 1025 1607 1032 ¹

402 1109 500 1178 tem:
526 1101 805 1178 firmamentum
827 1110 883 1179 est
903 1102 997 1177 sicut
1014 1102 1174 1178 vicarius
1190 1103 1371 1200 generatis
1397 1103 1434 1178 in
1460 1123 1576 1200 regno

402 1223 466 1318 qui
483 1222 663 1298 distribuit
689 1231 726 1300 et
750 1223 892 1298 confert
908 1222 1053 1298 diversa
1071 1223 1192 1298 officia
1211 1222 1363 1298 diversis
1382 1224 1577 1322 magistra-

403 1343 520 1439 tibus3
538 1363 656 1437 sperae
675 1338 906 1438 planetarum
932 1349 1020 1416 sunt
1042 1342 1177 1417 diversi
1202 1343 1388 1438 officiales,
1405 1344 1493 1437 quia
1509 1344 1577 1419 Sa-

403 1464 537 1538 turnus
562 1462 716 1558 disponit
740 1461 900 1556 consilia,
926 1464 1021 1538 biars
1054 1463 1160 1538 bella.
1187 1463 1279 1538 Dicit
1304 1484 1413 1560 ergo:
1441 1469 1491 1537 Lo
1515 1466 1580 1538 ciel

403 1591 574 1674 sequente,
600 1582 703 1677 idest,
729 1582 1004 1658 firmamentum
1030 1581 1243 1660 immediate
1273 1585 1484 1680 proximum
1514 1583 1583 1678 iili‚'

404 1706 493 1778 dtu
518 1704 766 1794 noeoeane,
791 1702 893 1797 idest,
919 1711 995 1779 tam
1020 1704 1186 1780 diversas
1210 1705 1332 1780 stelias
1364 1705 1467 1801 iiras,
1493 1725 1578 1798 quoe

403 1825 490 1899 dant
514 1823 617 1898 nobis
642 1823 805 1898 diversas
829 1823 1047 1919 influentias,
1063 1834 1181 1919 purte,
1202 1826 1306 1921 idest,
1323 1825 1460 1920 dividit,
1481 1827 1578 1917 quei-

404 1947 534 2020 ieeser
545 1967 614 2038 per
630 1946 767 2019 diverse
783 1965 936 2038 meare,
950 1945 1052 2041 idest,
1065 1966 1131 2042 per
1149 1967 1274 2042 speras
1290 1948 1522 2042 planetarum
1540 1953 1578 2021 et

403 2085 470 2160 per
495 2066 617 2140 stellas
641 2085 728 2139 suas
753 2071 944 2160 tamquam
968 2086 1035 2162 per
1069 2067 1214 2142 diversa
1245 2068 1426 2163 membra,
1455 2069 1505 2140 du
1528 2069 1579 2140 lui

402 2187 538 2260 dstote
561 2206 581 2259 e
599 2188 649 2259 du
665 2188 714 2259 lui
729 2193 917 2278 eomeeute,
939 2192 980 2259 ut
996 2185 1134 2260 dictum
1153 2192 1218 2260 est.
1238 2187 1281 2260 Et
1298 2187 1357 2262 bic
1374 2194 1460 2261 nota
1477 2185 1577 2280 quod

402 2304 613 2382 Aristoteles
637 2305 759 2401 posuit
775 2311 918 2381 tantum
936 2313 1019 2382 octo
1038 2307 1163 2400 coloe,
1181 2306 1317 2383 scilicet
1337 2307 1476 2402 septem
1494 2325 1578 2401 spe-

403 2446 464 2501 ras
488 2425 720 2521 planetarum
738 2432 776 2500 et
792 2433 965 2501 octavum
983 2425 1281 2521 firmamentum3
1298 2432 1336 2500 et
1351 2426 1438 2501 dicit
1457 2423 1577 2521 primo

402 2545 617 2640 coe1i‚quod
643 2545 785 2641 primus
809 2546 908 2621 orbis
934 2553 989 2622 est
1012 2546 1232 2642 principium
1258 2554 1296 2622 et
1320 2566 1432 2622 causa
1457 2544 1577 2620 omnis

404 2666 499 2742 vitae.
513 2707 563 2720 -
579 2669 635 2740 Gli
650 2668 743 2740 atet.
761 2666 826 2742 Hic
847 2667 994 2742 Beatrix
1013 2667 1186 2742 describit
1202 2673 1342 2764 septem
1360 2669 1469 2742 orbes
1485 2665 1579 2741 οοη-Ι

404 2793 524 2862 tentos
541 2787 610 2861 sub
627 2787 688 2862 illo
704 2794 847 2882 octavo,
861 2787 1001 2862 dicensz
1023 2791 1079 2862 Gli
1094 2790 1180 2862 altri
1193 2792 1326 2881 ρι’νοηί,
1339 2789 1441 2883 idest,
1456 2809 1575 2885 sperae

404 2907 634 3002 planetarum
661 2927 753 3002 quas
778 2909 935 3003 appellat
959 2927 1130 3005 pyrenes,
1148 2908 1235 3002 quia
1258 2908 1487 2984 circulariter
1506 2903 1577 3005 gy'-

404 3035 545 3122 rantur‚
576 3029 808 3120 disponam,
842 3026 953 3122 idest·
983 3027 1189 3123 disponunt,
1227 3032 1259 3104 te
1291 3031 1479 3103 doemon
1516 3029 1578 3102 cte

403 3149 523 3222 taem
547 3152 671 3222 metro
696 3151 745 3223 da
768 3143 818 3243 se‘,
846 3148 948 3244 idest,
974 3147 1136 3224 diversas
1161 3149 1402 3245 proprietates
1430 3169 1577 3242 eorum,

404 3271 491 3366 quia
516 3271 695 3346 Saturnus
722 3278 777 3346 est
802 3270 954 3368 frigidus
979 3277 1017 3347 et
1042 3271 1172 3366 siccus,
1190 3271 1355 3367 iuppiter
1375 3272 1515 3347 calidus
1540 3279 1578 3347 et

289 3406 292 3413 ’
402 3391 577 3467 humidus
601 3398 638 3468 et
662 3391 712 3467 ita
737 3392 784 3467 de
809 3391 898 3487 aliis,
924 3413 949 3464 u
973 3395 1030 3466 tor
1051 3395 1117 3485 fini
1145 3414 1165 3464 e
1192 3395 1250 3466 lor
1279 3413 1448 3484 scneeeze,
1473 3392 1576 3488 idest,

248 3573 250 3577 .
403 3512 449 3587 ad
475 3521 619 3587 certum
646 3510 757 3587 finem
783 3517 820 3588 et
845 3519 986 3587 certam
1011 3512 1281 3607 operationem;
1308 3533 1394 3588 nam
1420 3514 1578 3607 planeto

403 3632 584 3718 seminant
608 3631 667 3707 bic
691 3632 843 3708 inferius
868 3632 990 3708 varios
1015 3631 1158 3707 tructus
1178 3653 1325 3728 semper
1350 3640 1388 3708 et
1412 3633 1577 3728 effectus,

397 3775 467 3847 per
484 3755 583 3827 varie
598 3755 799 3847 differenze,
813 3753 915 3848 idest,
933 3751 1145 3827 differenter
1162 3759 1200 3826 et
1216 3752 1477 3846 diversimode3
1495 3752 1578 3827 ideo

404 3872 544 3948 subdit:
563 3875 671 3964 questi
695 3875 825 3965 erponi
848 3875 906 3946 det
928 3873 1069 3964 monade,
1088 3871 1191 3965 idest,
1209 3893 1326 3968 sperae
1346 3874 1577 3967 planetarum

406 4001 597 4088 tamquam
625 3993 804 4070 naturalia
830 3992 1074 4068 instrumenta
1098 4013 1254 4067 suorum
1280 4000 1479 4086 motorum,
1507 3985 1579 4066 cosi

407 4135 539 4207 canno,
564 4134 660 4188 come
685 4121 720 4188 tu
744 4116 823 4188 cedi
846 4116 954 4207 omui,
974 4114 1013 4186 di
1027 4114 1145 4204 prado
1160 4115 1199 4187 ie
1215 4115 1347 4205 prodo,
1372 4112 1578 4187 secundmn

405 4235 571 4310 ordinem
596 4235 883 4331 astrologorum,
901 4253 1013 4327 quem
1043 4239 1154 4307 autor
1182 4231 1368 4327 sequitur:
1394 4232 1497 4307 Plato
1522 4238 1579 4307 ta-

406 4376 493 4431 men
518 4362 555 4430 et
574 4355 785 4430 Aristoteles
801 4361 1005 4450 posuerunt
1021 4354 1137 4428 solem
1156 4352 1368 4428 immediate
1387 4374 1500 4448 supra
1519 4353 1580 4426 iu-

406 4477 582 4568 nemete
600 4477 787 4567 prendooo
807 4476 846 4548 di
860 4495 914 4565 eu,
935 4473 1084 4568 seilicet,
1104 4493 1128 4547 a
1146 4494 1242 4566 nona
1259 4492 1378 4568 spera,
1396 4472 1580 4547 mediante

404 4601 548 4689 nemra,
572 4618 591 4669 e
612 4601 726 4692 senno
749 4597 788 4669 di
810 4601 913 4685 sotto,
938 4593 1041 4687 idest,
1067 4600 1270 4690 operantur
1296 4594 1333 4667 in
1360 4592 1498 4668 mundo
1523 4591 1581 4666 in-

406 4709 574 4792 fluentias
593 4735 680 4789 suas
696 4715 733 4788 in
754 4713 830 4788 istis
849 4713 1110 4788 alterabilibus.
1123 4753 1175 4768 -·
1186 4716 1383 4806 Rtpnurde.
1400 4713 1467 4787 liic
1487 4714 1581 4788 Bea-

407 4835 481 4911 trin
506 4841 680 4930 praetacto
704 4833 833 4909 ordine
858 4852 1064 4928 sperarum,
1085 4833 1258 4908 describit
1283 4831 1449 4907 ordinem
1475 4831 1581 4907 intet-

408 4955 653 5054 ligandorum,
680 4954 767 5050 quia
793 4959 883 5049 quot
903 4959 988 5027 sunt
1006 4953 1263 5050 intelligentiae,
1283 4959 1337 5028 tot
1353 4957 1438 5026 sunt
1457 4952 1578 5028 orbes.

409 5077 454 5152 Et
478 5077 597 5174 prime
622 5075 739 5152 reddit
762 5075 969 5151 auditorem
1000 5079 1182 5149 attentum
1213 5073 1447 5169 addicenda,
1477 5094 1581 5149 eom·
