4575 6842
740 956 878 1012 esurus
904 959 1097 1012 vronsurus
1122 959 1264 1012 annuus.
1560 944 1583 1010 9

414 1102 600 1200 trigidum,
626 1103 689 1177 sed
719 1125 742 1177 a
771 1103 871 1178 nube
901 1103 993 1178 nivis
1022 1103 1212 1200 egreditur
1245 1103 1440 1197 paulatim3
1471 1122 1585 1198 vapor
1655 1102 1657 1105 ’

414 1224 525 1299 etiam
551 1223 655 1318 nivis,
682 1224 841 1297 multum
868 1223 978 1298 habet
1007 1223 1054 1298 de
1087 1224 1251 1298 terrestri
1276 1223 1461 1317 admixto;
1488 1223 1586 1298 unde

412 1364 511 1438 aqua
537 1343 629 1418 nivis
654 1363 728 1417 non
752 1348 808 1416 est
831 1363 937 1437 pura,
964 1345 1040 1418 imo
1070 1343 1284 1439 perniciosa,
1316 1343 1380 1418 sed
1413 1343 1585 1418 fecundat

416 1464 574 1538 multum
603 1469 729 1538 terras.
757 1461 849 1536 Dicit
874 1483 964 1560 ergo
986 1463 1140 1538 Statius:
1159 1484 1248 1538 vere
1265 1463 1323 1536 hic
1342 1464 1440 1537 nulia
1458 1468 1513 1538 est
1529 1464 1583 1537 al·

416 1583 557 1680 teratio,
571 1580 700 1675 parete*
713 1602 785 1656 nco
798 1586 957 1674 pioppia,
975 1605 1047 1658 uon
1062 1586 1218 1674 pronun,
1233 1603 1306 1656 non
1322 1605 1421 1674 neoc,
1433 1604 1504 1656 non
1520 1603 1584 1657 ro-

414 1691 537 1796 pudo,
554 1723 626 1776 non
646 1702 751 1776 unna
770 1705 856 1776 code
875 1697 939 1796 piri
964 1725 1005 1778 su
1029 1707 1089 1777 cite
1113 1707 1152 1778 tu
1170 1707 1313 1776 scolcttu
1333 1704 1448 1794 breue,
1465 1705 1518 1776 de’
1532 1709 1584 1776 tre

413 1825 534 1915 prodi,
560 1843 644 1917 quae
668 1822 770 1897 ducit
800 1823 846 1897 ad
877 1829 1021 1918 portam
1051 1824 1266 1919 purgatorii,
1297 1829 1338 1896 ut
1368 1823 1462 1897 inira
1487 1823 1582 1898 dicit

414 1946 458 2020 Et
482 1943 541 2018 hic
567 1951 652 2018 nota
679 1943 777 2037 quod
802 1945 897 2018 sicut
928 1944 1039 2038 aliqui
1072 1946 1212 2039 volunt,
1238 1964 1393 2040 vapores
1418 1943 1482 2038 qui
1508 1945 1585 2018 eia·

415 2072 549 2142 vantur
574 2087 597 2140 a
622 2066 709 2160 sole,
735 2085 782 2140 ex
808 2065 942 2159 quibus
967 2067 1101 2161 pluvia,
1128 2065 1202 2159 nix,
1225 2065 1380 2161 grando,
1403 2072 1441 2139 et
1464 2063 1584 2138 omnis

413 2207 523 2262 aerea
555 2185 744 2280 impressio
775 2191 988 2281 generatur,
1019 2186 1065 2259 ad
1097 2186 1178 2281 plus
1213 2185 1366 2260 tendunt
1399 2184 1436 2257 in
1466 2185 1583 2258 altum

413 2312 588 2404 peracto
623 2305 800 2398 milliaria,
831 2312 868 2380 et
901 2307 948 2380 ab
979 2306 1062 2381 inde
1094 2328 1205 2402 supra
1231 2327 1304 2380 non
1329 2306 1370 2380 iit
1393 2304 1583 2402 generatio

415 2427 547 2522 aliqua.
575 2427 619 2500 Et
645 2426 759 2521 tangit
785 2427 977 2500 materiam
1004 2427 1186 2501 dictarum
1211 2427 1507 2522 impressionum,
1529 2425 1585 2500 di-

413 2570 519 2623 ceus:
546 2549 670 2622 novole
693 2568 809 2639 spessc
825 2568 897 2619 nco
911 2551 1033 2640 poton,
1051 2547 1153 2641 idest,
1172 2569 1245 2622 non
1271 2554 1448 2643 apparent
1468 2546 1583 2640 nobis,

413 2663 460 2743 nra*
480 2673 582 2760 rade,
600 2662 646 2741 oe*
661 2689 884 2759 corruscare,
905 2669 991 2762 quia
1013 2668 1104 2764 ignis
1120 2661 1156 2759 (¹)
1177 2668 1331 2764 iuiguris
1356 2667 1396 2741 tit
1420 2668 1582 2742 inclusus

415 2789 452 2863 in
472 2789 623 2862 humido
639 2808 771 2882 aqueo.
790 2788 833 2860 Et
852 2787 965 2884 tangit
981 2787 1148 2861 subtilius
1164 2789 1273 2862 aliam
1295 2788 1583 2883 impressionem,

413 2910 555 2984 dicens:
581 2905 627 2982 ae*
650 2909 751 3001 fipiiu
779 2911 816 2980 di
850 2913 1051 2997 Taumonte,
1082 2908 1183 3003 idest,
1212 2908 1291 3002 lris,
1317 2929 1401 3003 quae
1431 2912 1584 2982 vocatur

414 3051 523 3105 arcus
540 3029 716 3125 pluvialis.
734 3029 788 3102 Ad
805 3029 904 3123 quod
927 3036 1012 3103 nota
1030 3029 1128 3122 quod
1144 3030 1210 3103 Iris
1230 3035 1285 3104 est
1301 3029 1418 3103 nubes
1435 3029 1499 3102 soii
1517 3048 1584 3123 op-

415 3150 541 3246 posita,
569 3149 677 3223 radiis
692 3140 728 3241 (²)
756 3149 840 3223 solis
865 3150 1111 3244 multipliciter
1136 3148 1341 3222 informata.
1369 3148 1491 3222 Poetae
1514 3169 1584 3222 au-

414 3277 489 3346 tem
512 3270 654 3366 tingunt
673 3269 805 3345 Iridem
825 3269 936 3344 inisse
953 3270 1063 3342 titiam
1082 3270 1338 3364 Thaumantis3
1357 3290 1441 3342 nam
1460 3270 1584 3342 Thau-

416 3413 495 3466 mas
515 3411 647 3487 graece,
666 3391 776 3465 iatine
801 3390 1063 3485 interpretatur
1090 3389 1282 3482 mirabitis;
1307 3399 1344 3462 et
1369 3389 1447 3463 sine
1471 3389 1583 3463 dubio

415 3533 473 3588 res
500 3511 672 3585 mirabilis
697 3517 763 3603 est,
789 3517 826 3584 et
851 3509 1025 3584 mirabitis
1039 3499 1076 3600 (³)
1102 3514 1253 3604 apparet
1285 3509 1400 3584 ocutis
1430 3508 1585 3602 nostris3

414 3638 451 3707 et
475 3630 579 3706 dicit:
598 3633 658 3704 circ
682 3633 720 3705 dt
738 3620 787 3722 td,
808 3630 910 3722 idest,
932 3651 1015 3722 quae
1033 3629 1097 3702 lris
1118 3629 1154 3702 in
1184 3628 1323 3702 mundo
1346 3634 1480 3720 vestro,
1499 3648 1586 3700 cons

412 3756 474 3844 pio
502 3759 640 3826 sonante
671 3754 853 3840 contrade,
884 3750 985 3843 idest,
1014 3757 1131 3823 mutat
1165 3769 1263 3844 saepe
1297 3749 1476 3845 regiones.
1508 3749 1586 3823 Hoc

414 3872 495 3947 ideo
520 3873 617 3966 dicit,
642 3871 728 3966 quia
754 3870 783 3944 si
809 3871 875 3944 lris
899 3875 1052 3964 apparet
1076 3870 1113 3943 in
1136 3891 1256 3965 mane,
1278 3869 1423 3944 ridetur
1448 3870 1496 3944 ab
1521 3889 1586 3944 oc·

413 3993 567 4086 cidente‚
593 3992 684 4065 siin
716 3991 877 4086 vesperis
911 3992 946 4064 in
977 3990 1318 4064 oriente-Sacro.
1350 3989 1414 4064 Hic
1447 3989 1584 4064 Statius

414 4113 529 4208 tangit
560 4113 737 4188 rationem
771 4110 977 4184 naturalem
1008 4095 1125 4184 venti
1142 4116 1180 4184 et
1213 4115 1465 4184 terraemotus:
1495 4129 1582 4183 uam

415 4237 546 4308 ventus
571 4238 626 4306 est
652 4251 765 4326 vapor
791 4231 909 4304 siccus
939 4235 976 4304 ct
1005 4228 1144 4302 subtilis
1173 4230 1339 4304 elevatus
1366 4253 1390 4304 a
1420 4231 1516 4323 soie;
1546 4235 1585 4304 et

414 4357 648 4428 tcrraemotus
673 4351 713 4424 iit
738 4349 885 4445 quando
912 4356 1042 4424 ventus
1060 4349 1171 4424 intrat
1188 4351 1329 4425 viscera
1347 4359 1456 4426 terrae
1473 4358 1511 4425 et
1527 4350 1584 4422 in·

413 4477 625 4547 carceratus
650 4490 723 4544 non
755 4476 873 4566 potest
908 4469 1028 4544 exire:
1055 4469 1137 4544 ideo
1165 4470 1341 4564 uiolenter
1373 4476 1585 4545 commoret

414 4597 551 4666 terram
578 4598 614 4666 et
628 4580 664 4684 ς’)
693 4599 855 4666 tremere
880 4591 974 4665 iacit.
1000 4590 1091 4664 Dicit
1116 4611 1226 4686 ergo:
1253 4595 1357 4664 Secco
1382 4613 1496 4685 uapor
1512 4613 1585 4666 nora

412 4732 517 4802 serpe
548 4707 612 4805 piri
648 4719 789 4802 uoanoe,
827 4711 929 4805 idest,
969 4711 1086 4806 magis
1120 4731 1282 4806 sursum,
1313 4713 1416 4784 ctr'ot
1449 4733 1585 4786 somnae

413 4831 466 4904 ἅθ’
480 4839 531 4904 tre
546 4835 665 4924 prodi,
683 4831 779 4906 illius
805 4832 926 4906 brevis
947 4830 1064 4923 scalae,
1091 4833 1142 4903 ot’
1154 4834 1190 4903 io
1203 4835 1337 4924 portui,
1355 4853 1465 4927 supra
1483 4833 1584 4928 capi·

475 5021 503 5080 (“)
519 5019 549 5068 Ε.
565 5019 631 5082 iguis
646 5020 675 5070 tit
691 5021 813 5072 inclusus.
969 5015 996 5080 (¹)
1013 5019 1043 5069 li.
1059 5025 1085 5070 st
1102 5019 1181 5069 radiis
1195 5019 1332 5070 solaribus.

476 5094 503 5158 ι’)
519 5095 549 5146 Ε.
566 5095 717 5148 mirabilior.
972 5096 998 5156 (ἢ
1014 5095 1044 5146 Ε.
1059 5101 1087 5147 et
1102 5095 1165 5148 tacit
1179 5111 1238 5147 eam
1254 5101 1376 5147 tremere.
1392 5096 1469 5147 liicit.
