4575 6842
485 1342 628 1455 Incipit
656 1342 838 1451 aupoar'tro
868 1367 982 1453 super
1013 1340 1163 1427 teritum
1186 1343 1338 1451 purtem
1367 1342 1521 1444 Dacico,

684 1537 767 1619 quoe
798 1506 1142 1597 PARADISUS
1169 1511 1319 1597 dt'rr‘tur.

930 1778 1063 1789 ...a—.-

561 2105 727 2175 OANTUS
749 2105 920 2188 PRIMUS,
945 2106 981 2172 in
1003 2124 1063 2189 prro
1081 2106 1215 2188 portitor
1229 2102 1439 2187 muhaniam.

484 2374 658 2540 Boron
683 2468 739 2537 est
761 2460 927 2536 cribrare
943 2460 1109 2535 modium
1130 2459 1249 2535 sabuti
1265 2465 1307 2534 ut
1325 2459 1407 2554 quis
1424 2459 1585 2535 iuveniat

410 2605 524 2659 unam
561 2580 813 2681 margaritam,
848 2581 965 2676 inquit
999 2582 1171 2657 bvorrois
1203 2581 1242 2655 in
1281 2603 1351 2657 suo
1382 2582 1584 2678 Colligetb5

410 2706 510 2801 quod
534 2704 804 2802 elegantissime
829 2702 955 2778 iecisse
980 2702 1207 2799 dignoscitur
1232 2700 1502 2779 curiosissimus
1527 2703 1585 2777 in·

411 2824 565 2921 dagator
589 2828 697 2920 poeta
718 2823 853 2897 Dentes
878 2822 915 2896 in
940 2820 1062 2897 divino
1088 2829 1261 2917 poemata
1287 2843 1367 2897 suo.
1398 2821 1523 2897 Primo
1544 2813 1581 2914 (¹)

409 2942 584 3020 cribravit
610 2962 728 3017 unum
754 2942 920 3017 modium
952 2940 1082 3035 sabuli,
1114 2941 1178 3016 ubi
1211 2941 1333 3016 sotum
1367 2942 1504 3017 invenit
1528 2942 1585 3017 di·

409 3062 641 3158 spositionem
667 3061 846 3138 evadendi
870 3061 918 3136 ab
942 3059 1017 3137 ima
1042 3060 1138 3136 vaiie
1163 3061 1416 3155 tenebrarum,
1440 3061 1502 3135 ubi
1527 3069 1584 3137 est

408 3187 578 3258 centrum
604 3180 771 3257 omniurn
800 3166 1046 3274 miseriarum,
1068 3180 1164 3255 sicut
1188 3180 1306 3276 patuit
1331 3180 1425 3256 iibro
1452 3175 1583 3276 primo,

409 3302 446 3377 in
472 3322 547 3397 quo
571 3308 728 3376 venatus
753 3308 809 3377 est
833 3301 957 3378 omnia
982 3320 1120 3399 genera
1144 3301 1319 3378 vitiorum
1345 3308 1384 3377 et
1407 3302 1584 3398 supplicia

408 3422 638 3499 eorumdem.
653 3420 822 3498 Secundo
835 3422 1009 3498 cribravit
1021 3423 1134 3497 alium
1149 3422 1315 3522 modium
1329 3414 1581 3518 sabuti,ubi(¹)

408 3549 532 3618 tamen
559 3540 696 3638 reperit
721 3543 817 3617 viam
844 3542 1050 3618 inveniendi
1078 3541 1330 3639 margaritam,
1350 3540 1446 3617 sicut
1469 3562 1584 3638 appa-

410 3663 485 3737 ruit
509 3662 602 3737 tibro
628 3662 801 3757 secundo,
821 3662 857 3735 in
877 3682 952 3756 quo
978 3661 1123 3737 minore
1139 3681 1227 3736 cum
1248 3662 1375 3737 labore
1391 3680 1459 3757 per
1475 3676 1585 3737 mon·

410 3792 484 3871 tem
516 3782 730 3857 altissimum
762 3781 929 3877 quesivit
960 3781 1083 3855 omnia
1115 3801 1255 3878 genera
1280 3783 1472 3877 virtutum,
1500 3800 1584 3877 quae

410 3902 547 3977 iaciunt
563 3902 661 3977 viam
679 3901 725 3977 ad
743 3900 1026 3995 beatitudinem3
1045 3922 1144 3977 nunc
1170 3903 1279 3977 tortio
1305 3902 1442 3998 reperit
1466 3902 1582 3999 ipsam

409 4024 649 4121 margaritam
676 4020 971 4117 pretiosissimam
1000 4022 1195 4117 praemium
1213 4011 1250 4115 (ἦ
1281 4023 1449 4097 omnium
1480 4023 1584 4098 tabo·

409 4165 495 4219 rum
521 4164 689 4237 suorum,
706 4142 854 4237 scilicet,
871 4148 1048 4217 aternam
1069 4142 1240 4239 gloriam.
1257 4142 1343 4219 ldeo
1359 4164 1583 4219 ascensurus

409 4267 558 4360 oratum,
584 4264 621 4340 in
647 4284 722 4359 quo
747 4265 826 4338 baec
852 4262 1099 4339 desiderabilis
1128 4263 1245 4360 gioria
1271 4263 1457 4359 potissime
1483 4264 1583 4361 viget

409 4391 447 4460 et
470 4386 579 4480 lucet,
605 4384 719 4481 ipsam
747 4384 850 4459 nobis
871 4385 945 4459 atto
961 4382 1000 4458 e't
1017 4383 1212 4480 magnifice
1230 4383 1410 4459 describit.
1429 4382 1583 4460 Videtur

408 4510 534 4579 autom
556 4504 737 4600 appetitus
753 4504 880 4600 gioriae
898 4502 1026 4577 insitus
1048 4524 1071 4577 a
1096 4509 1230 4577 natura
1251 4504 1437 4578 mentibus
1451 4494 1488 4596 (⁴)
1514 4505 1583 4579 bo·

409 4622 550 4699 minum
579 4623 840 4698 virtuosorum.
867 4612 990 4697 Gloria
1017 4622 1127 4716 enim,
1147 4629 1189 4696 ut
1205 4622 1430 4717 sapientibus
1450 4625 1581 4719 piaret,

409 4751 466 4819 est
490 4743 594 4839 quasi
620 4744 790 4838 quaedam
808 4743 941 4817 umbra
960 4742 1115 4838 virtutis,
1133 4742 1232 4817 iiiam
1254 4743 1465 4839 comitatur,
1481 4744 1580 4819 iiiam

409 4844 587 4960 sequitur,
613 4864 712 4939 itiam
739 4862 963 4958 quaudoque
992 4862 1102 4938 etiam
1136 4861 1330 4957 antecedit,
1356 4863 1450 4938 sicut
1480 4863 1582 4940 vide-
1682 4965 1684 4972 Ι

453 5084 456 5093 ·
471 5048 499 5115 (¹)
516 5050 547 5102 E.
564 5051 652 5102 Primo
666 5052 745 5102 antra.
995 5047 1025 5113 (¹)
1042 5048 1072 5101 E.
1088 5050 1133 5101 abt
1150 5054 1251 5101 tuntum
1267 5052 1374 5115 νομῆι.

472 5124 499 5189 ‹¹›
515 5130 539 5187 4»
555 5131 581 5178 tt
597 5128 743 5191 promtum.
999 5126 1028 5191 (⁸)
1044 5130 1068 5187 t,
1084 5126 1215 5177 mantibus
1230 5127 1357 5179 omntum.
1402 5142 1410 5151 ·
