4575 6842
729 987 868 1044 caurus
893 988 1086 1044 vrnnsmus
1110 987 1288 1054 ounnrus
1548 976 1596 1046 83

419 1151 573 1230 pomum
598 1131 858 1226 desideratum,
884 1154 903 1204 e
926 1135 989 1206 not
1011 1135 1201 1206 monade.
1222 1133 1267 1206 Et
1287 1133 1347 1208 bie
1371 1140 1459 1209 nota
1475 1154 1596 1230 quan·

418 1258 499 1328 tum
527 1251 753 1348 comparatio
778 1257 834 1328 est
859 1251 1132 1348 propriissime:
1160 1251 1251 1326 tates
1283 1272 1447 1348 namque
1478 1255 1597 1352 gulosi

418 1379 507 1447 sunt
532 1372 667 1448 similes
682 1371 882 1466 infantulis,
900 1371 965 1466 qui
983 1377 1192 1466 sequuntur
1211 1390 1359 1467 semper
1377 1373 1596 1470 passionem,

419 1497 468 1568 et.
488 1499 664 1588 appetunt
696 1491 869 1586 quiequid
901 1491 1024 1566 rident
1053 1491 1100 1566 de
1132 1511 1242 1585 novo,
1272 1496 1310 1566 et
1340 1511 1437 1587 sepe
1468 1493 1597 1569 volunt

422 1613 619 1689 comedere
635 1619 673 1688 et
688 1612 826 1688 bibere.
844 1611 935 1686 Etsi
953 1619 1112 1709 negatur
1126 1603 1164 1704 (¹)
1182 1610 1235 1686 eis
1255 1611 1354 1706 quod
1371 1604 1595 1708 appetente)

422 1735 543 1810 statim
570 1733 797 1826 cruciantur,
816 1733 893 1806 imo
919 1732 1089 1808 videntur
1114 1731 1287 1806 suffocari
1313 1738 1352 1808 et
1375 1734 1471 1808 mori
1492 1754 1599 1810 more

422 1855 689 1952 pregnantium
716 1853 939 1948 mulierum;
957 1852 1039 1928 ideo
1057 1851 1116 1926 bie
1138 1852 1229 1926 tates
1249 1852 1378 1928 molles
1397 1853 1599 1949 justissime

421 1982 640 2072 purgantur,
667 1975 754 2070 quia
786 1973 910 2048 vident
939 1993 1064 2049 eoram
1100 1970 1216 2046 ocutis
1248 1972 1442 2067 pendentia
1475 1994 1597 2070 poma,

422 2114 491 2170 nec
522 2095 645 2170 valent
675 2094 856 2191 attingere
886 2093 957 2188 illa,
983 2113 1029 2168 ex
1061 2113 1136 2186 quo
1166 2091 1285 2188 magis
1314 2094 1445 2167 erescit
1477 2115 1596 2189 poena.

422 2216 467 2290 Et
492 2215 607 2314 tangit
633 2234 820 2291 recessum
837 2233 970 2289 eorum
988 2213 1127 2288 dicens:
1145 2215 1210 2305 poi
1233 2215 1265 2286 st
1285 2207 1395 2306 parti,
1412 2213 1473 2288 illa
1493 2234 1595 2312 gens,

423 2330 453 2410 st
478 2357 574 2412 come
597 2339 789 2428 rtrredutu,
807 2334 910 2429 idest,
929 2334 1064 2428 sedata,
1082 2333 1188 2428 quasi
1207 2333 1315 2427 dieat,
1332 2333 1481 2430 fatigata
1499 2334 1599 2429 quod

425 2457 507 2553 plns
525 2477 599 2531 non
615 2462 769 2552 poterat,
785 2455 871 2550 quia
884 2454 973 2529 nibil
986 2454 1311 2528 lucrabatur.-E
1323 2457 1394 2528 noi.
1408 2454 1474 2529 Hie
1489 2460 1599 2551 poeta

425 2578 541 2675 tangit
565 2597 756 2652 aoeessum
782 2597 893 2650 suum
920 2574 967 2649 ad
991 2574 1165 2650 arborem
1195 2581 1276 2669 post
1305 2594 1492 2650 recessum
1517 2576 1598 2653 illa·

426 2718 510 2772 rum
537 2697 760 2791 animarum,
779 2702 816 2770 et
841 2693 1128 2770 admonitionem
1149 2693 1283 2768 iactam
1301 2693 1368 2767 sibi
1386 2695 1435 2769 ab
1450 2697 1597 2791 arbore,

425 2817 567 2893 dicens:
593 2840 612 2890 a
636 2821 698 2890 not
723 2818 893 2890 vertimmo
917 2818 957 2887 ut
977 2815 1116 2906 grande
1136 2815 1270 2907 admo,
1291 2814 1360 2888 sub
1381 2815 1487 2889 cuius
1512 2836 1599 2889 um-

425 2939 493 3014 bra
519 2945 671 3013 manent
696 2937 835 3012 infinita
851 2935 963 3010 miliia
983 2935 1223 3032 gulosorum;
1240 2935 1379 3029 adesso,
1402 2936 1506 3033 idest,
1523 2943 1600 3012 sta-

425 3057 503 3152 tim,
537 3057 584 3132 ad
610 3057 794 3150 arborem,
820 3055 921 3130 dico:
947 3056 1007 3128 ete
1036 3058 1134 3136 tanti,
1147 3057 1288 3148 prtegbt
1318 3077 1337 3127 e
1369 3059 1519 3148 taurinae
1545 3059 1600 3131 η’-

425 3180 527 3271 fiuta,
547 3178 633 3272 quia
651 3199 725 3253 non
742 3175 892 3252 exaudit
908 3175 989 3250 iilos
1006 3181 1180 3272 rogantes
1194 3195 1281 3250 cum
1300 3181 1400 3250 tanta
1416 3177 1600 3273 aviditate,

426 3302 468 3370 ut
487 3297 566 3392 jam
593 3297 731 3372 dietum
758 3302 823 3372 est.
850 3296 896 3369 Et
919 3293 1039 3369 subdit
1064 3315 1196 3370 rocem
1225 3294 1435 3371 venientem
1464 3298 1512 3373 ab
1536 3319 1602 3373 ar·

425 3417 528 3512 bore,
555 3437 638 3512 quae
663 3417 824 3493 dicebat:
852 3421 1049 3509 degustate
1073 3418 1163 3489 ort-e
1195 3435 1305 3488 senza
1335 3419 1435 3511 sarni
1459 3440 1600 3512 presso,

424 3537 570 3633 seilicet,
596 3558 711 3634 prope
735 3538 908 3612 arborem
940 3555 1133 3634 magnam:
1161 3542 1199 3611 et
1228 3536 1311 3611 vide
1340 3537 1499 3633 qualiter
1524 3560 1598 3615 vox

426 3657 493 3732 ista
518 3663 694 3732 eonsonat
719 3677 804 3732 eum
827 3677 919 3732 voce
944 3656 1073 3751 primm
1097 3655 1260 3750 arboris3
1287 3656 1347 3731 itta
1373 3657 1471 3732 enim
1488 3657 1597 3732 dixit:

424 3777 472 3853 de
497 3779 567 3852 boe
592 3777 665 3853 cito
689 3777 868 3853 babebitis
893 3775 1097 3870 caristiam3
1119 3776 1189 3850 ista
1213 3797 1304 3851 vero
1320 3776 1425 3852 dicit:
1445 3798 1519 3853 non
1536 3801 1602 3876 ap-

425 3898 677 3994 propinquetis
692 3889 729 3992 (³)
756 3898 803 3974 ad
828 3917 992 3994 pomum,
1015 3895 1229 3992 pestiferum
1258 3896 1357 3972 enim
1375 3904 1431 3973 est
1447 3906 1600 3997 gustan-

426 4017 543 4114 tibus;
570 4019 652 4095 ideo
677 4020 793 4116 tangit
817 4019 990 4097 eontinuo
1016 4017 1198 4115 originem
1218 4018 1311 4113 eius,
1328 4017 1471 4094 dicens:
1498 4024 1601 4114 tegno

426 4135 529 4232 epit
552 4160 607 4231 su,
633 4140 671 4215 in
697 4140 910 4215 summitate
935 4136 1080 4232 montis,
1107 4143 1150 4212 ut
1173 4137 1311 4235 patebit
1335 4159 1404 4214 suo
1429 4140 1521 4235 ioco,
1542 4143 1603 4216 cte

423 4263 610 4355 [temorso
635 4262 684 4333 du
709 4263 798 4353 an,
831 4279 916 4352 quae
942 4257 1150 4355 degustavit
1180 4258 1228 4333 de
1260 4279 1372 4354 pomo
1401 4259 1514 4334 vetito
1539 4281 1603 4335 ar·

426 4379 526 4454 boris
551 4379 711 4454 scientiae
736 4379 823 4453 boni
857 4385 894 4454 et
918 4378 1016 4473 mali,
1043 4399 1061 4451 e
1086 4384 1207 4470 questu
1236 4380 1362 4471 pionte
1392 4381 1425 4452 st
1452 4373 1527 4452 leod
1552 4382 1604 4453 da

426 4519 516 4591 esso,
540 4498 687 4594 scilieet,
712 4499 821 4597 ligno.
848 4499 947 4574 Bene
972 4497 1069 4593 dicit,
1087 4486 1227 4593 quiae)
1246 4498 1423 4595 inprime
1444 4505 1530 4574 nata
1546 4505 1603 4574 est

426 4618 525 4716 gnta,
543 4619 647 4714 quasi
660 4619 757 4695 dicat
769 4619 898 4696 tacite:
915 4618 1047 4714 vitetis,
1065 4619 1202 4714 miseri,
1222 4618 1353 4693 vitium
1369 4619 1479 4716 gutte,
1501 4617 1603 4715 quod

427 4738 496 4813 suit
519 4740 736 4836 principium
762 4739 1005 4817 damnationis
1023 4739 1175 4815 humani
1197 4740 1354 4836 generis,
1372 4739 1457 4815 licet
1472 4747 1601 4838 gusta-

426 4859 478 4934 tio
503 4861 601 4955 pomi
627 4862 775 4958 proprie
800 4883 873 4937 non
899 4859 1010 4935 fuerit
1034 4879 1158 4954 eausa,
1185 4866 1228 4934 ut
1251 4859 1338 4936 dicit
1368 4860 1446 4956 ipse
1472 4860 1602 4956 Adam,

489 5046 517 5108 (¹)
537 5045 564 5098 S.
580 5059 595 5097 e
612 5047 642 5098 B.
658 5048 810 5114 denegatur.
944 5079 946 5086 ,
1099 5045 1127 5110 ζ’)
1145 5052 1199 5108 117,
1216 5051 1316 5112 petunt.

490 5122 518 5187 (⁸)
534 5122 565 5172 li.
581 5137 634 5176 non
650 5125 861 5190 appropinquate.
1100 5123 1127 5186 (⁸)
1143 5123 1174 5175 tt
1190 5123 1251 5189 qnia
1266 5123 1302 5174 tbt
1318 5124 1411 5189 primo.
