4575 6842
706 886 776 955 230
1064 899 1269 955 conuuruu
1293 898 1512 955 ruuoamun

704 1051 909 1141 poetarum,
936 1045 1128 1119 rhetorum
1156 1051 1194 1120 et
1224 1051 1430 1119 oratorum.
1461 1042 1564 1117 Unde
1588 1042 1758 1117 lluffinus
1782 1042 1877 1117 obii-

704 1164 753 1239 cit
768 1162 854 1238 sibi:
874 1164 944 1239 lste
960 1162 1088 1239 doctor
1110 1170 1234 1239 noster
1249 1160 1286 1255 (¹)
1304 1163 1368 1259 qui
1386 1163 1523 1239 latetur
1539 1182 1580 1237 se
1596 1162 1876 1238 abrenuntiasse

702 1284 829 1381 poetis,
864 1284 978 1360 nescit
1011 1285 1134 1361 dicere
1168 1285 1340 1377 verbum,
1369 1304 1457 1358 cum
1477 1274 1516 1376 (²)
1547 1280 1666 1358 dicat:
1704 1282 1875 1379 Virgilius

703 1424 821 1499 meus,
848 1410 883 1479 et
909 1403 1080 1479 Horatius
1106 1411 1241 1480 noster.
1269 1403 1369 1479 Licet
1393 1404 1492 1479 enim
1523 1410 1641 1498 poetae
1665 1402 1876 1497 scripserint

703 1525 819 1601 multa
845 1545 938 1599 vana
966 1531 1001 1599 et
1027 1525 1173 1617 lasciva,
1191 1525 1285 1599 sicot
1311 1523 1357 1597 de
1379 1544 1509 1598 amore
1525 1529 1563 1597 et
1579 1522 1769 1616 similibus,
1787 1521 1875 1616 quia

701 1665 775 1720 nou
801 1644 920 1719 solum
947 1645 1113 1719 homines
1139 1644 1302 1738 luerunt,
1328 1644 1401 1719 sed·
1417 1643 1561 1741 pagani,
1582 1642 1678 1717 sicut
1703 1642 1788 1717 dicit
1805 1642 1875 1717 Pe-

700 1765 848 1841 trarcha
873 1766 910 1840 in
934 1765 1095 1860 quadam
1121 1764 1284 1861 epistota,
1302 1764 1481 1859 quemad
1502 1783 1563 1839 me
1588 1761 1730 1855 scribit3
1749 1770 1874 1839 tamen

701 1886 841 1982 poetria
865 1906 972 1980 aeque
989 1886 1083 1961 bene
1101 1892 1220 1981 potest
1237 1885 1369 1960 cadere
1385 1885 1423 1959 in
1441 1886 1577 1959 bonam
1595 1890 1772 1977 mentem,
1788 1904 1875 1975 quae

701 2006 894 2114 materiam
921 2007 1102 2082 describat
1127 2008 1331 2101 honestam,
1358 2006 1454 2105 sicut
1483 2006 1650 2081 iecerunt
1675 2004 1874 2078 Martianus

700 2127 855 2223 Capella,
881 2128 1040 2223 Boetius,
1067 2128 1251 2221 Rabanus,
1282 2128 1494 2221 Juveucius,
1528 2124 1709 2218 Sedulius,
1740 2123 1874 2199 drator

701 2254 737 2325 et
752 2248 813 2324 alii
831 2248 946 2323 multi.
975 2249 1017 2321 Et
1041 2248 1145 2322 dicit:
1168 2256 1202 2323 et
1216 2252 1366 2323 occulto:
1381 2240 1412 2321 si
1430 2251 1550 2321 udoni
1564 2266 1663 2349 mmo
1674 2249 1750 2320 mia
1765 2267 1875 2320 corne

699 2373 845 2463 sepulto,
859 2376 1053 2465 postquam
1072 2369 1123 2442 tui
1145 2376 1306 2463 mortua,
1318 2372 1458 2443 dooeoti
1473 2389 1617 2463 muopcr
1632 2372 1671 2441 iu
1686 2372 1871 2443 conuulso

697 2498 814 2585 porte,
840 2490 985 2584 scilicet,
1011 2491 1058 2565 ad
1083 2490 1328 2566 deserendum
1354 2490 1444 2565 alias
1469 2496 1507 2565 et
1531 2490 1760 2585 sequendum
1789 2511 1870 2584 me3

702 2618 740 2687 et
764 2618 804 2685 tu
831 2619 919 2686 tunc
947 2612 1073 2687 dedisti
1108 2618 1144 2685 te
1169 2611 1272 2685 vanis
1301 2610 1503 2685 honoribus
1535 2618 1574 2685 et
1601 2610 1801 2705 amoribus,
1832 2618 1869 2686 et

702 2738 791 2807 tunc
808 2752 911 2806 sacra
929 2731 1077 2806 scientia
1094 2730 1193 2826 apud
1211 2738 1247 2807 te
1269 2738 1417 2806 mortua
1435 2737 1491 2805 est
1507 2737 1544 2806 et
1560 2732 1867 2826 sepulta-liat.

699 2852 764 2927 llic
789 2850 937 2925 Beatrix
962 2850 1093 2945 probat
1122 2850 1221 2944 quod
1251 2872 1358 2925 amor
1387 2869 1478 2924 suus
1507 2856 1588 2926 erat
1619 2851 1870 2945 preferendus

698 2972 817 3047 amori
842 2978 1062 3047 ceterarum
1090 2971 1232 3047 ratione
1258 2970 1482 3047 excellentie
1507 2992 1596 3065 sue,
1623 2992 1734 3065 quam
1770 2973 1870 3047 nulla

695 3093 766 3168 alia
795 3098 912 3188 potest
938 3092 1133 3189 attingere3
1160 3091 1258 3167 uude
1283 3092 1388 3166 dicit:
1416 3096 1557 3165 Natura
1582 3096 1627 3167 cd
1650 3101 1742 3185 orte,
1766 3092 1869 3187 idest,

696 3211 820 3305 aliqua
847 3212 965 3287 torma
992 3212 1167 3287 naturalis
1192 3213 1250 3287 vel
1275 3212 1483 3307 artificialis,
1510 3212 1604 3287 sicut
1628 3212 1763 3291 mulier
1787 3215 1870 3308 pul·

697 3330 856 3407 cerrima
871 3322 907 3424 (Β)
936 3332 1062 3407 vivens
1089 3332 1125 3405 in
1150 3352 1262 3407 carne
1292 3332 1350 3407 vel
1380 3332 1487 3429 picta,
1513 3332 1572 3406 vel
1601 3334 1754 3431 sculpta,
1784 3354 1870 3429 quae

698 3451 858 3527 maxime
884 3453 976 3527 solet
999 3452 1148 3527 allicere
1173 3453 1300 3526 oculos
1325 3452 1495 3547 hominis,
1512 3456 1586 3527 moi
1604 3474 1678 3527 nou
1700 3456 1724 3527 t
1737 3475 1868 3547 uppre-

695 3564 1113 3664 computandorum
1140 3572 1281 3667 supple,
1298 3580 1428 3664 quanto
1453 3577 1484 3647 le
1509 3573 1592 3647 delle
1616 3574 1785 3665 uwmdru,
1802 3574 1868 3649 dc-

578 3724 579 3727 ¹
695 3690 770 3766 bite
794 3692 1079 3789 proportionata,
1106 3697 1143 3767 in
1168 3694 1267 3767 cl’io
1291 3696 1469 3769 mucliusu
1490 3696 1559 3789 sui,
1584 3694 1622 3768 in
1653 3694 1739 3789 vita,
1764 3716 1784 3767 e
1807 3697 1867 3769 cie

693 3834 760 3886 son
785 3820 882 3885 terro
906 3820 1038 3906 sparte,
1064 3812 1151 3907 quia
1182 3813 1344 3889 resoluta
1374 3814 1411 3887 in
1441 3822 1581 3888 terram
1613 3836 1739 3911 sparsa
1769 3822 1864 3891 sunt.

694 3932 738 4007 Et
764 3941 849 4008 uota
869 3934 968 4029 quod
990 3934 1057 4008 ista
1077 3934 1183 4010 litera
1199 3941 1317 4027 potest
1338 3934 1486 4030 intelligi
1508 3933 1678 4010 historice
1696 3956 1763 4029 pro
1781 3956 1867 4009 mrt-

693 4053 783 4129 liere
808 4075 942 4131 caroea
972 4076 1056 4149 quae
1086 4054 1163 4129 visa
1194 4061 1249 4129 est
1274 4053 1341 4128 sibi
1369 4054 1592 4149 pulcerrima
1623 4056 1804 4149 omnium,
1829 4062 1867 4131 et

693 4174 893 4271 anagogice
928 4195 995 4269 pro
1029 4194 1134 4249 sacra
1169 4174 1319 4249 scientia
1352 4174 1576 4268 pulcerrima
1614 4174 1865 4268 scientiarum,

694 4294 787 4371 sicut
811 4294 896 4370 dicit
921 4295 1159 4371 Cassiodorus
1191 4298 1422 4386 quodannis
1446 4303 1514 4371 etc.
1541 4301 1580 4371 et
1604 4303 1692 4370 tuuc
1717 4295 1861 4373 dicatur

694 4416 792 4511 quod
817 4416 945 4512 pulcra
973 4416 1141 4491 membra
1171 4423 1257 4490 sunt
1287 4416 1403 4511 pulcri
1435 4416 1517 4491 libri
1547 4416 1609 4510 qui
1640 4418 1885 4498 constituunt.

693 4554 827 4630 corpus
845 4536 1048 4631 theologiae,
1067 4543 1103 4611 et
1120 4542 1208 4611 sunt
1223 4537 1338 4630 sparsi
1356 4536 1392 4609 in
1411 4543 1511 4613 terra
1529 4536 1669 4631 ubique
1685 4538 1864 4612 locorum.

693 4656 838 4743 Quanto
855 4676 945 4753 ergo
966 4657 1032 4731 luit
1054 4658 1172 4732 maior
1191 4678 1299 4732 amor
1318 4664 1405 4731 tuus
1422 4678 1512 4755 erga
1533 4678 1606 4751 me,
1626 4664 1728 4733 tanto
1749 4658 1868 4733 maior

694 4796 819 4870 error3
848 4776 945 4851 unde
970 4776 1058 4871 petit
1082 4797 1169 4851 cum
1197 4776 1462 4873 indignatione:
1489 4780 1575 4875 qual
1596 4798 1681 4851 roso
1706 4781 1865 4867 mutale,

731 4950 736 4958 ’
757 4959 784 5021 (¹)
800 4961 831 5011 Ε.
848 4960 939 5011 doctor
955 4968 1048 5013 vester.
1237 4961 1265 5026 τ’)
1281 4964 1312 5014 ll.
1329 4966 1392 5028 quin
1409 4965 1485 5016 dicat.

757 5034 784 5099 ζ’)
801 5037 831 5087 Ε.
848 5037 1005 5101 pulcerrima
1017 5040 1120 5105 juvenis
1136 5040 1164 5089 lu
1179 5052 1265 5091 mnis.
