4575 6842
786 1050 925 1107 caurus
950 1054 1134 1109 sanamus.
1479 1048 1551 1115 lod

375 1218 451 1273 non
474 1197 558 1271 duae
582 1216 760 1293 personae,
787 1202 825 1271 et
849 1196 959 1271 simul
992 1196 1109 1272 univit
1137 1197 1205 1272 sibi
1233 1217 1383 1276 carnem
1409 1208 1447 1277 et
1471 1201 1552 1277 ani-

374 1338 487 1393 mam.
514 1317 604 1393 llicit
629 1338 739 1414 ergo:
764 1338 784 1391 e
808 1320 891 1391 urdo
915 1338 940 1391 a
963 1314 1004 1392 sd
1025 1321 1063 1393 ia
1083 1319 1438 1417 persuadeam
1461 1323 1550 1398 illud

374 1437 538 1513 Verbum
563 1437 753 1512 coniunxit
783 1436 852 1511 sibi
883 1442 922 1512 et
954 1436 1087 1533 unirit3
1115 1439 1174 1514 vel
1204 1440 1407 1515 secundum
1438 1443 1549 1519 aliam

374 1558 531 1653 literam,
550 1561 601 1653 tl',
619 1558 712 1633 idest
729 1558 806 1654 ubi,
823 1557 927 1653 idest,
945 1558 982 1633 in
1004 1580 1080 1653 qun
1106 1560 1246 1635 mundo
1272 1561 1390 1637 univit
1416 1563 1494 1659 sibi,
1515 1568 1553 1639 la

374 1686 519 1773 amnuo,
548 1680 684 1755 scilicet
717 1682 933 1771 humanam,
958 1682 1019 1753 cto
1050 1683 1154 1754 dero
1179 1684 1362 1775 alluopoto
1393 1686 1457 1759 dul
1488 1706 1552 1759 suo

374 1805 529 1894 Fallere,
548 1799 691 1895 idesta
712 1806 883 1875 creatore
907 1800 985 1876 neo
1001 1820 1067 1896 per
1087 1801 1234 1896 culpam
1256 1822 1341 1897 quae
1361 1803 1428 1878 snit
1454 1804 1551 1879 redi-

375 1919 509 1996 menda
534 1940 600 2016 per
625 1940 785 2015 poenam,
811 1940 878 1994 con
901 1923 1005 1995 tutto
1021 1924 1078 1995 sot
1099 1923 1158 1995 del
1179 1942 1243 1995 suo
1268 1930 1387 1997 eman
1413 1945 1550 2017 amore,

374 2040 466 2116 idest
481 2039 636 2137 Spiritus
657 2040 772 2115 sancti
790 2040 850 2115 cni
867 2041 1082 2116 attribuitur
1098 2048 1347 2117 amoc-Or.
1369 2044 1434 2119 llic
1456 2046 1549 2121 Bea-
1589 2133 1591 2141 Ι

374 2160 446 2236 trix
463 2166 608 2235 ostensa
628 2160 878 2235 incarnatione
896 2161 1005 2236 Verbi
1022 2160 1179 2236 ostendit
1195 2162 1400 2257 passionem
1421 2184 1549 2239 neces·

373 2281 509 2357 sariam
535 2280 582 2356 ad
606 2280 864 2378 purgationem
891 2282 1065 2356 humanm
1093 2288 1236 2357 natnrae
1268 2289 1477 2379 assumpta.
1504 2286 1549 2359 ltt

374 2401 421 2477 ad
446 2400 721 2497 intelligentiam
739 2401 849 2475 huius
866 2400 981 2477 tttsrae
998 2401 1101 2475 lortis
1121 2407 1178 2476 est
1193 2400 1313 2497 primo
1331 2404 1546 2498 notandum,

372 2520 471 2617 quod
497 2520 667 2615 quamvis
692 2528 826 2596 natura
851 2521 1015 2595 humana
1045 2520 1082 2594 in
1110 2541 1268 2617 persona
1294 2522 1426 2597 Christi
1452 2529 1549 2599 esset

246 2630 255 2651 ⁸
372 2662 465 2737 pura
492 2647 528 2717 et
554 2641 740 2736 innocens,
768 2640 1002 2716 nihilominus
1019 2641 1055 2716 in
1074 2649 1256 2736 quantum
1275 2644 1437 2719 humana
1463 2648 1545 2718 erat

374 2763 515 2858 privata
541 2761 782 2856 beatitudine3
808 2762 895 2857 qnia
920 2782 1008 2837 caro
1028 2769 1174 2859 sumpta
1192 2763 1238 2839 de
1260 2763 1402 2861 virgine
1424 2764 1544 2839 solum

374 2889 457 2958 erat
481 2881 665 2957 decarne
689 2881 748 2957 illa
775 2902 860 2977 quae
885 2882 1124 2958 descenderat
1149 2904 1194 2958 ex
1222 2883 1337 2959 Adam
1360 2891 1542 2979 quantum

373 3003 419 3078 ad
455 3002 650 3078 materiam
683 3004 950 3098 corpulentam,
985 3003 1154 3098 quamvis
1179 3011 1274 3079 esset
1307 3005 1356 3081 ita
1389 3026 1481 3101 pura
1508 3011 1545 3081 et

373 3124 488 3199 libera
513 3143 536 3198 a
560 3129 711 3219 peccato
735 3122 834 3218 ldae,
855 3122 950 3198 sicut
974 3128 1055 3198 erat
1079 3143 1168 3198 caro
1193 3124 1281 3199 lldae
1301 3130 1388 3201 ante
1413 3146 1546 3221 pecca-

255 3237 260 3252 '
373 3249 465 3339 tum,
484 3242 572 3337 quia
596 3242 760 3318 Christus
780 3264 853 3317 non
879 3242 1034 3338 sumpsit
1050 3241 1097 3317 de
1116 3241 1232 3317 Adam
1259 3243 1325 3319 nisi
1351 3246 1545 3319 materiam

371 3364 487 3440 solam
518 3363 566 3439 de
596 3384 690 3459 puro
720 3363 900 3460 sanguine
934 3362 1100 3459 virginis3
1126 3362 1190 3437 sed
1215 3361 1370 3459 Spiritus
1398 3371 1549 3439 sanctus

370 3482 470 3559 dedit
492 3482 613 3559 active
630 3490 801 3559 naturam
821 3484 1033 3558 humanam.
1053 3482 1217 3558 Christus
1237 3504 1328 3580 ergo
1350 3484 1547 3580 assumpsn

370 3604 599 3701 poenalitates
623 3604 846 3698 corporales,
867 3602 961 3678 sicut
986 3603 1134 3697 tamem,
1156 3603 1264 3698 sitim,
1283 3604 1461 3700 laborem,
1479 3606 1547 3683 do-

370 3728 507 3822 lorem3
532 3733 571 3802 et
595 3726 813 3822 spirituales,
840 3730 882 3799 nt
914 3723 1110 3819 tristitiam,
1136 3724 1337 3821 planctum,
1369 3733 1406 3802 et
1437 3725 1552 3803 timo-

371 3868 474 3942 rem3
500 3867 569 3923 nec
593 3855 717 3922 tamen
742 3844 938 3941 assumpsit
963 3864 1093 3919 omnes
1117 3846 1340 3940 corporales,
1359 3846 1454 3924 sicut
1477 3846 1548 3923 de-

370 3967 487 4042 lectus
512 3967 715 4042 multarum
746 3964 1028 4062 aegritudinum
1062 3984 1130 4039 nec
1163 3984 1293 4039 omnes
1325 3965 1542 4063 spirituales,

370 4090 465 4166 sicut
489 4087 734 4186 ignorantiam
758 4094 797 4161 et
821 4084 1058 4161 rebellionem
1084 4085 1205 4161 carnis
1225 4085 1271 4159 ad
1291 4085 1471 4181 spiritum.
1489 4086 1544 4163 Ad

370 4209 515 4285 literam
540 4228 651 4305 ergo:
668 4206 817 4282 Beatrix
843 4206 964 4302 primo
988 4204 1074 4280 iacit
1098 4212 1269 4281 autorem
1295 4212 1476 4281 attentum
1495 4206 1540 4281 ad

369 4329 407 4405 id
430 4327 530 4422 quod
553 4327 678 4403 dicere
702 4325 866 4420 intendit,
882 4325 1025 4401 dicens:
1051 4329 1104 4399 Or
1128 4328 1257 4401 datrae
1278 4328 1306 4399 il
1330 4328 1417 4416 viso,
1438 4325 1543 4419 idest,

369 4446 655 4544 speculationem
676 4445 972 4539 intellectualem,
991 4465 1017 4517 u
1033 4447 1113 4537 quel
1126 4446 1187 4519 cde
1210 4447 1242 4518 si
1264 4448 1432 4537 rupmrm,
1452 4444 1543 4519 idest

369 4566 537 4662 sequitur
569 4585 635 4661 per
672 4564 1007 4639 ratiocinationem:
1041 4572 1160 4657 pucstu
1196 4572 1345 4660 namra,
1386 4563 1542 4657 scilicet,

368 4688 668 4781 mnemonico
700 4688 740 4759 ot
765 4706 830 4757 suo
854 4689 1010 4778 Fottore,
1038 4686 1174 4761 scilicet
1204 4686 1281 4761 Deo
1316 4685 1353 4759 in
1384 4706 1542 4781 persona

368 4808 430 4883 ldii
455 4824 658 4903 perquem
685 4804 808 4879 omnia
834 4804 928 4879 lacta
954 4811 1051 4898 sunt,
1078 4809 1119 4900 su
1150 4808 1302 4900 amera,
1335 4805 1438 4899 idest,
1465 4806 1543 4880 sine

369 4927 514 5005 macula
539 4924 670 5019 carnis,
696 4947 715 4998 e
739 4926 868 5018 ducam,
894 4924 986 5019 talis,
1013 4928 1159 5019 quulfu
1183 4933 1318 5017 creatu,
1343 4924 1480 5001 scilicet
1504 4925 1541 4999 in

368 5050 506 5142 lldam3
532 5066 591 5119 ma
615 5048 697 5137 ello,
714 5044 850 5120 scilicet
874 5052 1019 5140 natura,
1040 5050 1082 5141 su
1105 5046 1270 5119 obauditu
1290 5049 1328 5121 di
1347 5049 1539 5139 Parudiso,

369 5170 472 5266 idest,
499 5166 660 5265 relegata
685 5187 707 5241 a
732 5166 902 5242 felicitate
926 5167 973 5242 ad
998 5188 1112 5263 quam
1138 5172 1220 5242 erat
1237 5172 1374 5261 creata,
1387 5188 1460 5260 pur
1475 5188 1542 5260 per

500 5308 538 5353 Π.
1381 5308 1409 5351 80
