4575 6842
840 954 979 1012 CANTUS
1004 954 1186 1010 sturmus.
1534 942 1605 1008 469

431 1122 516 1176 rum
544 1100 781 1197 multiplicem
807 1100 1070 1175 abundantiam
1097 1107 1134 1174 et
1159 1096 1373 1173 latissimam
1399 1097 1603 1173 doctrinam
1673 1176 1675 1181 ,

429 1223 508 1297 sine
538 1222 612 1297 ullo
644 1242 774 1297 errore
799 1220 1075 1317 comprehendit
1105 1226 1142 1294 et
1173 1218 1251 1293 sine
1281 1238 1411 1293 errore
1435 1218 1602 1313 custodit,

429 1341 535 1417 ouius
555 1360 621 1416 cor
646 1341 795 1437 plenum
823 1348 879 1415 est
903 1340 1072 1434 caritate3
1101 1360 1169 1414 nec
1193 1334 1352 1413 dubitari
1379 1346 1496 1434 potest
1514 1340 1602 1433 quin

429 1463 608 1559 templum
627 1460 690 1535 Dei
708 1460 753 1535 sit
770 1461 883 1535 lromo
908 1460 946 1534 iu
972 1481 1048 1555 quo
1068 1458 1208 1533 habitat
1225 1456 1367 1532 caritas.
1390 1459 1434 1533 Et
1450 1460 1501 1533 sic
1520 1458 1603 1533 ride

429 1584 528 1679 quod
554 1582 663 1657 tacite
687 1582 811 1679 arguit
827 1589 997 1656 autorem
1017 1580 1081 1676 qui
1098 1579 1145 1654 ab
1167 1578 1267 1653 initio
1286 1577 1386 1653 visus
1403 1586 1458 1653 est
1476 1598 1604 1653 amare

429 1704 646 1797 Beatricem‚
667 1710 793 1798 postea
819 1722 902 1779 eam
928 1702 1091 1777 deseruit
1115 1708 1266 1795 propter
1294 1698 1462 1774 scientias
1487 1718 1604 1773 saecu-

429 1824 537 1918 lares,
555 1822 619 1898 sed
644 1822 792 1898 tandem
818 1830 1014 1898 revocatus
1039 1826 1106 1915 est,
1123 1820 1218 1895 sicut
1244 1819 1375 1894 totiens
1401 1826 1456 1894 est
1480 1826 1604 1893 osten-

428 1965 512 2018 sum
539 1943 576 2016 in
593 1942 666 2016 line
683 1942 901 2038 Purgatortt.
920 1944 963 2015 Et
980 1940 1158 2037 promittit
1175 1938 1241 2013 sibi
1258 1940 1478 2014 solutionem
1501 1938 1604 2013 istius

428 2064 540 2157 dubii,
562 2064 704 2138 dicens:
724 2069 920 2136 veramente
944 2055 1025 2136 dtrd
1047 2057 1177 2155 pmcne*
1191 2063 1243 2134 rat
1266 2062 1370 2133 modo
1393 2064 1433 2153 su
1456 2054 1517 2153 pst
1541 2061 1604 2132 dc-

427 2205 513 2279 nno,
541 2183 644 2278 idest,
670 2182 932 2280 congruentior
949 2182 1102 2276 caeteris,
1118 2174 1207 2273 perd
1228 2183 1313 2254 cl'a
1338 2186 1455 2273 questo
1479 2201 1600 2272 scyno,

428 2303 532 2398 idest,
558 2303 604 2377 ad
629 2302 739 2377 istum
767 2310 958 2398 punctum,
984 2304 1090 2375 molto
1114 2304 1147 2375 si
1171 2304 1276 2395 mira,
1305 2306 1342 2374 et
1375 2320 1464 2402 vere
1497 2298 1600 2373 multi

429 2425 612 2499 mirantur
633 2423 732 2519 quod
752 2430 898 2499 creator
920 2422 1037 2498 lactus
1058 2429 1112 2497 est
1133 2429 1318 2515 creatura,
1336 2420 1422 2515 quia
1441 2421 1510 2494 hoc
1528 2440 1601 2494 non

427 2553 484 2621 est
510 2552 675 2639 naturae3
699 2544 782 2619 ideo
808 2565 937 2638 epoto
962 2547 994 2617 si
1017 2546 1189 2636 decane,
1220 2542 1306 2637 quia
1334 2542 1456 2615 nullus
1482 2541 1602 2615 malus

427 2672 546 2764 potest
577 2685 658 2741 esse
686 2665 871 2761 perlectus
897 2665 1176 2762 metaphysicus.
1191 2668 1305 2739 —La
1335 2664 1465 2737 divino.
1496 2662 1601 2736 Nunc

428 2785 573 2862 Beatrix
604 2785 730 2859 volens
764 2784 886 2859 lacere
917 2784 1137 2859 solutionem
1166 2784 1252 2859 dicti
1283 2781 1382 2857 dubii
1413 2780 1601 2878 praemittit

427 2906 597 3001 quedam
634 2904 806 3001 principia
839 2905 1043 2979 necessaria
1074 2896 1171 2999 add)
1208 2906 1289 2999 hoc,
1322 2903 1467 2997 scilicet,
1500 2900 1600 2997 quod

428 3027 527 3101 Deus
551 3026 598 3101 ab
624 3026 725 3101 initio
750 3025 834 3100 lecit
860 3025 1046 3101 homiuem
1073 3026 1298 3100 simillimum
1321 3024 1388 3098 sibi
1408 3044 1473 3120 per
1489 3023 1602 3098 liber·

428 3154 541 3223 tatem
567 3147 718 3241 arbitrii,
745 3146 883 3243 etipse
914 3148 1027 3221 homo
1057 3146 1141 3222 lecit
1171 3167 1211 3221 se
1239 3145 1520 3220 dissimillimum
1552 3144 1602 3219 illi

428 3289 495 3365 per
520 3274 723 3363 peccatum.
742 3267 866 3342 Primo
891 3288 983 3364 ergo
1005 3266 1121 3365 tangit
1138 3266 1175 3341 in
1194 3267 1356 3363 generali
1375 3266 1599 3341 creationem

427 3388 590 3464 universi
614 3408 728 3483 quam
754 3389 852 3465 Deus
878 3388 961 3463 lecit
985 3389 1062 3463 sola
1087 3387 1250 3462 bonitate
1282 3407 1361 3481 sua,
1388 3387 1474 3482 quia
1500 3391 1602 3460 caret

427 3508 576 3604 invidia,
610 3507 691 3583 ideo
725 3506 840 3581 voluit
876 3508 1094 3603 participare
1128 3506 1308 3581 creaturis
1346 3505 1600 3581 excellentiam

426 3650 545 3724 suam,
570 3628 634 3703 sed
660 3627 845 3723 potissime
872 3628 1037 3702 rationaii
1055 3618 1092 3719 (¹)
1118 3622 1313 3722 creaturae,
1336 3628 1396 3701 cui
1423 3626 1509 3700 nihil
1535 3647 1601 3723 po·
1680 3655 1682 3659 ⁴

425 3748 496 3823 tuit
520 3749 610 3823 dare
634 3746 871 3823 excellentius
896 3748 1012 3822 libero
1038 3748 1201 3842 arbitrio,
1221 3768 1286 3843 per
1300 3738 1338 3841 (³)
1365 3748 1464 3842 quod
1489 3748 1601 3821 homo

426 3868 468 3944 tit
492 3868 616 3944 similis
640 3868 709 3964 illi3
731 3868 825 3943 sicut
850 3868 947 3942 euim
967 3868 1042 3964 ipse
1059 3874 1139 3942 erat
1160 3868 1325 3963 suijuris
1343 3873 1378 3941 et
1396 3888 1473 3941 suae
1489 3867 1601 3963 ipsius
1640 3886 1641 3891 ‘

427 3988 625 4063 voluntatis
659 4010 733 4063 uon
765 3988 987 4063 necessitatis
1024 3993 1105 4062 erat
1138 3986 1238 4081 quod
1275 3987 1393 4061 bonus
1427 3995 1525 4082 erat,
1553 3988 1601 4062 ita

427 4109 540 4183 homo
566 4108 671 4203 quasi
696 4107 754 4182 sui
774 4108 870 4203 juris
888 4106 1030 4182 nonnisi
1056 4128 1124 4181 sua
1151 4106 1338 4181 voluntate
1359 4106 1481 4181 lacere
1504 4109 1600 4182 mala

427 4237 466 4302 et
494 4230 594 4324 juste
628 4212 881 4323 damnaretur,
906 4232 972 4301 aut
1008 4227 1105 4301 bona
1135 4232 1173 4301 et
1213 4226 1344 4301 merito
1382 4228 1599 4302 salvaretur.

426 4348 544 4423 Nemo
582 4349 680 4423 enim
719 4348 882 4423 salvatur
920 4347 1065 4422 inritus.
1104 4346 1197 4422 Dicit
1235 4367 1325 4445 ergo
1359 4346 1406 4421 ad
1436 4348 1600 4423 literam:

426 4474 479 4543 La
510 4472 631 4544 dimna
663 4460 781 4562 nono,
812 4469 915 4563 idest,
945 4468 1065 4543 torma
1096 4466 1194 4560 boni,
1227 4469 1286 4541 cte
1317 4470 1365 4540 da
1393 4490 1431 4541 sc
1459 4488 1597 4563 sperne,

426 4589 534 4685 idest,
570 4594 715 4665 recusat
745 4594 782 4664 et
815 4587 977 4683 expellit,
1010 4590 1096 4680 ocni
1129 4589 1253 4680 ltoorc,
1287 4586 1393 4682 idest,
1428 4586 1598 4662 invidiam

422 4710 530 4804 juxta
555 4709 644 4784 illud
671 4708 829 4784 Platonis
854 4708 892 4781 in
917 4707 1074 4781 Timaeo:
1100 4706 1268 4803 optimus¹
1292 4706 1441 4801 quidem
1471 4714 1537 4802 est,
1564 4714 1602 4783 et

426 4828 535 4925 longe
559 4829 607 4903 ab
633 4828 771 4924 optimo
796 4826 929 4902 invidia
957 4826 1118 4923 relegata
1141 4832 1206 4921 est,
1225 4828 1385 4901 ardendo
1409 4830 1447 4901 tn
1471 4850 1507 4900 sc
1523 4832 1600 4924 ssa-

490 5094 518 5158 t't
534 5098 557 5156 t,
574 5093 605 5145 aa
622 5095 686 5145 uae.
842 5089 870 5157 t't
886 5096 909 5151 t.
926 5089 1081 5143 rationabili
1239 5088 1266 5152 tt
1282 5090 1313 5141 E·
1331 5095 1437 5156 morter
1452 5092 1531 5157 quoa.
