4575 6842
728 951 798 1016 122
1086 961 1291 1018 COMENTUM
1316 961 1536 1018 absentetur

724 1106 854 1181 avidus
879 1105 1049 1182 audiendi
1076 1127 1156 1182 rem
1183 1128 1331 1201 novam,
1349 1107 1398 1182 ita
1419 1108 1554 1182 Dentes
1571 1107 1715 1185 videndi
1734 1131 1813 1187 rem
1833 1135 1900 1188 no-

726 1246 822 1300 vam.
836 1267 887 1280 -
902 1221 977 1302 cdd.
1004 1227 1113 1302 Nunc
1138 1234 1246 1321 poeta
1272 1227 1443 1304 describit
1462 1227 1572 1302 aliam
1599 1236 1737 1306 sectam
1763 1253 1897 1310 novam

721 1347 999 1423 luxuriosorum
1017 1347 1064 1422 de
1080 1367 1219 1444 genere
1237 1347 1503 1423 sodomitarum
1516 1351 1791 1427 occurrentium
1810 1352 1896 1448 istis,

721 1475 760 1543 et
784 1488 915 1543 eorum
942 1474 1046 1542 actus
1071 1474 1108 1543 et
1133 1487 1259 1562 voces3
1287 1467 1384 1542 uude
1409 1467 1513 1543 dicit:
1539 1463 1602 1543 att
1618 1478 1731 1562 pente,
1748 1472 1895 1568 scilicet,

721 1593 821 1663 secta
832 1581 874 1680 (¹)
899 1587 1123 1681 sodomitica,
1142 1591 1243 1662 omia
1261 1610 1327 1680 per
1354 1591 1529 1662 tomezzo
1552 1591 1611 1664 dol
1632 1595 1771 1666 camino
1797 1613 1895 1666 acce-

721 1731 776 1801 so,
801 1709 948 1803 scilicet,
965 1709 1013 1783 ab
1038 1708 1133 1805 igne,
1153 1713 1209 1782 cot
1225 1713 1299 1782 viso
1316 1711 1475 1783 incontro
1493 1731 1518 1782 u
1534 1719 1666 1805 questo,
1686 1711 1790 1808 idest,
1808 1734 1892 1788 cum

722 1830 815 1906 iacie
845 1829 993 1904 obviam
1026 1829 1156 1924 primae
1189 1835 1308 1922 sectae,
1335 1832 1372 1902 ta
1397 1833 1482 1926 qaut
1511 1835 1560 1906 mi
1584 1837 1658 1927 seue
1689 1854 1713 1906 a
1742 1835 1892 1908 mmirar

722 1971 876 2044 sospem,
902 1949 991 2044 quia
1015 1949 1109 2045 coepi
1135 1956 1332 2046 expectare
1357 1971 1444 2024 cum
1471 1951 1713 2028 admiratione
1735 1954 1822 2049 quid
1839 1956 1857 2029 t
1875 1995 1894 2008 -

722 2078 829 2146 ctura
855 2075 962 2164 esset,
988 2069 1083 2144 sicut
1106 2069 1168 2143 illa
1193 2069 1311 2165 prima
1328 2091 1419 2166 gens
1436 2073 1652 2165 expectabat
1671 2093 1757 2148 cum
1776 2074 1894 2149 admi·

722 2193 863 2267 ratione
887 2191 1017 2267 audire
1043 2210 1114 2265 me.
1144 2191 1190 2264 Et
1221 2190 1341 2264 subdit
1374 2191 1462 2285 quid
1494 2191 1624 2267 viderit
1656 2213 1702 2268 ex
1735 2201 1894 2289 utraque

719 2318 834 2408 parte,
858 2311 1002 2386 dicens:
1030 2303 1055 2384 tt
1080 2312 1203 2401 ceppio
1228 2312 1263 2384 d'
1276 2314 1362 2402 opni
1379 2319 1495 2404 porte,
1523 2319 1598 2386 tam
1622 2311 1752 2408 primae
1777 2334 1889 2408 quam

718 2432 889 2508 secundae
914 2431 1044 2528 gentis,
1069 2434 1235 2504 ciescona
1259 2433 1398 2523 embra,
1416 2453 1501 2527 quae
1528 2441 1629 2509 recte
1650 2433 1893 2528 respondebat

720 2552 825 2628 alteri
848 2552 992 2625 umbrae
1018 2555 1119 2625 recta
1144 2551 1252 2644 linea,
1266 2555 1362 2645 sarsi
1371 2559 1508 2644 presto,
1526 2574 1546 2624 e
1565 2553 1719 2628 bociorst'
1737 2574 1809 2628 aaa
1827 2574 1893 2627 con

722 2693 809 2764 ano,
834 2673 872 2746 in
886 2663 924 2765 (²)
949 2670 1215 2766 improperium
1243 2671 1391 2746 nesoriae
1421 2671 1696 2766 coniunctionis,
1715 2694 1827 2766 quam
1856 2674 1892 2746 in
1925 2671 1928 2680 '

723 2792 848 2867 secuto
865 2796 1100 2887 peregerunt,
1118 2789 1213 2864 sicut
1232 2796 1338 2886 poeta
1358 2791 1530 2887 glossabit
1547 2812 1587 2867 se
1604 2792 1717 2886 inira3
1735 2798 1773 2866 et
1790 2791 1891 2866 dicit:

722 2919 876 2986 contente
900 2933 925 2985 o
950 2912 1053 2985 breve
1073 2916 1166 3006 sesto
1181 2931 1290 2986 sunzo
1310 2915 1433 3002 rietur,
1452 2911 1539 3006 quia
1559 2933 1671 3007 quam
1695 2911 1801 2986 citius
1827 2933 1892 3007 po-

722 3040 842 3109 terant
859 3054 905 3108 ex
924 3031 1038 3105 nimia
1054 3031 1268 3106 contusione
1287 3033 1433 3106 ruboris
1451 3032 1669 3109 videbantur
1691 3032 1790 3108 mille
1806 3033 1891 3108 anni

721 3154 821 3249 quod
851 3154 1022 3250 ingerent
1050 3153 1304 3226 abominantes
1332 3159 1462 3246 semet,
1496 3159 1534 3228 et
1569 3153 1673 3246 quasi
1705 3152 1887 3227 dicentes:
1982 3163 1985 3170 ’

721 3276 785 3370 qui
796 3265 834 3368 (³)
848 3274 1014 3348 diabolus
1031 3273 1199 3347 osculum
1220 3274 1291 3348 tate
1308 3271 1456 3368 invenit,
1470 3278 1536 3348 aut
1552 3293 1666 3365 quam
1680 3273 1891 3347 delectatio-

722 3417 807 3472 nem
821 3402 939 3492 potest
957 3394 1094 3470 babere
1111 3393 1168 3468 vir
1185 3393 1231 3467 de
1249 3393 1340 3487 viro,
1357 3395 1551 3468 anthemo
1568 3394 1614 3468 de
1628 3392 1741 3468 bestia
1756 3393 1792 3465 in
1806 3398 1890 3467 actu

718 3517 959 3592 libidinist-
974 3507 1061 3588 Cosi.
1088 3515 1154 3588 Hic
1179 3520 1287 3609 poeta
1313 3513 1496 3608 specificat
1514 3519 1663 3588 mutuos
1683 3519 1787 3588 actus
1804 3513 1892 3587 ista-

718 3659 802 3712 rum
830 3636 1039 3712 animarum
1058 3656 1124 3730 per
1140 3634 1454 3730 comparationem
1478 3636 1615 3710 claram
1643 3639 1679 3708 et
1705 3634 1889 3729 propriam

717 3757 967 3834 formicarum.
995 3755 1047 3828 Ad
1073 3776 1187 3849 quam
1218 3755 1314 3830 bene
1345 3754 1587 3850 adaptandam
1605 3743 1640 3846 (ι)
1669 3759 1765 3848 nota,
1792 3754 1890 3848 quod

717 3877 881 3952 formicae
904 3876 940 3949 in
967 3873 1170 3972 mitigando
1190 3874 1313 3948 cibum
1336 3894 1465 3949 omnes
1482 3873 1673 3948 ambutant
1690 3874 1827 3949 directe
1844 3873 1890 3950 ad

716 3997 850 4073 lineam
879 4017 1004 4089 onam,
1029 4016 1114 4090 quae
1139 3995 1238 4070 ducit
1263 3994 1310 4069 ad
1336 3995 1475 4088 nidum,
1494 4001 1531 4068 et
1556 3995 1753 4070 observant
1770 4016 1888 4070 unum

716 4119 839 4193 iocum
866 4117 904 4190 in
929 4137 1042 4211 quem
1068 4116 1262 4190 conterunt
1294 4116 1486 4190 thesauros
1518 4113 1685 4190 ciborum
1721 4136 1887 4210 suorum,

716 4246 755 4313 et
780 4239 939 4312 muitum
964 4236 1100 4310 instant
1125 4235 1245 4329 operi3
1264 4234 1314 4310 ita
1332 4235 1410 4308 istae
1430 4234 1563 4308 anime
1579 4233 1771 4310 ambulant
1791 4244 1889 4311 recte

714 4359 763 4433 ad
788 4378 901 4431 unam
927 4347 1113 4447 lineam(⁵)
1140 4355 1175 4427 in
1203 4355 1403 4449 quaerendo
1435 4375 1540 4428 suam
1572 4355 1803 4446 salutemet
1832 4360 1889 4427 at-

717 4478 871 4554 tendunt
894 4477 1017 4551 iocum
1044 4474 1108 4548 ubi
1134 4474 1381 4550 thesaurizent
1415 4474 1451 4548 in
1483 4475 1588 4549 coeio.
1620 4473 1663 4546 Et
1693 4471 1786 4546 sicut
1811 4471 1887 4546 ior-

717 4598 821 4674 micae
846 4595 1118 4692 praesentientes
1143 4593 1271 4690 frigus,
1289 4593 1451 4688 pluviam
1479 4600 1516 4668 et
1541 4598 1669 4668 ventos
1694 4597 1890 4686 tempesta-

716 4726 808 4813 tum,
834 4717 1009 4813 cotligunt
1034 4735 1075 4790 se
1098 4715 1145 4789 ad
1171 4735 1285 4809 casas,
1304 4714 1350 4789 ita
1373 4715 1507 4788 animae
1525 4713 1602 4786 istae
1622 4713 1886 4807 praevenientes

776 4951 804 5014 (¹)
820 4951 852 5002 E.
868 4956 938 5001 sectr
955 4950 1152 5001 sodomitarum.
1340 4947 1369 5011 (¹)
1385 4947 1415 4998 E.
1432 4949 1458 4997 in
1475 4945 1662 5010 improperium
1678 4943 1803 4995 netandae.

777 5027 804 5091 (¹)
820 5027 851 5078 E.
867 5027 925 5091 quis
941 5027 1066 5077 eubolus.
1343 5025 1369 5086 (¹)
1385 5025 1415 5076 E.
1433 5025 1498 5076 bene
1514 5023 1658 5087 aptandam.

777 5105 805 5168 (¹)
821 5105 852 5155 E.
867 5105 963 5155 tineam
978 5103 1132 5168 inquirendo
1148 5115 1231 5153 suam.
