4575 6842
767 970 905 1039 cunnus
929 986 1123 1042 monemus
1147 988 1278 1043 nouus.
1537 976 1607 1043 199

434 1128 525 1204 dum
555 1130 701 1206 solitum
732 1130 875 1225 caloris,
904 1134 946 1225 su
977 1131 1164 1223 combusto,
1200 1130 1303 1227 idest,
1336 1134 1551 1209 fulminatus
1584 1155 1609 1210 a

434 1251 525 1327 love
549 1271 637 1326 cum
669 1251 747 1347 ipso
775 1252 976 1344 Pbaetonta,
999 1272 1066 1345 per
1100 1254 1287 1326 rorazton
1310 1255 1404 1327 della
1430 1262 1529 1328 terra
1553 1256 1611 1328 dt·

434 1378 538 1465 vorm
565 1372 663 1447 unde
686 1370 834 1445 Ovidius
859 1370 1058 1447 introducit
1082 1379 1221 1447 terram
1253 1394 1337 1467 quae
1361 1374 1496 1449 ardens
1520 1395 1610 1470 por·

435 1492 520 1589 rigit
544 1492 735 1586 querelam
760 1490 806 1566 ad
831 1490 972 1586 lovem,
999 1492 1098 1586 quod
1128 1513 1196 1587 pro
1229 1498 1283 1566 tot
1314 1493 1500 1569 beneficiis
1533 1494 1610 1569 suis

435 1611 641 1707 patiebatur
678 1610 868 1706 indignum
906 1612 1136 1707 supplicium,
1167 1618 1205 1686 et
1243 1612 1379 1687 meruit
1412 1612 1605 1708 exaudiri3

436 1733 534 1809 unde
549 1732 653 1807 dicit:
672 1735 814 1825 mundo
830 1736 872 1827 su
892 1736 999 1806 diove
1015 1740 1264 1807 arcunamrntc
1281 1736 1406 1825 piaco
1427 1734 1504 1808 Hoc
1521 1721 1609 1808 dicit

436 1853 523 1947 quia
540 1851 703 1947 luppiter
728 1850 935 1927 fulminavit
950 1851 1177 1926 Pbaetontem
1198 1859 1341 1927 secrete
1359 1851 1439 1927 sine
1454 1852 1606 1947 tonitru,

436 1973 514 2047 sine
538 1972 708 2065 nubibus,
726 1971 826 2065 quod
851 1976 906 2047 est
930 1970 1151 2067 impossibile
1171 1992 1238 2067 per
1253 1978 1438 2067 naturam,
1456 1976 1498 2044 ut
1521 1971 1608 2045 dicit

436 2092 629 2167 ilbertus:
668 2098 800 2165 namra
832 2094 1038 2185 compescuit
1073 2092 1209 2182 ipuibus
1241 2093 1349 2183 iones.
1362 2132 1413 2145 -
1431 2097 1507 2164 ire.
1542 2090 1608 2167 llic

435 2218 544 2309 poeta
577 2211 664 2306 quia
695 2212 937 2307 descripserat
970 2217 1110 2306 septem
1142 2210 1360 2285 candelabra
1397 2217 1435 2286 et
1467 2217 1608 2306 septem

436 2334 603 2409 llammas
624 2332 867 2428 praecedentia
887 2352 1054 2426 currum,
1072 2351 1171 2405 nunc
1187 2330 1358 2405 describit
1374 2337 1512 2427 septem
1531 2331 1609 2405 vir-

435 2454 537 2551 gines
563 2452 779 2527 comitantes
803 2452 922 2548 ipsum
948 2471 1122 2526 currum:
1140 2473 1227 2528 nam
1248 2460 1329 2547 post
1354 2438 1494 2549 septem
1511 2453 1606 2528 dona

436 2581 474 2651 et
497 2578 637 2669 septem
663 2580 894 2647 sacramenta
919 2573 1015 2649 bene
1040 2579 1249 2667 sequuntur
1274 2580 1414 2669 septem
1441 2574 1607 2656 virtutes.

436 2695 480 2768 Et
505 2694 625 2790 primo
650 2692 800 2787 quidem
826 2692 996 2767 describit
1021 2698 1097 2767 tres
1122 2693 1399 2768 excellentiores
1426 2698 1605 2788 quantum

437 2814 483 2889 ad
509 2819 634 2888 actum
660 2819 698 2887 et
724 2817 905 2907 quantum
931 2812 977 2887 ad
1008 2811 1188 2907 habitum,
1214 2812 1356 2887 dicens:
1387 2820 1455 2887 irc
1478 2816 1609 2905 donna,

438 2933 592 3009 virtutes
618 2932 843 3029 theologice,
862 2936 988 3006 omina
1005 2935 1212 3024 domando,
1229 2932 1393 3008 iaciendo
1419 2934 1553 3008 iustum
1571 2940 1609 3009 ct

437 3052 614 3151 gaudium
641 3073 768 3127 coram
794 3072 926 3147 sponso
957 3052 1130 3146 ecclesias,
1164 3055 1203 3125 in
1230 3056 1326 3143 piru,
1353 3072 1457 3128 more
1490 3054 1608 3148 tripu·

436 3172 626 3265 diantium‚
652 3174 751 3245 dada
775 3174 897 3246 deutra
925 3180 1043 3263 ructa,
1070 3191 1116 3245 ex
1145 3177 1251 3267 parte
1276 3172 1361 3246 nori
1387 3172 1608 3267 testamenti,

437 3292 524 3387 quia
549 3296 716 3386 tempore
742 3291 826 3366 novi
844 3291 1050 3367 testamenti
1068 3292 1220 3397 luerunt
1235 3298 1333 3366 notae
1353 3292 1431 3366 istae
1447 3298 1523 3367 tres
1542 3291 1609 3367 do-
1639 3360 1642 3365 .

438 3413 567 3506 minae3
594 3419 631 3487 et
656 3432 759 3487 ecce:
785 3414 893 3486 tuna
918 3420 1016 3487 tuoto
1039 3432 1158 3505 rosso,
1183 3412 1330 3507 scilicet,
1357 3412 1501 3509 caritas,
1519 3417 1570 3488 clt'
1584 3436 1609 3487 a

431 3536 627 3626 pertusura
643 3540 741 3624 arom,
758 3532 862 3627 idest,
884 3540 979 3607 esset
996 3532 1154 3628 cognita,
1175 3535 1300 3606 butro
1318 3534 1357 3606 nl
1375 3533 1480 3627 suono
1488 3560 1504 3627 ,·
1521 3534 1607 3628 quia

436 3653 569 3729 caritas
594 3652 752 3727 incendit
776 3660 813 3728 et
837 3652 1039 3727 inflammat
1065 3651 1254 3727 bominem
1279 3652 1325 3728 ad
1351 3673 1519 3728 amorem
1544 3654 1608 3729 llei

437 3778 475 3849 et
499 3770 657 3868 proximi
682 3773 878 3867 plusquam
902 3770 1034 3866 aliquis
1059 3770 1163 3868 ignis.
1186 3771 1273 3847 llaec
1290 3772 1389 3847 enim
1411 3774 1496 3849 lecit
1512 3774 1612 3848 Lau·

439 3892 598 3969 rentium
626 3892 750 3966 laetum
770 3892 865 3966 inter
885 3892 1063 3985 dammas,
1090 3893 1169 3966 baec
1192 3892 1278 3967 lecit
1302 3893 1504 3990 Euryalum
1532 3894 1611 3969 lor-

439 4021 513 4089 tem
539 4012 635 4087 inter
660 4010 732 4087 tela
757 4018 795 4087 et
819 4032 942 4106 enses3
961 4018 998 4087 et
1015 4012 1065 4087 ita
1081 4011 1128 4087 de
1145 4013 1286 4108 multis;
1305 4016 1443 4103 ἴαὶινα,
1459 4014 1609 4108 scilicet,

437 4157 530 4233 spes,
556 4155 620 4209 cra
645 4155 741 4209 come
764 4157 802 4209 sc
826 4138 862 4209 la
887 4155 995 4208 carne
1019 4157 1037 4208 c
1062 4137 1085 4208 l'
1097 4156 1182 4208 osso
1202 4139 1341 4229 fossatu
1364 4144 1451 4210 state
1468 4140 1555 4230 fatte
1569 4139 1609 4211 di

437 4258 629 4350 mmatdo,
658 4254 720 4350 qui
746 4263 802 4330 est
826 4256 915 4351 lapis
940 4255 1062 4329 viridis
1087 4256 1231 4349 coloris,
1256 4264 1294 4331 et
1317 4256 1496 4354 significat
1521 4258 1609 4332 viri-

438 4378 587 4453 ditatem
619 4376 716 4471 spei3
742 4378 780 4449 la
810 4383 924 4466 carza,
954 4376 1100 4471 scilicet,
1126 4375 1228 4472 tides,
1249 4397 1365 4469 parea
1397 4400 1481 4452 neca
1513 4376 1608 4472 testd,

439 4498 531 4573 idest
556 4497 677 4590 modo,
712 4518 843 4588 mussa,
869 4496 975 4591 quasi
998 4496 1104 4590 dicat,
1136 4504 1219 4573 erat
1247 4498 1431 4573 albissima
1459 4507 1610 4595 propter

439 4618 635 4715 puritatem
663 4617 743 4691 lidei
770 4616 982 4691 maximam.
1009 4616 1054 4689 Et
1077 4616 1198 4692 subdit
1222 4618 1382 4693 alternas
1408 4618 1505 4694 vices
1529 4620 1610 4695 illa·

439 4759 525 4813 rum
550 4737 797 4831 dominarum,
814 4737 954 4811 dicens:
973 4742 1006 4809 ct
1019 4758 1064 4810 or
1077 4744 1220 4829 parcan
1235 4740 1334 4812 dalla
1350 4741 1478 4813 manca
1494 4746 1609 4833 aude,

439 4857 585 4951 scilicet,
610 4878 633 4931 a
658 4856 729 4932 lide
753 4854 1006 4952 tripudiando;
1031 4876 1098 4951 per
1122 4857 1223 4951 quod
1248 4856 1384 4955 figurat
1413 4859 1511 4953 quod
1542 4860 1611 4935 ali-

439 4978 587 5073 quando
604 4996 685 5072 spes
710 4984 747 5052 et
771 4975 904 5052 caritas
922 4976 1119 5050 trahuntur
1139 4997 1162 5050 a
1184 4976 1266 5070 fide,
1282 4976 1385 5073 idest,
1404 4978 1490 5073 qnia
1507 4980 1610 5075 prius

439 5106 495 5177 est
520 5097 608 5173 tides
633 5098 670 5171 in
695 5098 829 5193 anima,
847 5117 894 5172 ex
912 5117 986 5191 qua
1007 5096 1203 5194 insurgunt
1220 5104 1257 5173 et
1273 5105 1448 5175 creantur
1468 5109 1608 5196 speret
