4575 6842
724 948 796 1021 rsa
1118 927 1323 1023 conuuruu
1351 964 1516 1021 aaannrsr

723 1112 887 1204 gnoscat,
913 1105 1000 1200 quia
1025 1104 1196 1202 dirigitur
1220 1108 1268 1185 ab
1294 1108 1467 1187 infallibili
1493 1108 1686 1206 directore,
1716 1112 1897 1193 scilieetu

723 1227 800 1303 lleo
826 1232 864 1303 et
887 1225 1155 1323 intelligentiis3
1183 1228 1280 1304 unde
1306 1250 1452 1325 semper
1477 1237 1655 1327 operatur
1679 1231 1847 1309 ordinate
1860 1228 1896 1325 (¹)

724 1355 762 1427 et
780 1348 1195 1445 perfecte-Ond’eptr'.
1209 1350 1315 1425 Nunc
1332 1349 1497 1445 Carolus,
1517 1358 1664 1427 ostenso
1684 1352 1781 1449 qnod
1800 1353 1899 1431 Deus

724 1474 761 1545 et
785 1476 919 1543 natura
944 1469 1099 1564 disponit
1122 1470 1247 1547 omnia
1273 1470 1310 1545 in
1328 1471 1466 1547 bonum
1485 1471 1608 1568 linem,
1626 1474 1784 1549 ostendit
1801 1476 1899 1571 arrad

724 1596 972 1685 naturaque
1002 1590 1248 1687 principaliter
1278 1592 1373 1689 gerit
1405 1613 1535 1671 curam
1569 1594 1615 1669 de
1645 1596 1794 1671 bomine
1825 1618 1898 1673 non

723 1713 844 1787 solum
882 1711 966 1787 lauit
1001 1712 1120 1807 ipsum
1151 1713 1287 1789 animal
1326 1712 1503 1791 rationale
1541 1714 1746 1793 sedetiam
1781 1716 1896 1797 civite.

723 1832 827 1909 Unde
844 1840 928 1907 nota
946 1832 1045 1926 quod
1062 1833 1350 1911 communicatio
1367 1834 1480 1909 civilis
1497 1834 1543 1911 ad
1561 1835 1762 1911 humanam
1780 1836 1891 1915 vitam

724 1973 796 2030 non
823 1951 941 2025 solnm
968 1958 1024 2026 est
1055 1952 1154 2027 utilis
1186 1953 1250 2027 sed
1282 1954 1512 2049 necessaria3
1546 1954 1627 2032 ideo
1661 1955 1727 2029 soli
1758 1956 1896 2031 bomini

721 2071 821 2147 dedit
845 2092 1055 2148 sermonem
1081 2093 1148 2169 per
1174 2094 1285 2167 quem
1313 2073 1373 2151 alil
1399 2074 1620 2171 signiticaret
1637 2076 1834 2171 expediens
1851 2077 1897 2153 ad

722 2192 933 2269 salvandam
960 2199 998 2267 et
1022 2193 1223 2269 ornandam
1258 2193 1382 2271 vitam.
1412 2195 1456 2269 Et
1490 2196 1576 2289 quia
1607 2194 1737 2270 multis
1762 2196 1898 2295 indiget

719 2312 768 2388 ad
793 2313 873 2388 brec
897 2334 982 2409 quae
1007 2322 1137 2389 natura
1166 2334 1239 2388 non
1270 2314 1379 2410 dedit,
1412 2315 1495 2391 ideo
1525 2315 1710 2413 diligentia
1741 2316 1895 2391 bominis

721 2433 880 2509 inventae
900 2441 986 2508 sunt
1004 2434 1220 2531 multiplices
1236 2442 1346 2530 artes,
1365 2436 1500 2531 quibus
1517 2438 1680 2513 humana
1702 2438 1895 2535 indigentia

721 2555 956 2649 suppleretur
969 2546 1020 2647 (¹).
1047 2554 1139 2630 Nam
1164 2556 1275 2631 bomo
1292 2563 1441 2651 propter
1458 2556 1682 2635 nubilitatem
1702 2578 1780 2635 suae
1795 2578 1897 2635 oont-

720 2674 898 2771 plexionis
923 2697 997 2752 non
1022 2682 1141 2772 potest
1173 2677 1270 2753 ve'sci
1286 2668 1323 2771 (³)
1351 2678 1530 2753 lructibus
1562 2678 1789 2774 simpliciter3
1815 2678 1896 2755 ideo

722 2796 872 2893 reperiit
896 2816 1006 2871 usum
1034 2796 1136 2893 panis
1162 2816 1249 2872 cum
1268 2804 1370 2873 unto
1395 2798 1541 2873 labore:
1563 2798 1704 2892 etquis
1730 2819 1804 2874 non
1829 2819 1895 2893 pu·

721 2924 793 2994 test
817 2938 899 2993 esse
922 2923 1116 2993 contentus
1140 2918 1218 2993 sola
1243 2938 1310 2995 sua
1342 2920 1448 3014 pelle,
1479 2918 1560 2995 ideo
1592 2919 1730 2995 invenit
1754 2926 1892 2997 restem

720 3058 808 3113 eum
834 3043 936 3112 tanto
960 3037 1114 3113 ardbeio
1138 3045 1267 3113 eontra
1293 3043 1347 3113 tot
1372 3038 1604 3113 incommoda
1629 3046 1783 3114 naturae.
1801 3039 1891 3115 ltem

720 3159 807 3253 quia
833 3180 907 3233 non
932 3165 1054 3254 posset
1080 3158 1206 3235 rivere
1231 3158 1267 3234 in
1293 3158 1472 3253 cavernis,
1497 3158 1716 3255 excogitavit
1740 3160 1891 3235 domum

720 3278 742 3323 *
755 3278 1025 3374 multipliciter:
1055 3277 1206 3356 birarus
1238 3278 1335 3353 enim
1372 3278 1466 3353 bene
1496 3278 1647 3353 fabricat
1681 3279 1893 3357 mirabiliter

718 3400 871 3479 domum
885 3397 905 3442 *
918 3387 956 3491 (‘)
980 3399 1018 3473 in
1044 3420 1154 3498 aqua,
1179 3404 1218 3475 et
1242 3398 1400 3475 hirundo
1417 3398 1557 3493 nidum,
1574 3406 1611 3473 et
1627 3419 1763 3473 aranea
1781 3400 1891 3475 telam

719 3542 742 3595 a
768 3527 901 3594 natura
926 3540 999 3594 non
1024 3519 1189 3613 charte,
1215 3518 1303 3613 quia
1329 3519 1486 3594 nesciret
1505 3519 1611 3596 aliter
1628 3519 1786 3614 operari.
1812 3522 1891 3595 ldu-

717 3640 787 3716 lier
810 3644 936 3715 autem
957 3638 1092 3735 indiget
1110 3640 1318 3733 obstetrice,
1340 3632 1519 3715 ettamen
1544 3658 1642 3736 saepe
1662 3640 1888 3735 periclitatur

718 3760 756 3835 in
782 3766 914 3855 partu:
939 3759 1023 3835 ideo
1043 3760 1155 3834 bomo
1179 3759 1333 3835 incivilis
1353 3781 1419 3856 per
1436 3766 1608 3835 naturam
1627 3781 1700 3836 non
1726 3780 1793 3855 per
1818 3760 1892 3835 lor-

720 3890 848 3956 tunam
874 3887 940 3954 aut
964 3900 1101 3975 pravus
1125 3886 1192 3973 est,
1224 3886 1290 3955 aut
1322 3880 1453 3955 melior
1482 3900 1594 3973 quam
1629 3883 1751 3957 home.
1786 3884 1889 3958 Nunc

715 4001 763 4077 ad
789 4000 932 4075 literam
958 3999 1044 4075 dicit
1067 3984 1201 4077 autor:
1224 4003 1315 4075 Ond’
1329 4004 1398 4093 epti
1412 4020 1563 4094 ancora,
1581 4002 1716 4078 seilicet
1735 4002 1889 4079 Carolus

717 4120 826 4197 dixit:
852 4141 898 4193 or
921 4122 990 4195 di':
1014 4126 1095 4215 post
1118 4120 1187 4195 ista
1212 4120 1308 4195 dicta
1334 4121 1515 4197 naturalia
1535 4122 1728 4197 veniamus
1744 4122 1791 4199 ad
1808 4142 1890 4197 mo-

717 4242 832 4336 ralia3
857 4242 1001 4316 sarebbe
1024 4244 1199 4334 itpeppio
1218 4262 1287 4334 per
1311 4244 1334 4315 t'
1346 4262 1450 4316 aomo
1474 4245 1511 4314 in
1537 4249 1635 4317 terro
1650 4265 1688 4317 se
1704 4264 1777 4317 non
1796 4247 1890 4337 [osse

716 4366 818 4439 ctae?
834 4362 936 4456 idest,
954 4362 983 4437 si
1002 4381 1075 4436 non
1092 4362 1235 4439 viveret
1254 4362 1407 4439 civiliter
1424 4362 1518 4437 sicut
1532 4355 1569 4456 (⁵)
1589 4364 1725 4439 bruta?
1741 4364 1785 4439 b't
1800 4366 1890 4439 sub-

716 4484 768 4559 dit
794 4481 1068 4578 responsionem
1093 4502 1213 4577 suam,
1230 4482 1354 4558 dicens
1369 4505 1378 4553 :
1396 4485 1523 4576 respos'
1535 4486 1590 4557 io:
1608 4475 1652 4575 sl,
1671 4484 1773 4578 idest,
1791 4491 1891 4560 certe

716 4604 768 4681 sie
793 4603 891 4699 quod
918 4609 1014 4679 esset
1037 4603 1160 4699 peius3
1185 4610 1224 4678 et
1243 4603 1352 4679 dicit:
1378 4625 1398 4678 e
1421 4608 1482 4698 qui
1496 4608 1628 4696 roptorr
1645 4625 1717 4679 non
1734 4608 1888 4698 cleppio,

717 4725 820 4819 quasi
845 4724 964 4800 dicat:
990 4745 1064 4800 non
1093 4724 1278 4820 expendas
1314 4731 1459 4822 tempus
1491 4725 1528 4800 in
1561 4712 1750 4821 probando
1782 4727 1888 4804 istam
2000 4714 2001 4719 ‘

777 4957 851 5020 (¹)ll.
867 4959 1008 5009 directam
1024 4958 1147 5022 perlecto.
1243 4958 1271 5023 (Ἴ
1288 4964 1311 5021 t,
1329 4959 1488 5023 suppleatur.
1585 4958 1612 5021 (Ἴ
1629 4958 1659 5008 Ε.
1676 4960 1715 5009 ull
1729 4958 1863 5011 lrnctllrns.

777 5034 806 5096 (⁸)
822 5034 858 5083 Le
874 5035 964 5097 parole
979 5032 1020 5085 ira
1036 5036 1044 5083 i
1061 5036 1111 5085 dne
1127 5036 1260 5087 asteriscbl
1276 5050 1323 5088 son
1339 5036 1451 5101 suppllte
1466 5036 1508 5086 dal
1524 5034 1609 5087 codici
1627 5040 1642 5084 t
1658 5048 1673 5085 o
1690 5036 1805 5087 Estense.

779 5109 807 5172 (⁸)
823 5108 853 5159 E.
870 5110 914 5159 sed
929 5111 997 5161 slent
1012 5112 1107 5162 bruta?
1123 5113 1166 5164 Et.
