4575 6842
723 957 794 1026 378
1115 971 1320 1028 conaururr
1345 973 1513 1027 rauanrsr

720 1115 839 1192 edicto
864 1115 1034 1212 principis
1051 1116 1190 1192 iactum
1207 1125 1276 1211 est,
1292 1117 1609 1212 appropinquante
1628 1123 1795 1212 tempore
1810 1138 1897 1212 par-

720 1242 792 1330 tus,
815 1242 856 1310 ut
881 1236 1021 1312 nobiles
1047 1244 1227 1312 matronae
1246 1258 1293 1313 er
1314 1244 1390 1312 tota
1411 1237 1530 1311 insula
1551 1243 1793 1331 vocarentur,
1813 1238 1897 1331 qui·

720 1356 791 1430 bus
817 1355 1058 1453 praesentibus
1083 1358 1153 1432 sub
1180 1357 1336 1432 tentorio
1365 1358 1462 1451 apud
1489 1358 1729 1453 l’anormum,
1757 1358 1896 1454 peperit

720 1476 883 1552 terribile
917 1485 1143 1570 monstrum,
1172 1477 1308 1552 scilicet
1336 1476 1565 1553 Fridericum
1587 1477 1617 1551 ll
1652 1478 1794 1554 hostem
1828 1478 1898 1550 im-

722 1597 937 1692 placabilem
968 1597 1142 1672 ecclesiae.
1177 1597 1282 1673 Unde
1319 1597 1537 1692 Friderious,
1569 1599 1717 1693 quando
1751 1599 1896 1674 volebat

722 1720 845 1794 lacere
869 1719 1032 1794 solemne
1057 1725 1343 1814 sacramentum,
1370 1719 1527 1794 habebat
1552 1719 1599 1793 de
1623 1739 1729 1794 more
1751 1718 1895 1795 dicere:

722 1840 793 1915 Per
819 1839 906 1914 illud
932 1839 1167 1933 miraculum,
1192 1861 1268 1933 quo
1301 1849 1421 1915 mater
1455 1861 1537 1915 mea
1567 1841 1696 1937 genuit
1722 1860 1794 1934 me,
1827 1862 1897 1938 ego

722 1959 773 2034 sio
798 1959 941 2034 luciam.
966 1960 1071 2034 Nune
1095 1960 1141 2034 ad
1167 1959 1310 2035 literam
1330 1960 1416 2035 dicit
1432 1959 1608 2034 l‘iolrarda
1625 1959 1697 2034 sio:
1723 1965 1757 2034 lt
1779 1973 1896 2056 puesm

722 2082 816 2152 ultro
840 2082 1020 2174 splendor,
1041 2079 1248 2173 benedicit,
1266 2081 1352 2173 quia
1370 2081 1579 2155 Constantia
1599 2100 1646 2154 eu
1671 2080 1746 2153 alto
1767 2101 1894 2155 rerum

721 2199 882 2274 eulmine
907 2199 1042 2274 ellulsit
1059 2199 1095 2272 in
1114 2207 1240 2274 nostro
1256 2201 1348 2275 orbe
1364 2199 1588 2294 occidentali,
1607 2200 1678 2275 lilia
1698 2201 1795 2298 regis
1816 2223 1897 2277 ma-

721 2320 795 2418 gni,
825 2341 919 2394 uxor
945 2320 1094 2394 maioris
1120 2321 1370 2414 imperatoris:
1389 2327 1427 2396 et
1452 2320 1480 2394 si
1505 2320 1574 2394 luit
1589 2321 1748 2417 gloriosa
1765 2322 1801 2395 in
1819 2329 1895 2396 ter·

723 2440 771 2514 ris
796 2440 934 2516 virtute
963 2445 1001 2514 et
1033 2440 1192 2533 putentia
1221 2461 1366 2537 magua,
1392 2451 1532 2535 quanto
1563 2441 1680 2535 magis
1710 2441 1747 2514 in
1777 2442 1898 2516 coelot

723 2563 783 2634 cte
808 2563 834 2634 ti
856 2563 888 2633 si
912 2567 1047 2633 mostra
1071 2563 1170 2633 dnllu
1194 2564 1267 2634 mia
1291 2564 1412 2634 dastru
1438 2570 1556 2654 purte,
1581 2562 1724 2637 ratione
1750 2561 1898 2636 maioris

725 2681 883 2774 nonoris,
910 2705 928 2754 e
952 2685 1012 2755 olle
1026 2684 1229 2774 s'nrcende,
1252 2681 1355 2777 idest,
1374 2682 1603 2756 illuminatur
1628 2690 1666 2758 et
1690 2683 1898 2757 inllamma·

723 2807 798 2893 tur,
823 2804 862 2875 di
885 2807 968 2875 tutto
985 2804 1012 2874 't
1034 2805 1124 2876 turne
1148 2805 1239 2876 detta
1271 2823 1378 2895 spera
1411 2811 1548 2894 nostru,
1579 2803 1680 2896 idest,
1710 2802 1897 2878 influentia

591 2985 594 2992 .
723 2924 833 3016 lunae,
860 2923 963 3016 quasi
989 2922 1085 2998 dicat
1110 2923 1209 3018 quod
1234 2923 1301 2997 luit
1327 2944 1416 2999 vere
1446 2924 1516 2998 lilia
1548 2925 1646 2997 tunae
1676 2930 1777 2997 tanto
1803 2929 1898 2996 tem·

723 3063 814 3138 pore
833 3043 1022 3117 continens
1048 3050 1085 3117 et
1110 3064 1261 3116 servans
1280 3043 1547 3140 virginitatem,
1564 3047 1696 3118 sorella
1718 3047 1773 3138 su,
1795 3043 1897 3136 idest,

724 3163 910 3257 monialis3
936 3170 973 3238 et
999 3164 1083 3238 lacit
1109 3185 1221 3237 unam
1249 3165 1572 3259 interpositionem,
1594 3164 1730 3257 dicens,
1747 3168 1897 3254 intende,

722 3289 763 3356 tu
791 3283 937 3376 DanteS,
962 3286 1001 3357 di
1024 3279 1063 3357 se*
1085 3276 1139 3356 old
1164 3285 1263 3356 ct’io
1279 3287 1358 3357 dico
1374 3285 1413 3357 dt
1429 3305 1493 3377 me,
1515 3285 1600 3378 quia
1627 3285 1756 3359 nolens
1772 3292 1810 3359 et
1829 3283 1896 3358 do·

722 3403 801 3478 lens
827 3407 942 3476 tracta
969 3403 1037 3476 luit
1061 3402 1108 3478 de
1133 3402 1228 3476 dulci
1247 3403 1425 3495 claustro;
1444 3403 1543 3478 unde
1562 3403 1667 3478 dicit:
1685 3427 1705 3477 e
1724 3396 1795 3477 cosi
1812 3407 1843 3478 te
1855 3407 1896 3497 su

724 3525 821 3615 totta,
848 3523 943 3597 sieut
969 3523 1070 3616 milri,
1095 3527 1133 3597 di
1157 3545 1246 3616 capo
1270 3524 1428 3598 t’orudru
1445 3528 1532 3598 detto
1551 3545 1656 3598 sucre
1670 3525 1791 3617 dende,
1810 3546 1895 3598 nam

722 3663 744 3718 a
771 3644 855 3718 velo
880 3643 941 3718 rili
966 3644 1013 3718 ad
1039 3645 1239 3740 pretiosum
1266 3644 1448 3737 diadema,
1473 3654 1511 3720 et
1535 3647 1583 3720 ab
1608 3665 1738 3741 aspera
1774 3646 1896 3721 tunica

723 3763 888 3837 transivit
913 3764 960 3838 ad
987 3785 1190 3859 purpuram
1218 3785 1361 3860 regum.
1375 3771 1512 3838 -llu
1529 3767 1595 3839 llio
1615 3765 1791 3841 Piclrarda
1809 3787 1896 3841 uar-

724 3889 783 3958 rat
808 3885 1048 3958 constantiam
1082 3885 1194 3979 ipsius
1226 3885 1458 3978 constantiae,
1483 3885 1626 3960 dicens:
1653 3891 1717 3959 llo
1743 3889 1808 3978 pot
1836 3888 1897 3958 ode

718 4023 792 4098 pur
816 4007 855 4077 nt
879 4007 1007 4078 mondo
1034 4010 1077 4099 su
1108 4008 1251 4098 rivolta,
1280 4005 1340 4080 illa
1370 4004 1487 4100 virgo,
1512 4013 1637 4078 contra
1666 4027 1731 4078 suo
1762 4008 1893 4099 prodo,

723 4124 826 4217 idest,
846 4132 974 4199 votum
1002 4146 1111 4198 suum
1130 4125 1395 4218 voluntarium,
1420 4146 1439 4197 e
1463 4133 1588 4199 contra
1608 4125 1724 4198 daona
1741 4145 1890 4220 manzo,

723 4245 811 4340 quia
836 4250 964 4320 contra
990 4244 1101 4341 leges,
1127 4243 1289 4337 decreta,
1314 4252 1352 4318 et
1378 4265 1519 4338 mores3
1551 4245 1633 4320 ideo
1664 4245 1761 4321 male
1789 4246 1897 4321 cessit

723 4365 983 4459 sacerdotibus
1010 4387 1081 4438 non
1103 4369 1144 4459 su
1168 4368 1232 4438 dat
1254 4368 1309 4439 oet
1331 4368 1389 4438 det
1411 4387 1498 4438 onor
1526 4369 1698 4456 piamnaui
1724 4369 1896 4459 duriottu,

723 4484 809 4579 quia
835 4505 981 4580 semper
1008 4484 1044 4559 in
1070 4484 1195 4558 animo
1221 4485 1371 4558 retinuit
1389 4484 1554 4559 habitum
1578 4487 1896 4561 monasterum

722 4603 781 4679 lrio
806 4610 891 4678 nota
918 4605 1017 4699 quod
1029 4604 1168 4699 judicio
1187 4624 1271 4679 meo
1290 4603 1466 4679 Piclrarda
1485 4605 1630 4679 ridetur
1649 4606 1766 4702 magis
1782 4627 1898 4682 exou-

723 4723 834 4799 sanda
867 4745 981 4817 quam
1014 4725 1239 4819 Constantia,
1266 4724 1398 4820 primo,
1425 4725 1510 4819 quia
1537 4726 1746 4801 Constantia
1776 4727 1898 4803 vetula

724 4844 847 4918 virum
874 4863 947 4918 non
974 4851 1126 4919 noverat
1153 4864 1273 4937 usque
1298 4845 1335 4918 in
1360 4851 1608 4940 senectutem
1634 4846 1702 4921 ista
1729 4867 1818 4921 vero
1835 4849 1897 4942 ju-

726 4963 880 5040 vencula
907 4971 986 5039 erat
1013 4965 1092 5040 viro
1117 4965 1301 5061 aptissima
1329 4964 1366 5038 in
1390 4966 1644 5041 florentissima
1677 4965 1804 5062 patria.
1831 4968 1897 5042 Se-

726 5083 859 5176 cundo,
877 5085 963 5178 quia
983 5093 1144 5160 mentem
1163 5085 1376 5160 firmaverat
1392 5085 1594 5162 diutissime
1610 5087 1646 5161 in
1666 5108 1735 5162 suo
1752 5087 1895 5184 habitu3
