4575 6842
723 1009 862 1064 cunnos
887 1006 1079 1063 prassinus
1104 1006 1277 1061 ocruvos.
1515 991 1583 1059 169

417 1156 538 1232 statim
565 1175 652 1230 cum
678 1153 747 1229 luit
771 1155 809 1228 in
835 1153 923 1248 ripa,
950 1143 1093 1226 lddooe
1116 1153 1232 1225 l’crlm
1248 1173 1336 1224 sorio
1361 1153 1510 1244 cepnae
1525 1139 1586 1242 pei

414 1279 499 1351 duit
511 1277 602 1350 oudo
625 1278 684 1348 del
706 1275 761 1347 bel
779 1277 897 1366 fiumc,
924 1272 1071 1366 scilicet,
1096 1271 1245 1346 Lethaei.
1272 1271 1316 1346 Et
1336 1271 1588 1366 superexaltat

414 1396 697 1492 pulcritudinem
723 1393 826 1467 istius
850 1393 1008 1467 dominae
1029 1392 1274 1488 multiplicans
1293 1391 1587 1487 comparationes

415 1516 573 1611 pulcras.
606 1515 650 1588 Et
683 1513 730 1588 ad
764 1512 1047 1588 declarationem
1083 1512 1186 1586 istius
1220 1511 1500 1606 comparationis
1529 1515 1585 1586 cst

415 1635 616 1728 sciendum,
643 1633 743 1729 quod
767 1633 917 1709 Ovidius
940 1631 1042 1730 lingit
1067 1633 1104 1706 in
1130 1633 1164 1705 x
1193 1631 1348 1725 lllaioriS,
1374 1631 1472 1726 quod
1498 1647 1583 1704 cum

417 1754 556 1850 Cupido
586 1753 682 1827 lilius
711 1753 863 1829 Veneris
891 1753 1123 1828 oscularetur
1153 1758 1311 1827 matrem
1341 1750 1481 1847 sagipta
1511 1767 1587 1824 nna

416 1875 568 1949 exiliens
592 1873 639 1949 de
662 1875 836 1970 pharetra
861 1873 1040 1969 percussit
1068 1893 1152 1948 eam
1179 1875 1216 1949 in
1241 1881 1412 1969 pectore3
1438 1893 1485 1948 ex
1512 1891 1587 1966 quo

416 1993 541 2068 Venus
564 2013 719 2069 accenso
743 2015 884 2087 amore,
911 1994 990 2068 viso
1013 1993 1140 2069 Adone
1165 1994 1427 2069 formosissimo
1447 1995 1589 2090 juvene

417 2112 490 2187 lilio
503 2113 660 2209 lllyrrlrae
684 2114 858 2188 ardenter
882 2112 1067 2188 adamavit
1091 2113 1208 2208 illum,
1227 2135 1338 2209 quem
1360 2114 1516 2188 finaliter
1533 2115 1588 2188 la·

416 2232 558 2306 niatum
582 2234 631 2308 ab
649 2253 741 2328 apro
762 2233 884 2308 Venus
900 2234 1081 2309 convertit
1097 2234 1134 2307 in
1153 2235 1294 2308 llorem.
1313 2233 1418 2308 llodo
1437 2234 1484 2308 ad
1500 2255 1588 2329 pro-

416 2354 588 2449 positum,
606 2361 647 2428 ut
666 2354 790 2430 videas
807 2360 988 2449 quantum
1006 2356 1233 2450 comparatio
1253 2356 1298 2428 sit
1317 2354 1462 2449 decens,
1482 2361 1587 2449 poeta

417 2475 496 2550 vult
511 2474 635 2549 dicere
653 2474 752 2568 quod
777 2474 871 2548 sicut
888 2474 1022 2568 Venus,
1041 2495 1125 2570 quae
1143 2475 1276 2549 dicitur
1299 2483 1418 2550 mater
1439 2473 1588 2568 amoris,

417 2601 474 2669 est
498 2594 545 2669 de
568 2614 609 2668 se
634 2614 781 2690 semper
805 2595 933 2690 pulcra
958 2602 995 2670 ct
1019 2616 1161 2688 amanS,
1181 2603 1304 2670 tamen
1331 2615 1504 2690 percussa
1529 2615 1590 2670 sa·

417 2715 518 2813 gipta
543 2712 604 2788 lilii
634 2714 711 2789 visa
741 2720 797 2789 est
826 2714 904 2790 lieri
935 2716 1097 2810 pulcrior
1125 2721 1163 2790 et
1188 2715 1388 2809 amantior3
1415 2715 1465 2790 ita
1491 2735 1590 2790 nunc

418 2835 566 2940 domina
591 2835 660 2910 ista
684 2841 789 2930 copta
814 2855 944 2910 amore
968 2841 1086 2931 poetae
1102 2836 1166 2930 qui
1184 2835 1319 2931 placuit
1344 2835 1409 2910 sibi
1428 2833 1506 2910 non'
1520 2835 1591 2908 mi-

420 2975 491 3036 nus
517 2975 630 3049 quam
656 2954 790 3031 Adonis
813 2955 958 3050 Veneri,
985 2955 1071 3049 quia
1098 2976 1234 3051 magno
1264 2956 1391 3030 labore
1422 2977 1487 3052 per
1517 2955 1591 3052 syl-

419 3094 505 3148 vam
531 3074 704 3150 tendebat
723 3075 769 3151 ad
787 3074 1063 3169 acquisitionem
1082 3073 1239 3169 virtutis,
1256 3075 1334 3150 risa
1351 3080 1406 3152 est
1426 3075 1493 3150 sibi
1510 3074 1590 3151 fieri

418 3193 582 3289 pulcrior
598 3201 636 3268 et
651 3195 845 3290 amantior,
860 3216 972 3291 quam
989 3203 1086 3270 esset
1102 3196 1232 3291 primo.
1251 3195 1343 3270 llicit
1360 3217 1450 3293 ergo
1466 3203 1589 3292 poeta:

422 3319 501 3388 Non
525 3318 632 3388 credo
656 3317 718 3390 cllo
741 3304 837 3390 tento
855 3319 956 3409 lume,
973 3315 1075 3410 idest,
1093 3322 1194 3390 tanta
1213 3317 1371 3411 claritas,
1396 3319 1593 3409 splendesce

418 3443 507 3510 sotto
532 3439 564 3510 te
586 3437 699 3528 cipite,
724 3436 871 3531 scilicet,
896 3436 933 3510 in
958 3437 1086 3530 oculis,
1120 3459 1144 3508 o
1178 3443 1304 3511 Venere
1333 3441 1478 3530 oofiua,
1504 3456 1592 3511 cum

419 3555 559 3651 sagipta
584 3575 712 3650 aurea,
736 3558 801 3630 dal
820 3559 932 3649 polio,
957 3557 1105 3650 scillcet,
1130 3557 1318 3652 Cupidine,
1337 3563 1423 3653 [τιον
1448 3560 1486 3631 di
1510 3563 1594 3631 mdo

418 3697 482 3750 ruo
505 3682 675 3769 costume;
701 3675 787 3771 quia
812 3678 911 3750 ultra
936 3677 1084 3751 solitum
1111 3677 1292 3751 transfixit
1311 3697 1377 3753 eor
1395 3678 1475 3752 eius
1492 3677 1594 3773 plus·

420 3816 534 3890 qnam
558 3796 675 3870 soleat
698 3797 790 3871 alios
814 3794 1023 3871 vulnerare.
1049 3797 1095 3870 ltt
1123 3797 1219 3872 bene
1248 3797 1333 3872 dicit
1363 3797 1450 3892 quia
1475 3797 1593 3871 multo

421 3915 637 3992 luminosior
670 3923 725 3991 est
758 3937 867 3990 amor
902 3916 1045 3991 virtutis
1077 3918 1240 3991 honestae
1274 3937 1388 4012 quam
1422 3935 1594 3992 venereae

355 4104 358 4113 .
422 4037 629 4134 voluptatis,
647 4044 993 4132 quantumcumque
1013 4038 1149 4112 lemina
1167 4031 1387 4134 pulcerrima
1413 4039 1592 4114 videatur.

422 4157 467 4232 Et
492 4157 613 4232 subdit
636 4164 763 4233 actum
784 4157 889 4233 dictae
908 4158 1078 4251 dominae,
1095 4158 1238 4233 dicens:
1259 4162 1340 4250 ello,
1357 4159 1502 4254 scilicet,
1517 4159 1594 4233 lla-

423 4277 553 4371 suildis,
578 4279 693 4368 rideo,
719 4277 806 4371 quia
831 4277 1036 4352 delectatur
1051 4270 1087 4370 (¹)
1122 4278 1160 4352 in
1195 4299 1307 4373 opere
1333 4278 1486 4372 virtutis,
1514 4279 1595 4351 dul-

423 4399 546 4470 l'ottru
560 4400 643 4470 riou
657 4400 779 4488 dritta,
792 4417 838 4472 ex
856 4397 1022 4492 opposito
1039 4397 1123 4491 mei,
1140 4403 1183 4470 ut
1197 4417 1341 4494 possem
1356 4406 1455 4473 recte
1470 4397 1596 4474 videre

423 4515 586 4588 studium
611 4514 702 4610 cius,
726 4517 875 4590 oamdo
887 4512 949 4608 piri
965 4520 1089 4608 colori,
1106 4517 1210 4611 idest,
1228 4518 1337 4593 llores
1361 4518 1593 4594 diversorum

423 4635 603 4730 colorum,
628 4658 694 4709 con
719 4639 751 4709 le
774 4657 834 4710 sue
858 4640 968 4728 morri,
993 4640 1066 4729 clre,
1091 4636 1195 4733 idest,
1222 4660 1315 4733 quos
1345 4639 1464 4734 floreo,
1491 4641 1596 4712 l’alta

424 4762 535 4846 turo,
561 4776 635 4849 qua
661 4756 761 4831 nulla
785 4763 841 4832 eet
866 4756 985 4852 altior,
1010 4777 1120 4830 senza
1144 4779 1237 4834 seme
1259 4763 1359 4852 pitto,
1384 4759 1485 4854 idest,
1508 4779 1597 4855 pro·

425 4877 535 4952 ducit.
550 4917 599 4930 -
616 4883 692 4951 lte.
718 4877 783 4952 llic
812 4884 918 4973 poeta
948 4879 1105 4953 ostendit
1134 4880 1354 4956 immensam
1384 4881 1593 4957 aviditatem

449 5189 452 5193 ,
489 5136 517 5201 (¹)
531 5138 564 5189 B.
581 5137 767 5189 delecuhutur.
