4575 6842
738 959 877 1014 cunnus
902 961 1093 1038 vnensruns
1117 961 1262 1016 snurns
1506 947 1575 1017 129

403 1107 432 1178 ε’
444 1107 551 1178 intest
574 1106 735 1176 uidemur
759 1106 897 1196 rapina,
924 1105 1010 1199 qnia
1038 1125 1144 1179 mere
1175 1105 1338 1179 mulieris
1368 1126 1495 1200 passus
1521 1113 1577 1181 est

404 1231 586 1320 stuprum,
608 1230 738 1296 conae
760 1245 811 1313 se,
837 1223 985 1318 scilicet,
1009 1245 1032 1299 a
1058 1224 1232 1298 militibus
1251 1225 1337 1300 suis.
1356 1227 1401 1300 llt
1417 1225 1576 1321 assignat

404 1365 554 1420 causam
581 1363 699 1437 quare
724 1344 781 1418 isti
802 1344 1015 1419 recedentes
1031 1345 1091 1448 sic,
1102 1345 1312 1420 clamabant
1332 1344 1472 1420 dicens:
1488 1338 1576 1436 perci

402 1467 579 1557 sipurten
593 1466 774 1554 mnae
790 1466 947 1538 Sodoma
959 1467 1256 1556 timpreuerundn
1274 1487 1298 1536 a
1317 1487 1367 1555 se,
1385 1464 1487 1557 idest,
1505 1464 1576 1536 im·

405 1589 644 1680 properantes
674 1583 742 1658 sihi
772 1583 867 1680 ipsis,
893 1588 1049 1658 cnm’tct'
1071 1588 1181 1677 udilo,
1208 1593 1240 1658 et
1263 1588 1383 1658 ninum
1409 1589 1432 1659 l'
1444 1603 1577 1658 arsura

408 1705 683 1799 supputando,-
707 1703 813 1797 quasi
838 1703 944 1799 dicat,
963 1705 1063 1798 qued
1083 1704 1194 1778 ardor
1211 1704 1444 1779 verecundie
1463 1711 1577 1798 auget

406 1824 460 1900 eis
484 1823 656 1898 arderem
682 1822 787 1919 ignis,
813 1823 912 1898 unde
937 1823 1191 1899 erubescentia
1221 1831 1277 1898 est
1306 1824 1358 1898 cis
1390 1844 1522 1920 magna
1539 1816 1575 1916 (⁴)

406 1963 492 2038 pars
516 1962 645 2037 poenu„
659 1983 711 1998 -
723 1948 862 2017 Nostro.
889 1943 954 2018 Hit
970 1943 1088 2018 Gnide
1108 1943 1314 2017 manifestat
1339 1950 1477 2018 sectam
1503 1942 1577 2038 pri-

407 2083 506 2136 mam
533 2063 570 2136 in
595 2083 669 2157 qua
694 2063 772 2158 ipse
796 2070 888 2156 erat,
905 2070 943 2139 et
964 2063 1108 2139 videtur
1128 2063 1251 2139 dicere
1276 2064 1374 2158 quod
1400 2083 1577 2159 peccave-
1609 2047 1612 2054 ’

406 2191 494 2259 runt
523 2191 651 2258 contra
684 2190 855 2258 mturam
885 2184 1029 2280 agendo
1059 2192 1097 2260 et
1127 2183 1306 2280 patiendo.
1340 2184 1416 2258 lloc
1449 2189 1573 2259 autem

405 2303 491 2378 dicit
515 2303 585 2378 sub
611 2304 763 2378 honeste
789 2304 970 2380 velamine
988 2305 1201 2399 verberum,
1219 2304 1313 2378 sicut
1325 2304 1403 2398 jam
1432 2303 1514 2378 lecit
1530 2303 1576 2378 de
1627 2317 1631 2325 “

404 2424 603 2520 predictis:
630 2431 668 2498 et
692 2425 952 2500 sententialiter
970 2425 1115 2500 videtur
1138 2425 1261 2502 dicere
1281 2424 1380 2518 quod
1397 2443 1576 2519 peccave-

404 2545 493 2621 runt
516 2543 667 2641 gravius
691 2564 804 2638 quam
831 2543 881 2617 illi
906 2544 953 2618 de
983 2545 1054 2619 alia
1085 2550 1196 2639 sectu,
1223 2545 1309 2638 quia
1339 2545 1387 2617 illi
1413 2543 1576 2618 effende-

406 2673 494 2741 runt
518 2670 690 2738 naturam
723 2683 799 2738 uno
830 2663 951 2758 modo,
978 2665 1035 2739 vel
1067 2664 1211 2760 agendo
1244 2670 1400 2758 tanturm
1426 2665 1484 2738 rel
1511 2683 1577 2758 pa·

406 2770 527 2858 tiendo
545 2789 704 2878 tantum3
718 2784 775 2857 isti
788 2804 878 2858 vere
897 2789 1055 2879 utreque
1073 2785 1192 2859 medo.
1212 2785 1304 2859 Dicit
1320 2805 1427 2880 erge:
1447 2789 1577 2860 Nostro

403 2911 544 2997 peccato
557 2908 599 2998 su
615 2907 856 2999 ermasrodito.
874 2904 930 2979 Ad
941 2904 1040 2999 quod
1057 2912 1142 2979 neta
1161 2905 1260 2999 qued
1278 2904 1573 3000 hermaphroditis

406 3029 561 3098 vocatur
586 3045 606 3098 a
633 3023 749 3118 poetis
774 3023 834 3100 ille
859 3024 922 3118 qui
947 3026 1058 3100 habet
1083 3032 1286 3119 utrumque
1309 3045 1453 3118 sexum,
1479 3024 1576 3098 scili-

406 3150 476 3238 cet,
497 3144 741 3218 mascnlinum
768 3150 806 3218 et
830 3143 1077 3238 loemininum;
1103 3145 1168 3219 sed
1193 3145 1223 3217 si
1251 3143 1367 3240 magis
1392 3143 1576 3220 incalescit

405 3263 442 3338 in
467 3263 669 3338 masculino
685 3270 858 3338 censetur
876 3265 1079 3357 masculus3
1096 3264 1126 3337 si
1143 3264 1180 3337 in
1198 3262 1386 3337 loemininc
1404 3263 1574 3352 loemina3

404 3387 503 3461 unde
527 3386 558 3461 si
584 3385 666 3481 quis
690 3390 819 3460 utatur
845 3391 1003 3479 utreque
1023 3385 1177 3480 jubetur
1204 3384 1361 3459 cremari
1378 3375 1415 3476 (²)
1435 3405 1502 3480 per
1523 3385 1576 3458 le-

403 3525 480 3604 ges.
498 3507 605 3582 Mede
621 3505 919 3600 hermaphrodita
935 3505 1139 3600 appellatur
1157 3505 1214 3578 hic
1233 3505 1499 3599 transumptive
1516 3505 1576 3580 ille

404 3627 468 3720 qui
492 3627 569 3722 agit
593 3631 630 3701 et
659 3625 795 3720 patitur
825 3625 995 3718 indebite,
1021 3630 1059 3698 et
1091 3624 1201 3700 talem
1235 3632 1342 3699 vocat
1366 3624 1575 3718 bestialem5

406 3747 504 3824 unde
528 3747 628 3822 dicit:
656 3767 716 3820 ma
737 3741 867 3838 pervii
888 3765 958 3818 nea
983 3765 1336 3818 wnammoumaan
1360 3747 1469 3839 leuge,
1490 3767 1575 3844 quae

405 3867 485 3939 uult
509 3865 609 3959 qnod
634 3865 786 3940 masculi
811 3871 922 3960 agant
947 3870 985 3939 et
1003 3863 1164 3960 gignant,
1185 3871 1222 3938 et
1244 3865 1417 3939 mulieres
1435 3866 1576 3959 patian-

405 3991 479 4079 tur,
504 3985 719 4080 concipiant,
745 3991 782 4060 et
806 3985 961 4079 pariant,
984 3987 1159 4075 septenae
1184 4004 1279 4057 come
1300 3985 1406 4058 bestia
1432 3988 1598 4078 tappe·

406 4108 479 4197 aa,
504 4104 583 4180 sine
607 4105 749 4180 ratione
774 4105 947 4197 humana,
972 4125 1038 4197 per
1061 4107 1123 4176 ani
1145 4107 1177 4177 st
1202 4106 1299 4195 lappe
1327 4107 1365 4177 in
1389 4105 1576 4179 ottrottm

406 4229 444 4300 ds·
458 4229 520 4304 uui
535 4228 677 4317 wando
697 4229 898 4318 purtiumci,
925 4225 1071 4318 scilieet,
1096 4225 1144 4297 ab
1169 4222 1247 4297 aliis
1271 4223 1423 4298 alterius
1455 4231 1575 4318 sectae,

406 4349 433 4422 il
455 4367 558 4420 neme
580 4349 619 4419 di
641 4349 738 4437 coti,
756 4346 902 4439 scilicet,
928 4344 1132 4439 Pasiphaes,
1154 4351 1193 4418 ut
1224 4343 1340 4439 patuit
1365 4364 1489 4438 supra,
1515 4347 1576 4418 cae

404 4459 610 4558 emnem,
635 4465 771 4542 lactens
795 4487 837 4542 se
866 4485 1030 4558 vaccam,
1049 4464 1169 4538 *stelle
1198 4465 1386 4538 intestinae
1409 4467 1553 4556 seloppo
1560 4490 1575 4556 ,·

405 4593 599 4680 quaesunt
624 4586 738 4661 stellae
762 4587 959 4684 lignorum,
985 4585 1073 4679 qnia
1098 4584 1248 4659 intravit
1268 4605 1417 4660 vaccam
1432 4582 1453 4627 *
1468 4575 1504 4676 (³)
1532 4585 1576 4659 li-

404 4726 551 4803 gneum.
572 4707 617 4780 Et
631 4707 769 4782 Plinius
785 4705 871 4782 dicit
887 4705 986 4800 quud
1002 4703 1215 4780 Semiramis
1232 4704 1416 4780 adamavit
1433 4724 1573 4800 equum

406 4845 528 4920 usqum
543 4825 590 4902 ad
610 4826 773 4900 coitum:
804 4833 842 4900 et
867 4825 961 4898 torte
985 4823 1055 4898 sub
1080 4825 1229 4900 nomine
1254 4825 1448 4920 Pasiphaes
1466 4833 1574 4921 poeta
1680 4893 1682 4898 .

468 5012 496 5076 ι’)
512 5013 544 5066 n.
560 5013 680 5064 mm.
947 5007 976 5073 ι’)
992 5011 1023 5061 n
1040 4975 1168 5062 murt.

471 5089 498 5150 θ)
512 5091 550 5141 Le
564 5089 654 5154 parole
670 5088 711 5142 lru
725 5091 735 5141 l
750 5089 802 5140 tus
817 5089 949 5142 “leuchi
964 5101 1011 5139 mn
1026 5088 1139 5152 supplite
1155 5087 1197 5138 dal
1213 5087 1299 5139 Cedicl
1315 5087 1422 5140 &tense
1438 5101 1453 5137 e
1471 5091 1524 5138 11⁷.

543 5197 582 5242 lv.
1432 5195 1445 5236 P
