4575 6842
686 935 756 1003 286
1044 944 1249 1001 couuuruu
1273 945 1496 1001 umaarunu

683 1096 742 1165 cire
763 1096 819 1187 fui
839 1113 963 1187 presso
989 1094 1039 1165 da
1064 1111 1156 1184 essa,
1178 1084 1249 1165 cosi
1272 1094 1360 1166 com'
1373 1094 1496 1165 animo
1519 1093 1639 1182 oeno,
1665 1110 1740 1165 non
1764 1088 1855 1184 vilis,

683 1233 757 1287 non
782 1213 934 1307 servibo,
961 1214 1020 1287 cte
1043 1233 1116 1285 non
1139 1217 1183 1308 so
1205 1233 1321 1304 sousa,
1338 1211 1424 1306 qnia
1441 1211 1552 1285 babet
1575 1231 1642 1306 pro
1667 1209 1786 1306 gratia
1804 1210 1860 1283 Ia·

684 1351 770 1407 cere
790 1332 889 1427 quod
907 1332 1137 1427 praecipitur;
1166 1330 1265 1407 unde
1288 1331 1393 1406 dicit:
1413 1352 1473 1403 mu
1486 1333 1528 1424 [α
1544 1351 1610 1403 suu
1631 1333 1750 1422 oootto
1766 1332 1859 1403 detta

686 1455 804 1543 voplto
837 1455 956 1544 altrat,
989 1452 1075 1546 quia
1106 1452 1302 1527 confirmat
1332 1451 1498 1525 anImum
1534 1471 1647 1524 suum
1679 1449 1860 1525 voluntati

687 1572 938 1668 praeprientis,
966 1580 1052 1647 tosto
1076 1575 1136 1645 ote
1159 1575 1211 1664 pli
1234 1568 1255 1646 e*
1277 1573 1464 1662 disctiusu,
1489 1569 1592 1665 idest,
1618 1570 1739 1645 statim
1771 1592 1860 1645 cum

689 1699 743 1767 est
768 1693 835 1767 sibi
860 1700 999 1789 aperta,
1029 1714 1096 1786 per
1120 1714 1242 1785 sepno,
1267 1691 1370 1787 idest,
1391 1691 1532 1784 absque
1557 1711 1602 1765 eu
1628 1692 1727 1786 quod
1752 1690 1861 1768 iaciat

688 1813 858 1909 verbum,
893 1813 986 1887 sieut
1020 1814 1193 1908 praecepit
1221 1811 1393 1909 Virgilius
1422 1818 1548 1886 nostro
1579 1818 1697 1907 poetae
1726 1811 1861 1887 Inierni

689 1931 847 2027 capitulo
865 1932 1002 2005 XXIIII.
1021 1933 1065 2005 Et
1084 1933 1186 2007 dicit:
1204 1954 1223 2005 e
1243 1935 1335 2006 desse
1359 1952 1382 2003 a
1408 1934 1540 2025 Stazro,
1569 1930 1646 2026 ipsa
1670 1932 1859 2027 Matbildis,

688 2054 986 2147 donnescumcute,
1019 2074 1126 2128 more
1150 2052 1387 2128 dominantis:
1423 2055 1502 2125 uico
1535 2072 1602 2126 con
1631 2055 1692 2144 lui,
1723 2053 1861 2129 scilicet

689 2191 776 2245 cum
802 2172 931 2266 Dante,
959 2194 1071 2267 quem
1092 2174 1172 2269 jam
1199 2171 1342 2247 sociasti
1359 2191 1426 2267 per
1443 2173 1595 2269 longum
1614 2171 1695 2247 iter.
1713 2172 1757 2246 Et
1774 2181 1861 2248 nota

689 2292 788 2387 quod
823 2292 1000 2369 Mathildis
1034 2294 1121 2368 lavit
1155 2301 1193 2368 et
1226 2292 1364 2389 potavit
1398 2298 1603 2386 utrumque
1635 2292 1673 2366 in
1708 2292 1861 2369 Ilumine

689 2412 818 2487 Eunoe
835 2413 933 2506 quod
951 2420 1050 2508 patet
1067 2433 1133 2508 per
1151 2413 1354 2508 sequentia,
1372 2417 1409 2487 et
1425 2419 1480 2487 est
1500 2412 1632 2487 modus
1648 2413 1862 2488 abreviaudi

689 2532 863 2629 poeticus.
879 2574 930 2588 -
941 2538 977 2607 S'
989 2538 1035 2607 io.
1053 2534 1118 2607 Hic
1135 2534 1265 2608 ultimo
1284 2540 1392 2629 poeta
1412 2533 1635 2607 concludens
1659 2534 1861 2628 capitulum

691 2658 728 2727 et
753 2653 927 2729 claudens
953 2653 1064 2727 istum
1091 2652 1294 2729 secundum
1325 2654 1460 2727 librum
1491 2660 1643 2728 excusat
1668 2676 1709 2730 se
1733 2655 1763 2729 si
1788 2677 1863 2731 nun

691 2773 861 2849 describit
886 2773 1116 2849 dulcedinem
1146 2775 1256 2848 buius
1287 2781 1407 2870 potus,
1433 2774 1520 2868 quia
1552 2774 1643 2850 ordo
1674 2776 1757 2850 libri
1789 2798 1863 2852 non

691 2896 837 2991 patitur.
852 2895 956 2971 Unde
974 2897 1239 2991 apostrophans
1255 2896 1358 2969 dicit:
1382 2897 1542 2988 Otettor,
1560 2899 1596 2969 to
1607 2919 1677 2989 pror
1696 2902 1863 2988 caneret,

690 3014 794 3110 idest,
816 3015 958 3111 poetice
975 3015 1236 3109 describerem,
1254 3019 1288 3089 lo
1304 3018 1402 3089 dolce
1417 3017 1511 3103 bere,
1527 3016 1592 3109 qui
1611 3016 1769 3093 inebriat
1784 3018 1864 3093 ani-

692 3156 804 3228 mam,
831 3136 890 3209 clre
915 3138 988 3207 mut
1012 3156 1084 3207 non
1118 3137 1282 3209 m'uon'a
1310 3138 1424 3228 aazia,
1457 3135 1544 3228 quia
1576 3142 1714 3229 quantu
1746 3136 1864 3234 magis

692 3259 852 3347 potatur,
880 3260 980 3329 tanto
1014 3253 1131 3348 magIs
1160 3254 1325 3329 accendit
1349 3259 1556 3350 potatorem
1586 3253 1633 3329 ad
1664 3256 1863 3331 bibendum

692 3374 900 3468 salubriter,
923 3374 1017 3448 sicut
1033 3374 1131 3469 potio
1149 3375 1222 3448 vini
1241 3376 1322 3469 plus
1339 3375 1463 3453 incitat
1479 3375 1526 3449 ad
1546 3375 1744 3451 bibendum
1763 3398 1865 3452 mur·

692 3493 808 3569 tilere.
831 3495 902 3569 Per
928 3496 997 3569 boc
1021 3494 1139 3568 innuit
1165 3494 1263 3589 quud
1289 3499 1345 3569 est
1369 3514 1516 3569 summe
1538 3494 1750 3571 delectabile
1774 3516 1865 3591 upe-

694 3614 770 3688 rari
794 3614 959 3689 virtuose
983 3615 1122 3690 bomini
1138 3615 1287 3689 habenti
1309 3615 1473 3689 babitum
1495 3615 1651 3711 virtutis,
1668 3617 1775 3691 cuins
1790 3616 1866 3690 dis-

694 3733 879 3829 positionis
893 3754 991 3808 nunc
1005 3740 1086 3808 erat
1102 3734 1180 3829 ipse
1196 3740 1315 3829 poeta,
1328 3738 1399 3807 sio
1416 3738 1529 3809 averso·
1540 3730 1603 3827 pot
1620 3739 1726 3828 luopo
1741 3739 1866 3829 sparto

694 3856 732 3927 di
755 3856 920 3945 scrivere,
940 3852 1043 3948 idest,
1060 3853 1233 3928 dilatandi
1250 3854 1457 3949 materiam,
1475 3876 1535 3928 mo
1551 3857 1672 3950 ilsren
1692 3858 1866 3949 detturte,

693 3973 795 4068 idest,
822 3974 912 4048 urdo
939 3981 1227 4069 praeconccptus,
1244 3996 1315 4047 oon
1333 3978 1382 4049 mi
1397 3978 1509 4049 locoru
1519 3970 1584 4068 pid
1602 3979 1667 4069 ire,
1689 3976 1790 4071 idest,
1808 3977 1867 4050 ul·

694 4094 809 4169 tcrIus
835 4093 993 4189 extendi,
1020 4094 1107 4188 quid
1132 4094 1191 4168 bic
1216 4094 1309 4170 liber
1333 4095 1528 4171 excederet
1552 4096 1661 4192 aiios;
1684 4097 1782 4172 unde
1810 4096 1867 4170 di-

695 4214 761 4288 cit:
786 4209 914 4306 percle*
933 4217 1033 4310 prote
1056 4234 1123 4287 son
1148 4221 1228 4288 tutte
1251 4217 1283 4287 Ie
1302 4222 1412 4306 curte,
1428 4216 1574 4311 scilicet,
1592 4216 1784 4313 scriptura,
1802 4238 1867 4291 or-

695 4336 776 4426 dite,
801 4354 868 4430 per
894 4334 1039 4408 XXXIII
1065 4335 1235 4430 capitula,
1252 4357 1278 4408 o
1294 4342 1413 4427 quoru
1428 4340 1566 4411 cootco
1581 4340 1745 4430 secondo,
1762 4337 1868 4433 idest,

695 4454 742 4528 ad
767 4452 971 4529 secundum
998 4454 1145 4549 librum,
1172 4455 1318 4550 scilicet,
1336 4455 1611 4553 Purgatorium,
1633 4457 1670 4531 in
1687 4478 1763 4552 quo
1780 4458 1868 4532 satis

695 4576 790 4650 benc
815 4574 959 4649 cantavi
985 4575 1193 4650 cautionem
1219 4596 1413 4670 nunquam
1439 4577 1487 4652 ab
1512 4577 1585 4652 alio
1614 4578 1869 4673 decantatam,

697 4693 778 4769 ideo
809 4694 975 4784 animum
1010 4715 1178 4791 praeparo
1210 4695 1257 4770 ad
1291 4716 1430 4772 novum
1461 4698 1677 4772 altissimum
1703 4706 1869 4793 cantum,

698 4813 810 4890 Statio
836 4816 1006 4891 evolante
1030 4816 1067 4889 in
1092 4818 1230 4892 eoelum
1254 4836 1484 4914 empyreum.
1506 4819 1610 4895 Unde
1624 4818 1729 4894 dicit:
1754 4823 1796 4893 Io
1815 4824 1870 4894 n·-

698 4936 817 5009 omae
840 4938 938 5009 dalla
962 4940 1162 5011 cumcuma
1186 4939 1297 5030 codo,
1315 4959 1399 5033 quae
1416 4939 1503 5015 lacit
1526 4939 1694 5015 homines
1717 4941 1870 5015 sanctis-

699 5055 826 5148 simos3
853 5061 891 5128 et
915 5055 1000 5131 lacit
1024 5058 1336 5154 comparationem
1359 5057 1539 5154 pulcram,
1562 5060 1707 5135 dicens:
1731 5062 1867 5154 risutto,
