4575 6842
724 943 794 1012 330
1114 955 1319 1014 couuuruu
1344 958 1510 1011 rannursr

722 1104 841 1196 quesn,
857 1102 1002 1197 scilicet,
1016 1103 1118 1197 ordo,
1137 1099 1158 1178 θ’
1173 1106 1449 1198 permotorenei
1463 1124 1528 1176 cor
1543 1105 1697 1196 mortali,
1720 1103 1807 1198 quia
1823 1123 1888 1178 eor

720 1223 913 1296 hominum
939 1229 995 1298 est
1019 1244 1165 1320 semper
1190 1225 1228 1298 in
1254 1231 1369 1317 motu,
1387 1230 1424 1298 et
1441 1229 1588 1318 praestat
1605 1230 1749 1297 motum
1771 1223 1891 1298 omni·

722 1343 791 1417 hus
817 1343 991 1418 membris
1016 1349 1053 1418 et
1078 1344 1226 1418 animali
1251 1342 1455 1418 secundum
1485 1341 1595 1416 istum
1629 1342 1795 1417 ordinem
1826 1365 1892 1418 na·

721 1464 892 1558 turalem,
911 1485 986 1558 quo
1003 1470 1106 1538 motu
1125 1471 1291 1538 cessante
1311 1471 1429 1538 cessat
1449 1463 1540 1557 vita3
1558 1470 1710 1538 movent
1724 1455 1762 1556 (¹)
1779 1463 1889 1537 etiam

722 1585 833 1660 corda
846 1585 1037 1658 homiuum
1053 1592 1096 1658 ut
1108 1583 1324 1659 naturaliter
1336 1589 1508 1679 appetant
1525 1605 1714 1657 summum
1731 1585 1890 1678 bonum,

699 1689 842 1796 'questi
868 1703 1013 1798 scilicet,
1039 1704 1141 1798 ordo,
1166 1707 1299 1796 sinope
1321 1712 1355 1777 et
1374 1707 1498 1777 aduno
1523 1707 1560 1777 lo
1585 1710 1683 1778 terro
1706 1707 1744 1776 in
1767 1697 1814 1777 se‘.
1837 1703 1890 1777 nd

722 1825 820 1918 quod
833 1832 887 1898 est
899 1823 1087 1899 sciendum
1101 1823 1200 1918 quod
1213 1825 1394 1899 elementa
1407 1822 1579 1898 inferiora
1597 1830 1683 1897 sunl
1698 1824 1793 1898 sicut
1810 1845 1891 1898 ma·

722 1945 813 2020 teria
840 1952 1005 2040 respectu
1027 1945 1273 2040 superiorum,
1294 1953 1332 2020 et
1351 1944 1542 2041 superiora
1563 1952 1648 2020 sunt
1670 1938 1887 2041 iormalia(¹)

721 2070 758 2139 et
774 2064 971 2160 spiritualia
989 2072 1158 2161 respectu
1175 2065 1411 2159 interiorum
1429 2065 1511 2141 ideo
1529 2067 1646 2140 multo
1659 2067 1741 2160 plus
1754 2069 1890 2143 habent

719 2183 870 2260 deloco
896 2206 1009 2279 quam
1037 2185 1230 2260 iuferiora:
1262 2186 1360 2261 uude
1392 2186 1485 2283 ignis
1516 2187 1827 2282 spiritualissimus
1851 2195 1889 2264 et

718 2305 975 2380 subtilissimus
1001 2327 1200 2401 corporum
1226 2306 1353 2402 implet
1378 2313 1497 2382 totum
1518 2327 1722 2382 concavum
1741 2308 1835 2402 coeli,
1852 2315 1890 2383 et

719 2447 784 2500 aer
819 2426 940 2500 minus
974 2425 1170 2522 spiritualis
1202 2427 1328 2521 implet
1362 2447 1568 2502 concavum
1602 2429 1723 2501 minus
1755 2427 1890 2502 scilicet

718 2546 826 2642 ignis:
853 2567 921 2620 aer
952 2546 1101 2641 quidem
1136 2547 1247 2621 habet
1279 2546 1473 2621 humidum
1508 2537 1676 2639 lluensl³l
1710 2554 1816 2622 extra
1850 2566 1891 2622 se

718 2668 837 2764 ipsum
864 2666 911 2741 ad
938 2667 1075 2742 siccum
1102 2667 1214 2764 iguis3
1239 2666 1302 2742 sed
1330 2688 1429 2762 aqua
1457 2667 1655 2743 materialis
1683 2655 1790 2741 raldo
1815 2686 1890 2740 nou

720 2793 838 2885 potest
863 2788 1049 2882 complere
1074 2788 1197 2861 locum
1222 2787 1377 2862 alicuius
1402 2788 1564 2883 concavi,
1589 2809 1675 2863 cum
1694 2787 1888 2862 humidum

719 2909 800 2984 eius
826 2909 915 2982 lluat
938 2908 976 2982 iu
1002 2927 1041 2982 se
1067 2907 1186 3002 ipsum
1219 2914 1257 2982 et
1286 2907 1338 2982 sic
1366 2909 1595 2982 contrahitur
1626 2907 1781 2982 materia
1811 2906 1890 2981 eius

719 3030 758 3105 iu
782 3029 994 3123 quantitate.
1021 3029 1135 3102 Terra
1160 3034 1287 3102 autem
1309 3028 1598 3103 materialissima
1616 3028 1811 3102 minimum
1828 3049 1890 3102 ca-

719 3150 770 3245 pit
787 3151 922 3242 locum,
939 3154 977 3222 et
993 3147 1075 3223 ideo
1092 3154 1215 3242 partes
1239 3148 1320 3222 cius
1339 3147 1564 3222 contendunt
1589 3147 1626 3220 iu
1652 3153 1822 3222 centrum
1852 3155 1889 3223 et

719 3269 967 3363 comprimunt
991 3288 1031 3342 se
1056 3267 1155 3342 circa
1179 3268 1320 3362 ipsum;
1342 3266 1424 3342 ideo
1444 3275 1593 3362 propter
1614 3267 1673 3341 sui
1697 3267 1889 3342 minimam

720 3389 960 3484 quantitatem
987 3395 1064 3464 tota
1091 3395 1191 3463 terra
1208 3386 1339 3462 dicitur
1356 3394 1527 3462 centrum
1545 3386 1656 3461 totius
1672 3407 1790 3483 sperae
1805 3387 1889 3461 coeli

573 3587 576 3594 ,
719 3519 756 3587 et
782 3510 919 3584 mundi.
946 3510 989 3584 Et
1013 3508 1110 3584 addit
1136 3514 1246 3583 autor
1271 3508 1368 3602 quod
1395 3528 1469 3581 non
1493 3509 1613 3582 solum
1640 3509 1708 3583 ista
1733 3528 1888 3603 corpora

719 3631 899 3706 naturalia
924 3629 982 3704 llic
1008 3629 1099 3705 ordo
1123 3628 1291 3724 disponit,
1308 3628 1372 3704 sed
1392 3629 1504 3703 ctiam
1526 3627 1728 3722 rationalia,
1745 3628 1887 3703 dicens:

718 3748 765 3825 nd
781 3771 853 3843 pur
878 3757 994 3842 punto
1019 3761 1119 3843 orco,
1154 3749 1256 3842 idest,
1289 3748 1393 3842 ordo,
1418 3756 1456 3822 et
1487 3748 1582 3823 bene
1613 3756 1721 3823 vocat
1745 3769 1889 3843 arcum,

719 3871 806 3966 quia
831 3870 952 3966 dirigit
977 3869 1100 3944 omnia
1117 3869 1154 3942 in
1179 3869 1291 3944 linem
1312 3889 1435 3962 suum,
1453 3867 1548 3943 sicut
1563 3869 1703 3966 sagipta
1720 3852 1889 3966 dirigitur

717 3993 755 4066 in
782 3992 927 4087 signum
953 3991 1001 4065 ab
1026 4011 1115 4064 arcu
1142 3989 1366 4086 sagiptautis,
1393 3996 1518 4081 saeuo,
1543 3988 1646 4083 idest,
1664 3989 1798 4085 dirigit,
1816 4011 1888 4062 non

715 4133 786 4206 pur
811 4115 842 4184 le
865 4117 1025 4185 meamne
1049 4113 1108 4182 cle
1132 4130 1198 4182 son
1224 4115 1310 4204 faor
1334 4111 1625 4202 disrumpentis,
1654 4109 1747 4184 sicut
1777 4110 1887 4183 bruta

718 4253 802 4327 quae
826 4240 913 4306 sunt
937 4237 1043 4306 extra
1069 4229 1263 4323 rationem,
1288 4249 1348 4300 nto
1377 4231 1497 4321 puelle,
1525 4228 1671 4323 scilicet,
1698 4236 1888 4304 creaturas

717 4352 848 4448 dirigit,
867 4353 926 4425 cle
942 4353 1060 4424 lontio
1077 4351 1236 4423 intelletto
1252 4370 1271 4421 e
1287 4368 1422 4438 onwre,
1439 4349 1534 4422 sicut
1550 4349 1702 4444 angelos
1718 4354 1756 4423 et
1769 4348 1887 4423 homi-

717 4493 792 4548 nes.
805 4513 855 4526 -
869 4477 919 4544 Lu
938 4473 1183 4564 providentio.
1209 4469 1314 4543 Nunc
1339 4469 1471 4545 [lantes
1500 4489 1547 4543 ex
1573 4469 1767 4564 praemissis
1792 4469 1888 4544 elicit

715 4615 822 4670 suam
858 4589 1128 4668 conclusionem
1167 4589 1410 4685 principaliter
1444 4589 1632 4663 intentam.
1667 4589 1753 4663 Vult
1786 4590 1884 4663 euim

585 4790 587 4798 ,
716 4712 923 4790 conclusive
956 4712 1077 4786 dicere
1112 4709 1211 4804 quod
1248 4709 1473 4805 providentia
1512 4708 1632 4782 diviua
1672 4729 1756 4802 quae
1789 4709 1886 4784 dedit

716 4834 881 4909 ordinem
907 4833 1087 4928 optimum
1114 4831 1285 4906 omuibus
1310 4831 1422 4905 rebus
1447 4829 1675 4904 naturalibus
1705 4830 1885 4905 ordinavit
2009 4913 2013 4918 ,

779 5092 806 5154 [¹]
823 5091 854 5142 Ε.
871 5095 957 5142 moret
972 5093 1058 5142 ollam.
1185 5086 1213 5151 (¹)
1229 5088 1260 5138 E.
1276 5087 1422 5138 turmatim.
1548 5085 1576 5149 Γ)
1591 5089 1615 5147 l,
1631 5085 1742 5136 terrens.
