4575 6842
707 957 776 1021 156
1064 965 1268 1020 GOMENTUM
1294 965 1513 1020 euuoluonu

703 1115 837 1203 nando,
863 1109 1008 1205 scilicet,
1035 1111 1072 1184 in
1098 1111 1272 1206 patriam3
1298 1109 1446 1205 quando
1472 1108 1570 1184 enim
1597 1110 1872 1206 peregrinantes

706 1240 944 1307 revertuntur
956 1235 1109 1308 domum
1123 1239 1161 1308 et
1173 1233 1465 1328 appropinquant
1478 1231 1616 1326 patriae,
1626 1231 1748 1307 vident
1759 1234 1875 1309 liben-

704 1355 775 1428 tius
800 1356 922 1429 lucem
947 1355 1019 1429 diei
1044 1355 1263 1451 proximam.
1290 1355 1340 1428 lit.
1358 1355 1410 1428 sic
1434 1357 1542 1448 poeta
1572 1352 1657 1426 lacit
1682 1373 1875 1449 eompara-

703 1460 839 1552 tiouem
862 1476 971 1551 tacite
995 1475 1042 1551 de
1066 1496 1106 1549 se
1130 1474 1177 1550 ad
1202 1473 1458 1571 peregrinum:
1477 1474 1553 1569 ipse
1573 1474 1671 1548 enim
1691 1475 1792 1548 velut
1809 1495 1874 1570 pe·

704 1596 874 1694 regrlnus
892 1603 1081 1671 revertens
1098 1596 1135 1669 in
1152 1595 1307 1690 patriam
1325 1614 1444 1687 suarm
1459 1613 1543 1687 quae
1560 1595 1696 1669 coelum
1716 1603 1782 1689 est,
1795 1596 1873 1691 iam

703 1719 999 1814 appropinquans
1023 1716 1071 1789 illi
1098 1719 1181 1791 laete
1206 1716 1351 1790 videbat
1376 1715 1472 1789 diem
1492 1713 1582 1808 lieri,
1601 1722 1643 1788 ut
1660 1715 1875 1792 terminaret

703 1841 775 1915 cito
811 1839 1032 1915 desiderium
1064 1843 1102 1911 et
1131 1837 1308 1933 gaudium
1341 1857 1462 1910 suum.
1498 1833 1584 1911 Ideo
1615 1837 1719 1911 dicit:
1750 1839 1874 1910 ond'io

704 1951 841 2051 leodmt,
866 1981 888 2034 a
913 1965 1054 2052 somno,
1082 1960 1260 2048 veppendo
1285 1959 1298 2029 i
1321 1977 1417 2046 prou
1443 1959 1597 2050 maest-i,
1626 1956 1817 2052 Virgilium
1836 1963 1875 2031 et

703 2081 870 2174 Statium,
896 2069 958 2169 pid
990 2080 1105 2168 teuod,
1131 2078 1296 2152 volentes
1321 2077 1488 2152 animare
1519 2084 1689 2153 autorem
1714 2078 1759 2152 ad
1786 2097 1872 2172 pro-

565 2245 568 2251 ·
702 2199 1006 2294 sequendum—
1022 2200 1115 2285 Quel.
1142 2197 1207 2270 llic
1232 2203 1340 2291 poeta
1364 2197 1522 2271 ostendit
1543 2197 1728 2291 quomodo
1755 2197 1872 2292 Virgi—

702 2321 771 2393 lius
787 2317 952 2394 accendit
972 2317 1194 2393 desiderium
1217 2339 1325 2390 suum
1353 2337 1559 2412 proponens
1585 2318 1651 2392 sibi
1677 2319 1871 2414 praemium

701 2447 934 2536 expectatum
961 2445 997 2513 et
1023 2444 1124 2512 tanto
1156 2438 1282 2512 labore
1311 2439 1519 2533 quaesitum,
1550 2438 1692 2514 dicens:
1733 2441 1874 2530 Vtrpt'lio

552 2652 555 2659 Ι
701 2555 765 2635 tud
795 2566 935 2634 interm
964 2580 1019 2632 me
1049 2566 1163 2652 queste
1191 2562 1295 2632 eatuli
1317 2563 1455 2651 parole,
1488 2559 1635 2654 scilicet,
1669 2564 1747 2652 puel
1777 2564 1874 2634 dolce

700 2704 819 2776 pomo,
846 2682 947 2775 idest,
972 2701 1162 2753 summum
1189 2680 1341 2775 bouum,
1368 2683 1427 2753 ele
1448 2701 1514 2773 per
1539 2684 1626 2754 muti
1649 2685 1755 2774 romi,
1777 2682 1875 2755 mul·

702 2803 877 2898 tiplicium
909 2801 1126 2894 studiorum,
1164 2807 1211 2876 ut¹
1235 2800 1321 2874 dicit
1354 2801 1512 2895 Boetius,
1551 2807 1724 2876 pereundo
1763 2825 1808 2876 ou
1837 2806 1874 2876 lu

705 2943 794 2997 curu
819 2925 871 2995 de’
884 2925 1038 3015 mortali,
1068 2928 1109 2993 ut
1133 2919 1360 2996 immortales
1393 2920 1490 3015 fiant,
1511 2911 1630 3014 porrd
1659 2926 1696 2996 iu
1725 2945 1812 3015 poce
1845 2927 1874 2996 le

704 3049 758 3116 tue
779 3044 882 3136 sumi,
908 3041 1009 3134 idest,
1036 3048 1147 3134 ponet
1172 3040 1208 3113 in
1235 3040 1360 3133 quiete
1379 3041 1556 3115 desideria
1579 3048 1654 3135 lua,
1672 3045 1768 3134 oppi,
1787 3043 1873 3138 quia

704 3161 811 3236 hodie
836 3160 974 3234 videbis
999 3161 1202 3234 Beatricem
1230 3167 1333 3234 tuam
1361 3167 1397 3234 et
1422 3166 1535 3234 totam
1555 3162 1696 3236 curiam
1717 3163 1873 3237 militau-

703 3288 792 3375 tem,
818 3282 989 3356 sederas
1019 3280 1195 3356 ascendes
1227 3281 1263 3355 in
1295 3282 1442 3355 coelum.
1473 3283 1517 3354 Et
1546 3283 1667 3356 subdit
1701 3282 1872 3358 ellectum

705 3403 906 3477 verborum
933 3400 1083 3497 Virgilii,
1110 3400 1196 3495 quia
1223 3402 1384 3496 repletus
1409 3401 1544 3497 gaudio
1574 3402 1690 3476 lactus
1716 3404 1873 3478 estant·
1915 3466 1918 3473 Α

705 3523 840 3596 mosior
865 3529 902 3596 el
927 3521 1126 3596 audactior.
1148 3521 1249 3596 Unde
1265 3521 1369 3596 dicit:
1388 3543 1406 3594 e
1423 3525 1496 3594 moi
1512 3543 1581 3594 nou
1596 3526 1704 3616 suren
1721 3531 1871 3615 sumne,

704 3643 804 3736 idest,
830 3663 1000 3737 munera,
1031 3661 1114 3736 quae
1148 3645 1287 3715 munttoe
1301 3633 1337 3733 (¹)
1371 3641 1621 3736 appellantur3
1654 3643 1753 3717 unde
1785 3643 1871 3717 olim

705 3763 846 3838 romani
871 3763 1111 3858 imperatores
1136 3761 1271 3836 dabant
1297 3769 1466 3836 strennas
1497 3761 1680 3855 militibus,
1708 3770 1749 3835 ut
1778 3784 1874 3857 saepe

704 3890 802 3977 patet
826 3881 922 3977 apud
948 3881 1173 3956 Suetonium.
1200 3882 1284 3955 ldeo
1310 3880 1405 3956 bene
1429 3890 1547 3976 poetae
1568 3890 1692 3956 nostro
1715 3882 1777 3976 qul
1798 3889 1873 3957 mm

704 4009 855 4077 strenue
889 4002 1107 4077 militaverat
1139 3982 1343 4076 debebatur
1366 3991 1403 4093 (²)
1440 4008 1610 4095 strenna3
1646 4003 1705 4075 ede
1737 4007 1872 4097 [osseo

704 4128 818 4218 equali
834 4127 872 4198 dt
884 4127 1062 4217 pincereu
1083 4131 1209 4214 queste,
1226 4122 1372 4216 scilicet,
1390 4123 1557 4216 strenuis,
1572 4143 1664 4216 quas
1683 4143 1780 4198 nunc
1795 4123 1874 4196 Vir·
2023 4165 2025 4178 ·

703 4245 810 4342 gilius
835 4243 1078 4339 promittebat.
1097 4242 1199 4317 Unde
1215 4242 1317 4316 dicit:
1341 4251 1436 4316 teuto
1458 4245 1554 4315 vater
1572 4246 1619 4315 mi
1640 4265 1747 4317 venue
1762 4265 1873 4336 sopra

703 4367 813 4456 volu,
839 4364 941 4457 idest,
971 4363 1069 4435 ultra
1095 4361 1255 4456 primum
1289 4360 1383 4436 velle
1416 4383 1592 4459 magnum
1626 4362 1724 4456 quod
1758 4364 1870 4438 lrabe-

703 4485 800 4578 bam,
814 4486 891 4558 dell’
905 4504 999 4556 esser
1014 4504 1068 4573 su,
1085 4485 1197 4555 clt'od
1220 4486 1305 4574 opat
1318 4505 1426 4574 passo
1448 4487 1510 4576 poi
1535 4488 1582 4557 mi
1605 4487 1715 4557 sentio
1737 4505 1872 4557 mester

700 4608 731 4679 le
752 4625 876 4697 penne,
904 4603 1049 4696 scilicet,
1084 4621 1186 4696 spem
1219 4608 1256 4677 et
1287 4603 1477 4699 gaudium,
1503 4605 1542 4676 ol
1572 4607 1663 4695 uum,
1694 4602 1796 4697 idest,
1822 4603 1868 4678 ad

700 4727 864 4800 velocem
890 4744 1159 4798 ascensum.-
1174 4725 1286 4796 tome.
1313 4723 1417 4797 Nunc
1447 4730 1553 4818 poeta
1583 4725 1683 4819 ponit
1712 4725 1870 4819 qualiter

701 4845 871 4942 Virgilius
897 4865 1111 4918 recessurus
1127 4843 1175 4917 ab
1200 4863 1256 4937 eo,
1288 4843 1541 4919 informaverit
1557 4865 1656 4938 eum,
1676 4850 1712 4920 et
1737 4843 1871 4920 dixerit

764 5104 793 5168 (¹)
808 5105 839 5155 Ε·
855 5107 970 5156 montio.
1281 5101 1308 5167 (Ἰ
1326 5103 1356 5154 Ε.
1373 5103 1490 5155 dabatur.
