4575 6842
822 960 960 1018 murus
984 963 1150 1018 ausurus.
1302 916 1305 920 Δ
1476 949 1574 1024 ata

400 1103 565 1200 pulcram
587 1111 624 1182 et
641 1125 857 1202 congruam.
883 1107 927 1182 Et
946 1107 1033 1202 quia
1050 1107 1156 1183 litera
1174 1114 1230 1184 est
1246 1108 1350 1185 fortis
1374 1115 1430 1186 est
1455 1109 1574 1186 scieu-

326 1295 328 1298 ,
399 1223 501 1319 dum,
516 1225 616 1320 quod
632 1233 742 1304 autor
755 1229 834 1302 vult
851 1227 975 1304 dicere
991 1227 1254 1304 sententialiter
1271 1229 1308 1302 in
1320 1228 1454 1305 ellectu
1473 1231 1573 1326 quod

397 1345 475 1442 ipse
499 1346 587 1421 vidit
611 1353 781 1441 aspectus
803 1346 952 1422 illarum
971 1347 1194 1424 umbrarum
1220 1347 1258 1422 in
1283 1367 1328 1425 ea
1353 1349 1473 1425 torma
1498 1371 1575 1445 qua

398 1464 525 1542 ridere
549 1467 711 1542 solemus
736 1465 915 1562 imagines
941 1465 1119 1542 facierum
1147 1472 1358 1542 nostrarum
1390 1469 1427 1542 in
1453 1469 1573 1546 lucido

398 1587 557 1682 speculo,
576 1586 633 1661 vel
658 1586 695 1661 in
721 1574 818 1681 agua
836 1588 957 1682 clara;
977 1587 1064 1683 quia
1089 1587 1184 1663 siout
1212 1595 1314 1683 patet
1342 1588 1423 1664 talis
1449 1590 1574 1688 imago

398 1706 543 1782 videtur
569 1707 735 1803 parvula,
762 1713 800 1784 et
823 1707 991 1784 debiliter
1012 1707 1159 1784 videtur
1176 1728 1198 1782 a
1219 1707 1336 1802 nobis,
1356 1709 1404 1786 ita
1424 1730 1446 1786 a
1467 1709 1574 1798 simili
1613 1806 1616 1810 .

398 1835 507 1904 autor
533 1829 613 1904 vult
637 1827 760 1904 dicere
785 1827 884 1923 quod
901 1827 971 1904 illae
987 1828 1120 1906 animae
1137 1848 1225 1904 eum
1246 1829 1467 1924 paucissima
1484 1829 1574 1904 sub-

398 1949 530 2024 stantia
563 1949 800 2026 ostenderunt
840 1970 880 2024 se
920 1947 1160 2045 speculationi
1193 1969 1281 2024 suae.
1321 1949 1502 2026 Constans
1536 1957 1574 2028 et

398 2089 541 2163 expone
566 2068 711 2143 literam
736 2069 798 2164 sic,
824 2091 910 2165 quae
940 2077 995 2146 est
1024 2069 1193 2144 intricata
1225 2069 1404 2146 multum:
1439 2074 1511 2145 Vid’
1523 2074 1571 2167 io,

397 2209 466 2286 ego
492 2189 626 2264 Dantes
655 2190 728 2264 ridi
758 2211 844 2265 eum
877 2192 986 2267 oeulo
1019 2189 1162 2284 mentis,
1189 2184 1252 2282 piri
1278 2194 1389 2284 saoce,
1424 2191 1573 2286 scillaei,

394 2311 498 2406 duas,
533 2310 620 2406 quia
654 2310 701 2387 de
734 2310 877 2386 duabus
908 2311 1015 2388 iaciet
1030 2303 1066 2404 (¹)
1103 2310 1298 2407 specialem
1333 2311 1571 2407 mentionem,

380 2429 384 2435 ’
391 2439 520 2526 prante
535 2452 560 2505 u
570 2434 717 2540 punior,
737 2431 873 2508 scilicet
898 2431 996 2524 milri,
1015 2431 1101 2526 quia
1123 2437 1230 2507 erant
1251 2432 1288 2506 iu
1310 2431 1441 2508 eadem
1458 2453 1573 2511 causa

396 2559 434 2629 et
458 2559 575 2650 parte,
610 2555 673 2627 tuli
697 2557 793 2646 quoti
821 2555 852 2626 le
881 2556 1016 2646 postitio
1042 2555 1094 2626 ds
1107 2557 1220 2628 nostri
1243 2556 1321 2646 visi,
1347 2553 1450 2645 idest,
1476 2553 1572 2628 ima·

396 2673 501 2771 gines
526 2679 737 2748 nostrorum
763 2674 948 2768 vultuum,
967 2680 1111 2763 tornac,
1129 2673 1275 2768 scilieet,
1294 2694 1360 2770 per
1380 2673 1573 2752 retractio-

396 2813 494 2888 nem,
515 2814 584 2886 por
610 2797 697 2866 cetri
721 2795 937 2885 truspurenti
960 2815 979 2866 a
1003 2797 1099 2885 tersi,
1122 2793 1224 2889 idest,
1245 2794 1367 2870 lucida
1386 2801 1424 2870 et
1448 2794 1571 2890 polita,

395 2913 483 3008 quia
509 2913 538 2988 si
564 2920 686 2990 essent
711 2914 848 2989 fuscata
874 2915 931 2989 vel
955 2915 1138 2990 maculata
1164 2935 1237 2989 uon
1263 2915 1313 2990 ita
1338 2923 1571 3011 apparerent,

394 3055 502 3109 occer
523 3057 590 3128 per
615 3055 724 3126 acque
742 3036 848 3108 mide
864 3056 883 3108 e
900 3037 1098 3126 comula,
1115 3033 1219 3128 idest,
1237 3035 1397 3110 mundas
1410 3041 1448 3110 et
1465 3035 1571 3130 quie·

393 3159 450 3230 tas
474 3161 512 3228 ot
544 3175 618 3229 non
647 3175 799 3252 magnas
820 3153 899 3231 sine
924 3154 1054 3249 fundo,
1080 3153 1180 3228 uude
1204 3153 1306 3231 dicit:
1332 3175 1405 3228 uon
1427 3148 1458 3228 si
1477 3177 1571 3248 pro-

390 3277 500 3369 fonda
524 3278 601 3349 ct'i
622 3279 725 3370 fundi
747 3279 828 3350 uuo
849 3279 960 3369 parsi,
986 3275 1087 3370 idest,
1113 3274 1257 3371 perditi,
1277 3275 1365 3370 quia
1391 3282 1480 3352 tuuc
1496 3299 1570 3354 non

393 3402 587 3490 appareret
601 3387 637 3490 (²)
666 3396 789 3493 imago
816 3394 1039 3490 respicientis
1064 3394 1100 3468 in
1126 3415 1244 3490 aqua;
1270 3397 1373 3470 debili
1395 3389 1439 3489 si,
1464 3395 1569 3494 idest,

393 3515 431 3589 in
457 3521 600 3590 tantum
626 3516 758 3592 debilia
785 3520 1035 3610 revertuntur,
1061 3517 1121 3588 cie
1148 3518 1265 3608 perta,
1289 3515 1393 3610 idest,
1420 3537 1569 3613 marga-

392 3635 462 3709 rita
487 3635 651 3732 candida,
669 3640 707 3710 iu
732 3636 858 3710 mauce
872 3639 1004 3730 fronte,
1021 3635 1160 3731 supple,
1178 3635 1338 3710 existens
1360 3635 1468 3712 unius
1485 3637 1569 3731 pul·

390 3774 464 3828 crae
489 3755 583 3830 albae
607 3755 777 3850 dominre,
794 3777 868 3829 ooo
888 3759 963 3830 meu
987 3776 1065 3828 mco
1086 3759 1194 3849 sorte,
1214 3755 1307 3830 idest
1327 3756 1481 3850 fortiter,
1500 3759 1567 3831 aue

390 3883 510 3949 nostre
520 3878 665 3969 pupille,
683 3874 785 3970 idest,
803 3876 850 3951 ad
868 3880 1036 3950 nostrum
1054 3874 1193 3967 visum3
1212 3875 1317 3970 quasi
1332 3876 1446 3952 dicat:
1464 3877 1567 3972 perla

285 4061 291 4072 .
390 3995 474 4070 alba
500 3994 537 4068 in
562 3995 644 4069 alba
672 3995 791 4070 fronte
808 3995 909 4071 venit
933 3993 1100 4070 debiliter
1116 3995 1164 4070 ad
1181 3996 1309 4071 oeulos
1330 4003 1486 4090 nostros,
1504 3997 1568 4074 sed

392 4135 465 4190 non
482 4104 518 4208 (³)
546 4120 671 4191 tamen
697 4115 851 4191 debilius
877 4135 989 4210 quam
1008 4113 1132 4211 imago
1158 4121 1283 4189 nostra
1308 4120 1566 4212 repraeseutata

391 4235 429 4310 iu
453 4235 560 4329 vitro,
579 4236 637 4310 vel
662 4257 771 4330 aqua,
790 4236 849 4311 vel
865 4235 937 4310 alio
963 4255 1119 4329 corpore
1144 4240 1410 4329 transparente.
1438 4235 1483 4308 Et
1507 4235 1567 4316 uio

391 4361 478 4430 nota
504 4354 602 4450 quod
629 4355 841 4452 margaritae
866 4354 1038 4430 meliores
1063 4353 1217 4428 veniunt
1239 4373 1286 4429 ex
1303 4353 1422 4448 lndta3
1440 4355 1568 4436 multa

391 4481 517 4549 tamen
541 4475 781 4550 inveniuntur
805 4475 844 4549 in
866 4474 961 4550 mari
977 4473 1140 4570 anglico,
1161 4472 1259 4548 uude
1275 4473 1397 4550 Caesar
1414 4475 1569 4570 cupidus

390 4596 678 4694 margaritarum
706 4595 873 4671 transivit
889 4595 928 4668 in
943 4593 1181 4688 Britanniam,
1201 4599 1242 4668 ut
1259 4594 1343 4670 dicit
1360 4594 1565 4674 Suetonius.

390 4718 434 4792 lit
459 4718 609 4793 concha
629 4717 787 4813 juvenes
812 4715 948 4792 habent
977 4714 1150 4792 meliores
1180 4714 1410 4812 margaritas,
1436 4722 1473 4790 ot
1497 4716 1567 4793 ha·

452 4950 481 5090 g}
497 4955 523 5076 ἑ.
539 4949 663 5084 {amm
679 5023 873 5089 apparet-E.
889 5037 941 5075 nou
950 5029 1104 5087 apparerent
1115 5023 1240 5088 imagines
1249 5024 1478 5089 respicientiumln
1489 5038 1564 5090 aqua.

456 5101 482 5169 (¹)
497 5101 523 5153 S.
540 5116 592 5153 non
609 5107 662 5154 tam
678 5101 867 5162 debilius-t,
885 5113 937 5152 uon
953 5105 1053 5152 tantum
1069 5099 1188 5154 debilius.
1321 5161 1325 5167 ¹
