4575 6842
743 924 791 996 bb
1106 941 1311 998 eounnrum
1334 945 1555 998 nunesronu

743 1087 826 1181 quis
850 1086 1072 1180 loquebatur
1097 1087 1157 1181 ibi,
1183 1089 1247 1162 sed
1274 1089 1422 1183 frustra,
1442 1088 1619 1183 quianon
1641 1095 1785 1183 poterat
1810 1089 1911 1164 illum

742 1227 986 1304 cognoscere3
1013 1207 1094 1282 ideo
1120 1209 1215 1282 bene
1246 1209 1418 1306 Virgilius
1444 1209 1631 1284 revocavit
1655 1229 1744 1282 eum
1770 1211 1912 1285 dicens:

740 1332 775 1402 lo
797 1323 858 1420 piri
879 1329 938 1400 cllo
951 1330 1079 1420 padre,
1098 1328 1200 1422 idest,
1220 1329 1391 1427 Virgilius
1409 1337 1612 1425 preceptor
1627 1324 1676 1424 (¹),
1698 1329 1913 1405 informator

741 1446 854 1522 animi
874 1447 945 1522 mei
966 1448 1079 1544 magis
1093 1448 1268 1522 colendus
1285 1457 1398 1543 quam
1417 1456 1533 1544 pater,
1549 1452 1598 1521 mi
1613 1452 1732 1524 diseo:
1746 1453 1911 1542 fiplioole,

743 1567 845 1662 idest,
871 1589 894 1642 o
928 1568 976 1642 tili
1009 1569 1070 1662 mi,
1102 1573 1181 1644 oeni
1211 1573 1295 1661 opp·
1322 1574 1406 1661 mot,
1447 1570 1532 1664 quia
1566 1591 1638 1646 non
1668 1576 1725 1646 cst
1755 1571 1911 1664 amplius

742 1687 912 1762 standum
943 1687 1020 1780 bic;
1055 1694 1091 1763 et
1121 1709 1208 1763 ecce
1241 1711 1391 1764 causam
1425 1691 1554 1765 utilem
1586 1697 1624 1765 et
1656 1692 1910 1785 neeessariam,

701 1819 704 1824 “
743 1805 804 1882 cte*
815 1812 840 1881 ’l
863 1816 974 1900 tempo
990 1811 1049 1880 cte
1068 1806 1137 1882 n'e*
1149 1818 1265 1902 posto,
1289 1810 1335 1885 de
1363 1832 1438 1904 quo
1460 1811 1643 1886 modicum
1664 1819 1776 1886 restat
1796 1813 1910 1905 nobis,

737 1925 800 2022 ptri
826 1932 996 2003 otilmentc
1020 1934 1215 2022 comportir
1239 1934 1272 2004 si
1300 1935 1411 2022 cocle,
1438 1933 1524 2025 quia
1550 1933 1666 2006 multa
1693 1939 1830 2008 restant
1855 1932 1911 2005 vi-

741 2049 870 2141 denda,
888 2070 971 2143 quae
992 2049 1216 2124 ambulando
1233 2053 1436 2145 poterimus
1452 2052 1702 2147 contemplari.
1716 2057 1825 2125 -Ιο,
1845 2052 1910 2124 llic

740 2176 845 2264 pocta
872 2169 1026 2243 ostendit
1052 2169 1210 2263 qualiter
1231 2172 1390 2247 monitus
1408 2193 1430 2246 a
1448 2172 1597 2269 Virgilio
1616 2172 1767 2247 recessit
1784 2172 1831 2246 ab
1847 2193 1911 2246 ar-

738 2289 829 2364 bore
855 2295 891 2364 et
915 2291 1066 2364 accessit
1091 2291 1137 2365 ad
1167 2291 1327 2387 spiritus,
1359 2293 1422 2387 qui
1447 2294 1702 2388 purgabantur
1732 2293 1791 2366 ibi.
1818 2292 1910 2367 Dicit

739 2429 829 2505 ergo
849 2410 990 2484 statim:
1013 2415 1054 2483 Io
1072 2414 1160 2484 colei
1175 2415 1204 2485 il
1221 2416 1309 2503 viso,
1329 2413 1476 2503 scilicet,
1495 2413 1704 2505 mentalem,
1723 2415 1776 2486 e’l
1785 2433 1908 2504 posco,

738 2529 843 2622 idest,
868 2551 1080 2624 processum
1107 2531 1154 2604 ad
1180 2532 1278 2605 aliud
1311 2532 1624 2626 pertractandum,
1649 2553 1721 2604 oon
1752 2553 1830 2604 men
1855 2539 1909 2604 to-

738 2658 805 2741 sto,
832 2651 935 2745 quasi
952 2651 1068 2726 dicat:
1087 2651 1229 2726 removi
1247 2653 1385 2747 pariter
1400 2653 1550 2726 oculum
1569 2659 1606 2727 et
1625 2653 1754 2747 pedem
1773 2653 1819 2726 ab
1844 2672 1908 2725 ar·

738 2771 840 2863 bore,
854 2791 1022 2863 oppresso
1047 2774 1166 2861 isool,
1186 2772 1333 2864 scilicet,
1355 2772 1547 2869 Virgilium
1572 2779 1610 2846 et
1634 2772 1792 2845 Statium
1819 2793 1907 2866 poe-

738 2895 803 2984 tas,
821 2893 881 2962 clle
900 2894 1083 2983 porlovon
1098 2895 1160 2981 sie,
1178 2892 1280 2985 idest,
1298 2901 1373 2967 tam
1392 2893 1548 2967 dulciter
1573 2898 1610 2966 et
1634 2892 1906 2986 delectabiliter,

738 3013 872 3084 eterni
891 3015 1020 3104 [oecon
1047 3014 1202 3084 laudor
1226 3019 1320 3086 costo
1345 3015 1384 3086 di
1405 3016 1525 3105 nullm·
1545 3011 1649 3106 quasi
1674 3012 1780 3106 dicat,
1808 3013 1907 3105 quod
1938 3051 1941 3056 ·

737 3131 879 3204 nullum
907 3131 1071 3206 laborem
1090 3132 1290 3206 sentiebam
1309 3133 1345 3204 in
1364 3132 1503 3226 eund03
1530 3140 1568 3207 et
1593 3133 1737 3225 merito,
1763 3133 1849 3226 quia
1870 3133 1907 3206 in

738 3250 812 3324 vita
835 3251 991 3345 populus
1018 3272 1194 3326 romanus
1219 3253 1393 3327 currebat
1419 3253 1587 3328 certatim
1612 3252 1659 3328 ad
1681 3252 1903 3327 audiendum

736 3371 957 3444 alterutrum
985 3371 1137 3445 istorum
1165 3377 1380 3467 poetarum3
1407 3373 1481 3446 imo
1499 3372 1606 3447 bodie
1625 3373 1791 3448 videmus
1809 3374 1907 3448 mul-

736 3497 792 3564 tos
821 3491 927 3566 avide
956 3513 1180 3567 concurrere
1213 3492 1258 3566 ad
1292 3493 1517 3568 audiendum
1549 3493 1660 3566 libms
1692 3493 1845 3568 istorum
1877 3494 1906 3566 si

737 3609 782 3684 sit
806 3611 935 3704 aliquis
960 3611 1054 3686 bene
1080 3611 1205 3708 legens
1230 3618 1267 3685 et
1291 3612 1504 3708 intelligens.
1523 3614 1567 3686 Et
1589 3613 1704 3710 tangit
1720 3613 1905 3707 quomodo

737 3722 1088 3824 appropinquavit(²)
1114 3731 1163 3827 ad
1187 3732 1346 3827 spiritus,
1372 3733 1457 3826 quia
1483 3733 1623 3808 audivit
1649 3755 1780 3826 voces;
1808 3734 1905 3808 unde

737 3850 840 3923 dicit:
867 3857 899 3922 et
922 3873 999 3924 ecco
1024 3854 1156 3942 s’udie,
1182 3852 1285 3942 idest,
1310 3853 1477 3928 auditum
1503 3854 1584 3945 luit,
1598 3858 1752 3946 pionper
1776 3877 1795 3926 e
1817 3877 1905 3928 cao-

737 3977 809 4061 lar,
827 3970 914 4065 quia
931 3971 978 4044 illi
999 3972 1045 4046 de
1069 3973 1283 4067 purgatorio
1300 3974 1476 4068 plorando
1493 3981 1653 4069 cantant,
1670 3980 1708 4049 et
1723 3975 1904 4050 cantando

737 4090 881 4184 plorant
906 4099 1055 4186 propter
1080 4113 1181 4186 spem
1209 4098 1246 4166 et
1266 4113 1435 4187 poenam3
1453 4100 1490 4166 et
1507 4114 1593 4170 ecce
1610 4095 1696 4188 quid
1717 4095 1903 4169 dicebant:

736 4211 846 4282 Labie
861 4215 1130 4303 memmimus,
1149 4212 1250 4306 idest,
1269 4213 1355 4286 illud
1376 4213 1513 4286 dictum
1534 4215 1786 4310 propheticum
1806 4216 1903 4309 quod

735 4332 781 4405 ad
819 4351 947 4406 omnes
982 4332 1107 4406 laudes
1140 4332 1279 4408 divinas
1312 4333 1539 4428 decantatur,
1574 4336 1722 4430 scilicet,
1755 4339 1905 4410 Domine

737 4452 831 4524 lollio
863 4473 940 4524 meu
974 4455 1110 4544 aperus
1135 4461 1169 4525 et
1190 4474 1231 4526 os
1256 4475 1366 4526 meum
1392 4459 1610 4530 annuntiabit
1632 4460 1770 4532 leodem
1794 4465 1901 4532 trum.

733 4573 825 4660 Quae
850 4573 969 4648 oratio
994 4573 1131 4667 optime
1156 4575 1331 4669 competit
1354 4576 1492 4671 gulosis
1515 4577 1603 4672 istis,
1628 4578 1731 4672 quasi
1765 4578 1903 4652 dicant:

733 4687 843 4763 Labia
870 4697 973 4765 etos
999 4711 1082 4783 quae
1109 4692 1260 4766 exercui
1287 4694 1445 4767 multum
1476 4699 1514 4770 et
1543 4717 1640 4792 saepe
1668 4695 1715 4770 ad
1747 4695 1904 4770 mandu-

734 4809 890 4884 candum
918 4817 954 4884 et
980 4811 1189 4906 bibendum,
1215 4833 1374 4906 nuuc,o
1405 4815 1515 4908 Deus,
1539 4816 1641 4910 aperi
1674 4817 1721 4890 ad
1750 4817 1904 4891 laudau-

797 4996 824 5057 (¹)
840 4996 865 5044 S.
882 5010 897 5045 e
914 4997 945 5048 E.
962 5007 1106 5062 preceptor
1122 5016 1197 5050 mous
1212 5007 1240 5051 et
1255 5002 1418 5053 informator.

799 5070 826 5134 (¹)
842 5073 868 5122 S.
885 5087 900 5122 e
916 5075 948 5125 Ε.
964 5077 1216 5141 appropinquaverit.
