4575 6842
825 995 963 1051 murus
987 994 1159 1051 ocrsvus.
1511 986 1581 1053 499

406 1142 797 1238 conclusionemque
816 1143 891 1217 scio
909 1142 1009 1237 quod
1025 1141 1237 1216 Aristoteles
1263 1142 1431 1219 nobiliter
1451 1146 1581 1241 probat

406 1284 489 1339 eam
507 1284 574 1359 per
590 1265 739 1361 longam
755 1263 1024 1338 deductionem.
1044 1263 1088 1335 Et
1104 1262 1151 1335 ad
1167 1246 1451 1340 declarationem
1470 1266 1581 1341 lruius

405 1384 551 1460 adducit
576 1385 675 1479 quod
700 1381 781 1457 talis
797 1383 949 1458 civilitas
966 1403 1041 1457 uon
1060 1388 1179 1479 potest
1197 1383 1323 1459 haberi
1345 1386 1412 1459 uisi
1438 1406 1504 1481 per
1523 1386 1579 1460 di-

405 1525 513 1581 uersa
538 1504 657 1579 studia
682 1502 898 1597 homiuum3
926 1503 1025 1577 uude
1050 1502 1151 1598 ponit
1181 1502 1291 1577 aliam
1323 1504 1579 1604 iuterrogatio-

406 1644 491 1701 uem
509 1624 628 1699 Caroli
647 1623 821 1698 dicentis:
848 1645 868 1697 e
877 1614 952 1716 pud
968 1625 1036 1714 epti
1052 1644 1178 1715 essere,
1196 1622 1331 1698 scilicet
1350 1625 1448 1718 quod
1466 1628 1577 1701 horno

405 1738 450 1817 sit
474 1743 563 1819 civis
588 1744 625 1816 in
651 1743 801 1837 mundo,
826 1764 864 1817 se
887 1739 947 1835 oid
970 1746 1092 1816 donst
1115 1746 1203 1835 etue,
1221 1744 1268 1819 ab
1290 1745 1499 1819 homiuibus
1524 1746 1580 1819 di-

407 1862 531 1958 versis,
549 1865 802 1938 dioeroomente
814 1884 880 1956 per
896 1865 1027 1937 diversi
1043 1864 1162 1955 affici?
1179 1863 1223 1935 Et
1241 1863 1434 1959 respondet
1448 1872 1576 1940 autor:

405 1989 629 2079 nonpotest
658 2004 762 2078 esse;
797 1990 835 2059 et
863 1982 1010 2057 adducit
1040 1983 1220 2077 optimum
1255 1988 1400 2078 testem,
1429 1985 1575 2059 diceus:

403 2126 464 2196 oo,
488 2128 527 2179 oe
542 2109 569 2179 't
600 2112 752 2179 muestro
777 2111 910 2194 vostro,
943 2098 1080 2179 scilicet
1103 2102 1325 2199 Aristoteles,
1353 2126 1464 2200 quem
1492 2106 1578 2180 Avi·

403 2248 520 2303 cenna
539 2232 644 2302 vocat
662 2225 880 2323 magistrum
897 2225 1073 2321 primurn,
1087 2226 1152 2299 den
1170 2229 1339 2300 adsertae.
1355 2226 1398 2299 Et
1417 2226 1473 2301 iric
1492 2234 1577 2301 uota

402 2347 501 2443 quod
518 2346 729 2421 Aristoteles
745 2364 833 2419 cum
850 2345 888 2420 iu
904 2345 1076 2420 omuibus
1102 2346 1212 2421 luerit
1239 2366 1405 2443 magnus,
1433 2347 1470 2420 iu
1496 2368 1577 2421 mo·

403 2468 540 2543 ralibus
566 2473 689 2541 tamen
714 2465 783 2541 luit
809 2465 1012 2560 marimus3
1031 2466 1134 2541 Plato
1156 2474 1280 2541 tamen
1305 2466 1423 2563 magis
1448 2468 1586 2543 enituit·

402 2587 628 2682 eloquentia:
644 2586 742 2661 unde
754 2585 964 2661 Aristoteles
982 2586 1038 2660 vir
1055 2588 1265 2661 excellentis
1283 2587 1416 2683 ingenii
1430 2588 1576 2682 eloquio

404 2708 546 2785 Platoni
570 2707 713 2802 impar;
740 2727 812 2781 nou
839 2713 964 2781 tamen
981 2708 1039 2781 hic
1058 2708 1232 2805 magister
1253 2708 1375 2784 omnia
1394 2708 1495 2782 scivit
1513 2709 1576 2784 sed

402 2830 647 2925 pluraquam
673 2819 1033 2901 attus-Stoenoe.
1067 2828 1132 2903 llic
1162 2836 1268 2924 poeta
1303 2848 1349 2903 ex
1381 2829 1576 2925 praemissis

402 2950 502 3045 pouit
534 2948 807 3024 conclusionem
833 2948 973 3042 Caroli3
1009 2947 1106 3024 unde
1139 2948 1225 3024 dicit
1258 2949 1516 3044 continuative,
1547 2943 1577 3025 si

402 3092 509 3145 venne
533 3072 746 3163 deducendo,
773 3069 821 3145 de
847 3068 1050 3144 rationein
1077 3069 1270 3164 rationem,
1287 3072 1401 3144 iostoo
1423 3092 1447 3143 o
1472 3074 1575 3165 quiet,

401 3191 493 3266 idest
517 3192 564 3266 ad
589 3192 688 3266 lrunc
713 3196 916 3285 punctum3
938 3192 1063 3283 porcio
1087 3192 1283 3264 omecltase:
1297 3194 1444 3283 Duraque
1462 3192 1492 3264 le
1508 3212 1574 3265 ro·

400 3314 483 3403 dici,
500 3311 603 3405 idest,
621 3330 754 3405 causae,
775 3312 829 3384 dei
842 3313 954 3384 vostri
976 3312 1078 3403 essetti
1101 3312 1265 3385 conuerte
1289 3332 1401 3385 essere
1425 3313 1574 3404 diverse,

400 3431 446 3507 ad
472 3433 567 3507 bene
592 3454 673 3509 esso
698 3432 866 3526 hominis,
892 3432 939 3505 ad
964 3430 1136 3506 decorem
1170 3431 1341 3507 universi.
1376 3432 1419 3505 Et
1445 3432 1575 3527 probet

399 3552 646 3628 diversitatem
665 3552 865 3629 etieotuum
884 3571 951 3646 per
970 3550 1115 3626 diversa
1132 3552 1314 3647 exempla,
1332 3551 1473 3625 diceus:
1489 3574 1575 3645 per-

398 3668 460 3747 cle*
481 3692 542 3763 un,
561 3672 663 3767 idest,
680 3671 812 3766 aliquis
837 3672 1084 3765 hammonem
1108 3674 1255 3766 501οηε;
1282 3670 1392 3747 Solon
1411 3671 1477 3745 luit
1495 3672 1575 3767 plri-

399 3794 571 3887 losophus
602 3792 834 3887 atheniensis,
860 3814 959 3867 unus
992 3811 1040 3865 ex
1072 3798 1212 3887 septem
1243 3792 1477 3888 sapientibus,
1510 3794 1573 3887 qui

398 3913 495 3989 dedit
520 3916 620 4011 leges
645 3914 786 3989 civibus
810 3899 897 4008 suis,
915 3912 1049 4007 quibus
1067 3912 1127 3987 illa
1144 3911 1345 3987 clarissima
1363 3913 1489 3989 civitas
1511 3933 1575 3989 re-

399 4034 451 4107 nit
480 4034 528 4109 ad
555 4041 699 4109 tantum
733 4033 893 4126 culmen,
919 4038 953 4105 et
986 4034 1080 4105 ottro
1107 4034 1240 4126 Xerse5
1266 4030 1400 4107 Xerses
1426 4032 1494 4108 luit
1520 4032 1574 4109 di-

400 4159 499 4229 recte
516 4154 722 4229 contrarius
742 4152 877 4246 Selom,
895 4152 982 4246 qula
998 4142 1047 4246 (¹),
1067 4158 1159 4227 teste
1176 4150 1304 4245 Tullio,
1326 4153 1458 4228 evertit
1479 4161 1574 4229 tem·

397 4273 456 4369 pla
481 4279 518 4349 et
543 4295 638 4368 aras,
665 4273 880 4370 religionem
906 4278 944 4348 et
969 4273 1068 4370 leges
1094 4272 1252 4348 violavit.
1279 4270 1362 4347 Fuit
1387 4273 1485 4348 enim
1508 4294 1573 4349 rex

397 4414 591 4489 persarum
618 4394 900 4490 potentissimus,
927 4392 991 4488 qui
1015 4398 1144 4469 contra
1170 4392 1348 4468 Graeciam
1367 4394 1572 4469 inauditum

396 4515 501 4591 duxit
525 4516 752 4610 exercitum3
778 4516 841 4591 sed
866 4514 1071 4591 debellatus
1090 4536 1113 4590 a
1130 4513 1289 4589 Leonida
1307 4514 1402 4590 duce
1420 4516 1573 4592 lacedae·

397 4636 655 4731 moniensium,
680 4634 924 4712 infelicissime
949 4635 1079 4710 redivit
1102 4634 1141 4709 in
1167 4633 1327 4710 Persiam
1343 4660 1353 4731 3
1372 4638 1465 4711 altro
1486 4640 1573 4713 llei-

395 4759 581 4849 cltisedecll,
608 4756 672 4852 qni
697 4756 839 4853 primus
866 4755 933 4830 init
960 4776 1025 4832 rer
1050 4760 1088 4831 et
1112 4755 1295 4850 sacerdos,
1322 4756 1385 4851 qui
1410 4758 1572 4834 occurrit

396 4876 526 4951 Abraae
565 4876 733 4985 redeunti
767 4898 790 4951 a
824 4874 978 4951 victoria
1017 4876 1129 4950 trium
1170 4896 1327 4974 regum3
1362 4883 1398 4953 et
1430 4878 1571 4974 primus

457 5142 485 5204 (¹)
502 5146 525 5202 t,
541 5139 596 5204 qul,
613 5144 679 5191 teste
695 5138 794 5191 Tullio.
