4575 6842
707 949 753 1018 32
1065 960 1269 1016 commun
1291 963 1512 1018 runssronu

704 1127 848 1199 opressa
873 1109 943 1180 Dio
968 1108 1248 1179 m'nllumincsti
1275 1106 1385 1194 Quasi
1417 1106 1530 1180 dicat:
1556 1112 1594 1179 tu
1624 1104 1794 1201 Virgilius
1820 1106 1875 1182 le·

702 1225 780 1300 cisti
807 1247 867 1302 me
892 1246 939 1301 ex
965 1227 1158 1323 ignorante
1174 1226 1387 1320 sapientem,
1405 1245 1451 1300 ex
1469 1225 1622 1321 prodigo
1638 1246 1806 1320 parcum,
1824 1247 1868 1302 ex

702 1367 846 1443 pagano
871 1346 1120 1456 christianum.
1147 1347 1192 1420 Et
1216 1347 1287 1420 hoc
1311 1345 1505 1420 confirmat
1532 1365 1599 1441 per
1628 1347 1875 1442 comparatio-

703 1486 787 1540 nem
814 1464 1050 1540 domesticam
1077 1471 1114 1540 et
1139 1465 1338 1560 propriam,
1363 1465 1504 1540 dicens:
1527 1469 1651 1560 [oresti
1673 1488 1770 1539 come
1793 1471 1873 1560 guel

703 1587 763 1657 cllo
787 1606 833 1658 vu
856 1587 894 1658 di
917 1593 1022 1676 notu,
1039 1589 1098 1658 cle
1112 1593 1222 1678 portu
1238 1588 1266 1658 ll
1281 1588 1370 1658 turne
1386 1588 1512 1675 dietro,
1528 1586 1622 1660 sicut
1639 1606 1789 1660 cereum
1806 1608 1871 1662 ac-

705 1725 869 1799 censum,
896 1727 915 1778 c
939 1727 963 1778 n
986 1727 1023 1778 se
1046 1726 1119 1778 non
1142 1707 1263 1796 moon,
1287 1705 1375 1797 quia
1401 1725 1533 1799 parurn
1567 1705 1664 1780 ridet
1696 1705 1763 1780 sibi
1787 1713 1875 1781 anto

704 1827 841 1919 oculos,
868 1847 926 1899 mn
951 1829 1043 1918 dopo
1067 1847 1117 1919 se,
1145 1825 1292 1917 scilicet,
1318 1832 1398 1920 post
1424 1832 1583 1922 tergum,
1606 1830 1648 1920 fu
1672 1830 1875 1920 lepersone

705 1949 805 2024 done.
831 1945 1002 2042 Virgilius
1028 1946 1125 2020 enim
1152 1946 1346 2020 ambulans
1367 1946 1403 2019 in
1427 1953 1535 2020 nocte
1551 1945 1765 2042 ignorantiae
1792 1946 1872 2020 lidei

705 2074 853 2162 portans
878 2087 1004 2141 secum
1032 2066 1157 2140 lumen
1181 2065 1367 2160 sapientire
1392 2064 1595 2140 clarefecit
1617 2065 1771 2140 Statium
1794 2075 1875 2161 post

654 2173 656 2178 ’
704 2207 745 2262 se
770 2185 974 2260 venientem
1001 2186 1151 2260 doctum
1179 2206 1275 2260 verae
1302 2185 1394 2259 fidei.
1420 2184 1463 2257 lit
1487 2183 1540 2258 sic
1564 2190 1662 2278 patet
1686 2185 1875 2279 quomodo
1959 2231 1964 2237 -

704 2305 928 2400 comparatio
946 2305 1040 2380 bene
1057 2305 1209 2379 adsonat
1222 2299 1260 2396 (¹)
1277 2303 1472 2400 proposito.
1493 2303 1537 2376 Et
1559 2303 1715 2378 ostendit
1739 2303 1875 2379 Statius

704 2425 890 2520 quomodo
912 2445 977 2518 per
995 2425 1054 2500 illa
1072 2424 1187 2500 verba
1203 2423 1352 2519 Virgilii,
1370 2443 1454 2517 quae
1472 2429 1556 2496 sunt
1572 2423 1688 2519 posita
1705 2431 1742 2498 et
1759 2445 1874 2519 erpo-

704 2547 771 2620 sita
797 2547 904 2640 plene
931 2544 1048 2638 primo
1073 2544 1232 2638 capitulo
1258 2544 1403 2636 lnlerni,
1429 2543 1512 2620 ideo
1536 2545 1595 2619 iric
1620 2566 1694 2619 non
1724 2550 1874 2641 repeto;

705 2665 789 2740 dicit
811 2685 920 2761 ergo:
938 2667 1079 2756 wando
1097 2667 1226 2755 diccsti,
1245 2664 1338 2738 libro
1354 2664 1623 2757 Bucolicorum,
1645 2668 1738 2738 secol
1751 2669 1783 2738 si
1797 2669 1875 2738 ria-

706 2807 798 2860 noon
808 2812 822 2878 ,·
841 2793 877 2860 ct
894 2805 984 2861 vere
1010 2805 1144 2879 magna
1171 2785 1360 2859 renovatio
1385 2784 1508 2860 saeculi
1530 2785 1624 2860 iacta
1641 2791 1697 2859 est
1712 2787 1782 2860 sub
1799 2787 1875 2860 du·

704 2915 827 3004 gusto,
841 2907 904 3001 qui
922 2927 1056 3002 magna
1073 2906 1264 3000 prudentia
1282 2905 1487 3001 composuit
1505 2907 1684 2980 mundum
1699 2908 1872 2982 liuentem

705 3027 742 3100 in
771 3026 873 3120 vitia3
900 3034 1006 3100 torno
1030 3028 1206 3116 giustizin,
1232 3046 1317 3118 quae
1341 3027 1544 3121 appellatur
1570 3027 1674 3123 virgo
1698 3049 1721 3101 a
1746 3027 1872 3123 poetis,

705 3151 863 3240 eprimo
889 3155 1000 3239 tempo
1025 3167 1169 3238 amano,
1194 3145 1296 3239 idest,
1313 3152 1402 3219 aetas
1426 3167 1553 3239 aurea,
1579 3167 1663 3241 quae
1689 3147 1756 3221 luit
1782 3156 1875 3222 tem·

707 3287 796 3362 pore
812 3267 983 3360 Saturni3
1009 3288 1028 3340 c
1049 3268 1217 3359 propende
1241 3269 1401 3339 ducende
1425 3270 1488 3340 dul
1501 3269 1566 3340 οἱοί
1580 3288 1710 3356 ηιωυα,
1727 3268 1876 3360 scilicet,

705 3383 892 3483 Augustus
910 3387 967 3460 rol
984 3385 1158 3460 Christus.
1178 3385 1222 3458 lit
1238 3385 1420 3460 concludit
1436 3386 1572 3460 Statius
1592 3408 1639 3460 ex
1661 3386 1783 3461 dictis:
1804 3409 1873 3480 per

706 3513 852 3598 tepoetn
861 3509 928 3599 sui,
938 3528 1005 3598 per
1023 3505 1306 3579 lenocinantur
1324 3505 1381 3579 hic
1400 3513 1486 3579 nota
1503 3506 1602 3599 quod
1619 3507 1874 3603 unusquisque

705 3633 858 3700 conatur
885 3624 1064 3701 reducere
1088 3627 1161 3699 alta
1190 3626 1285 3700 dicta
1314 3625 1519 3721 sapientum
1552 3628 1772 3720 placentium
1804 3628 1872 3702 sibi

705 3747 751 3824 ad
769 3747 951 3821 saniorem
970 3747 1207 3840 intellectum,
1221 3746 1315 3820 sicut
1331 3747 1483 3843 egregie
1498 3747 1583 3821 lacit
1595 3748 1714 3822 Proba
1724 3741 1773 3841 (²),
1788 3769 1872 3841 quae

707 3870 821 3942 multa
846 3867 939 3942 dicta
966 3874 1042 3940 tam
1063 3867 1212 3941 Homeri
1230 3888 1341 3961 quarn
1363 3866 1497 3963 Virgilii
1520 3869 1665 3942 reduxit
1680 3868 1819 3963 placide
1836 3869 1873 3942 in

705 3987 923 4082 obsequium
949 3986 1030 4061 lidei
1055 3986 1270 4062 christianae.
1285 3992 1431 4060 —Mu'
1450 3988 1515 4062 Hic
1545 3988 1680 4062 Statius
1710 3994 1806 4063 tacta
1836 3989 1873 4062 in

704 4107 867 4205 generali
893 4093 1004 4180 causa
1029 4128 1107 4180 suae
1132 4107 1390 4201 conversionis,
1417 4129 1515 4182 nunc
1547 4109 1663 4203 tangit
1694 4109 1809 4204 ipsam
1835 4109 1872 4185 in

704 4227 860 4324 speciali.
886 4226 930 4299 Et
954 4225 1039 4300 dicit
1062 4246 1103 4300 se
1129 4227 1310 4301 iacturum
1344 4247 1450 4302 more
1481 4227 1627 4322 pictoris
1657 4229 1722 4323 qui
1755 4229 1873 4324 primo

703 4349 868 4446 designat
894 4347 1051 4443 liguram
1077 4367 1206 4442 grosso
1230 4347 1352 4441 modo,
1378 4358 1502 4442 postea
1532 4351 1671 4423 colorat
1699 4356 1738 4424 et
1761 4371 1874 4424 exor-

706 4476 778 4543 nat.
805 4467 897 4542 Dicit
922 4487 1032 4563 crgo:
1060 4471 1123 4540 Mo
1142 4462 1272 4558 percld
1295 4471 1395 4558 neggi
1414 4471 1492 4558 moi,
1510 4469 1612 4562 idest,
1631 4474 1672 4542 ut
1696 4469 1875 4564 intelligas

706 4588 838 4664 melius
867 4596 904 4662 et
935 4587 1081 4680 clarius,
1107 4579 1161 4660 oid
1185 4590 1236 4660 cl'
1249 4591 1284 4661 io
1308 4590 1466 4682 disegno,
1494 4588 1531 4662 in
1556 4588 1720 4681 coninso,
1744 4591 1874 4662 doten-

705 4699 791 4784 uero
815 4711 852 4781 lc
876 4727 982 4780 marro
1007 4728 1032 4778 a
1056 4710 1213 4800 coloror,
1233 4706 1337 4799 idest,
1353 4708 1400 4782 ad
1419 4708 1692 4783 declarandum.
1719 4708 1762 4781 Et
1786 4729 1874 4784 ecce

705 4827 913 4924 quomodo:
937 4817 1000 4919 pid
1024 4849 1088 4900 cra
1113 4829 1140 4900 il
1163 4830 1291 4900 mondo
1320 4835 1404 4900 tutto
1435 4835 1565 4919 quanto
1591 4848 1745 4919 prcpno,
1771 4827 1873 4920 idest,

768 5088 795 5148 (¹)
812 5090 865 5146 atr,
882 5092 1052 5138 consonat-
1061 5087 1092 5138 E.
1109 5093 1191 5138 sonat.
1347 5089 1375 5152 i'l
1393 5094 1446 5151 ¹¹⁷2
1462 5091 1548 5142 Μ·
1563 5089 1718 5154 ΝΜ
1734 5103 1801 5153 Ψ·
