4575 6842
828 1002 968 1058 onnrrrs
993 1001 1156 1057 rnnrrus
1507 985 1577 1055 367

408 1156 533 1248 postea
558 1149 720 1244 dicetur;
741 1140 832 1242 perd
855 1151 964 1242 porta
993 1167 1060 1221 con
1084 1167 1170 1240 esse,
1198 1144 1344 1241 scilicet,
1373 1145 1580 1240 animabus,

407 1277 441 1345 ct
462 1273 523 1344 odi
546 1291 565 1342 e
589 1272 698 1361 credi,
724 1269 898 1364 quicquid
924 1269 1043 1343 dicent
1058 1261 1095 1361 (¹)
1124 1264 1199 1362 tibi,
1220 1268 1309 1362 quia
1332 1287 1405 1341 non
1430 1275 1582 1364 possunt

409 1391 572 1483 mentiri;
598 1389 697 1465 unde
722 1389 826 1464 dicit:
852 1391 915 1464 cle
944 1392 1129 1463 lavanca
1158 1391 1244 1481 luce,
1275 1387 1422 1483 scilicet,
1447 1387 1582 1482 divina,

407 1511 467 1584 cde
492 1513 522 1584 le
547 1530 703 1602 oppopo,
733 1509 836 1604 idest,
862 1515 1058 1602 contentat
1085 1529 1159 1582 non
1189 1510 1299 1582 larda
1329 1510 1388 1580 tor
1418 1511 1583 1581 torcerli

403 1632 499 1723 pedi,
525 1629 628 1722 idest,
653 1651 821 1704 amorem
847 1636 884 1704 et
907 1627 1152 1722 adecdonem,
1170 1631 1220 1702 da
1239 1623 1288 1719 sd,
1315 1627 1418 1722 idest,
1439 1627 1579 1723 abipsa

408 1749 503 1844 luce,
529 1769 614 1844 quae
640 1755 695 1825 est
720 1749 865 1824 veritas.

483 1876 529 1942 Et
550 1873 586 1943 to
610 1871 813 1944 oll'omdro.
840 1871 910 1945 lsta
941 1875 996 1946 est
1028 1868 1190 1945 secunda
1214 1887 1300 1964 pars
1324 1867 1517 1965 generalis,
1543 1864 1580 1941 in

409 2011 483 2086 qua
509 1991 643 2066 Dantes
668 1991 705 2064 in
730 1991 875 2087 speciali
899 1991 976 2088 agit
1000 1997 1037 2067 et
1061 1995 1194 2065 tractat
1218 1989 1265 2064 de
1290 2009 1366 2064 una
1389 1988 1511 2063 anima
1537 1985 1582 2061 il·

409 2110 532 2186 larum
550 2110 758 2186 animarum
776 2111 960 2186 contraria
973 2109 1141 2186 Narcisso
1159 2110 1299 2184 famosa
1317 2116 1483 2205 tempore
1499 2127 1579 2182 suo.

409 2230 464 2306 dd
490 2231 595 2306 cuius
620 2231 863 2328 cognitionem
891 2237 1035 2327 oportet
1055 2230 1176 2326 primo
1193 2228 1376 2327 praescire,
1397 2229 1497 2324 quod
1512 2229 1581 2304 ista

410 2359 465 2427 est
482 2351 657 2428 Picharda
678 2353 898 2447 pulcerrima
915 2351 1159 2448 pudicissima,
1173 2349 1219 2426 de
1238 2370 1313 2445 qua
1329 2349 1423 2425 sacta
1440 2357 1496 2426 est
1516 2369 1583 2424 ex-

409 2493 534 2568 pressa
561 2472 745 2567 praedictio
776 2472 982 2570 Purgatorii
1004 2470 1163 2567 capitulo
1186 2469 1311 2565 lllllll,
1342 2490 1426 2565 quae
1455 2476 1584 2566 sponte

410 2600 447 2668 et
472 2613 517 2668 ex
543 2600 645 2668 certa
663 2593 812 2671 scientia
829 2593 1029 2669 devoverat
1046 2614 1154 2668 suam
1172 2592 1314 2667 Christo
1335 2591 1581 2687 virginitatem

412 2736 498 2790 cum
508 2715 587 2811 jam
602 2721 697 2790 esset
712 2714 838 2790 adulta
855 2715 891 2788 in
912 2713 1135 2788 monasterio
1153 2720 1288 2788 sanctae
1301 2713 1418 2788 Clara
1433 2712 1481 2787 de
1497 2712 1582 2786 Flo-

412 2834 540 2909 rentia.
560 2833 630 2909 Sed
652 2834 766 2909 irater
783 2834 863 2908 eius
878 2833 1050 2911 dominus
1066 2830 1220 2908 Cursius
1236 2831 1283 2908 de
1298 2832 1460 2928 DonatiS,
1478 2833 1583 2908 miles

411 2954 685 3050 famosissimus,
710 2974 796 3028 cum
823 2953 897 3028 suis
926 2953 1042 3050 ipsam
1072 2953 1251 3028 violenter
1283 2952 1394 3029 traxit
1418 2952 1465 3027 de
1489 2952 1583 3047 loco,

411 3095 497 3150 cum
533 3073 779 3171 despondisset
815 3093 897 3148 eam
933 3073 1013 3148 viro
1047 3072 1232 3168 seculari,
1270 3072 1405 3148 scilicet
1437 3071 1582 3146 cuidam

412 3196 580 3270 Roselino
605 3195 651 3269 de
677 3194 858 3268 nobilibus
881 3194 928 3270 de
953 3195 987 3268 la
1014 3195 1118 3268 Tosa.
1139 3191 1317 3268 Pioharda
1343 3213 1584 3290 perseverans

412 3315 449 3388 in
474 3335 542 3389 suo
569 3320 694 3390 sancto
719 3314 914 3410 proposito,
940 3314 1172 3389 devotissime
1196 3311 1412 3409 supplicavit
1434 3314 1524 3408 lieo,
1542 3318 1586 3386 ut

413 3435 623 3510 incurreret
654 3438 812 3508 mortem
843 3434 902 3509 vel
934 3433 1194 3530 infirmitatem,
1220 3455 1286 3529 per
1320 3455 1432 3529 quam
1465 3439 1586 3529 posset

412 3574 564 3630 servare
588 3554 799 3630 inviolatam
826 3575 932 3628 suam
958 3553 1223 3652 virginitatem:
1246 3560 1285 3630 et
1306 3553 1480 3629 continuo
1496 3573 1585 3648 gra·

412 3676 466 3750 vis
493 3676 644 3750 morbus
662 3675 792 3749 invasit
808 3695 959 3749 carnem
980 3674 1070 3770 eius,
1096 3695 1172 3770 quo
1196 3674 1257 3748 illa
1283 3675 1445 3750 moriens
1463 3681 1585 3748 trans·

413 3795 477 3870 ivit
501 3796 549 3870 ad
567 3796 758 3871 meliorem
776 3815 961 3890 sponsum.
988 3797 1032 3868 Et
1058 3802 1158 3872 recte
1179 3795 1246 3870 ista
1262 3795 1464 3891 juvencula
1481 3802 1585 3870 tusca

413 3915 508 4011 iecit,
534 3916 627 3990 sicut
643 3915 730 3990 olim
756 3915 966 3992 adolescens
991 3921 1117 3991 tuscus
1138 3915 1286 3990 nomine
1308 3915 1502 4011 Spurinna,
1521 3916 1585 4011 qui

413 4055 499 4110 cum
526 4036 574 4109 oh
605 4035 823 4132 elegantiam
854 4055 931 4110 suae
961 4035 1089 4109 lormae
1120 4035 1244 4109 multis
1276 4035 1363 4110 viris
1393 4042 1586 4131 suspectus

416 4155 643 4251 redderetur,
661 4176 767 4230 suam
794 4155 994 4230 formosam
1012 4153 1142 4229 taciem
1161 4154 1348 4251 unguibus
1365 4153 1532 4231 exaravit
1547 4159 1586 4229 et

414 4273 643 4349 deformavit.
657 4275 762 4349 Nunc
774 4275 820 4349 ad
838 4274 995 4370 literam,
1012 4280 1123 4349 autor
1139 4281 1292 4370 apparat
1308 4295 1349 4350 se
1366 4274 1412 4350 ad
1429 4276 1586 4370 loquen-

414 4393 502 4467 dum
528 4395 633 4470 dictae
664 4396 818 4489 umbrae,
850 4392 991 4470 dicens:
1019 4399 1064 4468 Et
1089 4397 1125 4468 to
1156 4391 1346 4469 drtzzoimi
1374 4399 1434 4470 all’
1447 4397 1587 4488 omtrc,

415 4512 518 4608 idest,
542 4515 686 4609 animae,
711 4516 772 4588 cde
791 4535 909 4608 porea
931 4511 992 4608 pid
1018 4535 1113 4606 rapo
1136 4518 1176 4589 di
1198 4519 1388 4609 romanor,
1413 4516 1499 4612 quia
1524 4536 1589 4591 oo-

409 4641 594 4730 gnoverat
618 4655 706 4709 eum
729 4633 770 4708 in
795 4635 880 4730 vita,
899 4642 936 4711 et
955 4643 1037 4711 erat
1059 4636 1106 4712 de
1123 4635 1240 4731 patria
1257 4658 1337 4732 sua,
1355 4659 1374 4710 e
1389 4639 1587 4729 commod,

414 4754 552 4850 supple,
579 4755 689 4851 loqui,
716 4759 818 4850 pansi
841 4758 928 4829 com'
941 4777 1022 4830 nom
1052 4761 1108 4830 cui
1137 4764 1267 4850 troppo
1298 4760 1417 4850 ooplio
1447 4775 1587 4849 smopa,

414 4874 516 4969 idest,
549 4897 661 4971 quem
695 4875 828 4952 ardens
864 4875 1085 4952 desiderium
1119 4878 1275 4952 alterat:
1308 4877 1455 4953 ridebat
1488 4878 1585 4953 enim

477 5135 506 5202 (Ι)
521 5137 552 5188 u.
569 5137 678 5189 dicmur.
