4575 6842
405 1301 570 1372 CANTUS
592 1304 825 1374 VIGESIMUS
848 1305 1039 1388 TERTIUS,
1063 1309 1098 1372 in
1125 1327 1185 1390 quo
1215 1311 1331 1395 tractat
1352 1308 1433 1373 ebat
1453 1309 1576 1376 inume-

481 1423 558 1483 runt
578 1419 711 1500 spiritus
731 1419 802 1484 vitii
822 1419 905 1503 proice
927 1421 982 1502 qui
1002 1419 1093 1485 ualde
1121 1425 1214 1484 munt
1242 1420 1350 1497 moeri,
1373 1425 1404 1484 et
1425 1420 1464 1486 de
1485 1421 1576 1487 modo

478 1549 583 1610 poeuce
604 1530 753 1611 aprorum,
775 1529 832 1594 sub
856 1529 946 1596 titulo
960 1529 1115 1596 Forensis
1137 1530 1363 1613 coruonput'nei
1376 1529 1506 1610 Donttb,
1523 1531 1579 1613 qui

484 1641 584 1706 mutto
599 1642 757 1724 predixit
777 1647 886 1708 eoum
901 1642 1045 1708 dominos
1059 1641 1245 1720 Florentio,
1262 1647 1292 1706 et
1306 1641 1345 1708 de
1361 1642 1470 1708 mutus
1491 1641 1576 1708 aliis.

482 1905 710 2076 Mum
725 2003 785 2074 cle
800 2005 850 2092 pli
864 2003 960 2074 oceli
971 2021 1038 2092 per
1053 2004 1090 2073 lu
1100 2003 1235 2094 [ruodo
1247 2003 1361 2074 verde.
1376 2001 1576 2094 Postquam

297 2217 301 2225 ἱ
406 2119 639 2216 insuperiori
658 2121 815 2216 capitulo
833 2120 929 2194 circa
952 2119 1061 2194 finem
1081 2127 1188 2216 poeta
1209 2126 1333 2194 noster
1354 2119 1523 2194 tractavit
1539 2126 1577 2194 et

402 2234 662 2314 'determinavit
687 2242 733 2316 de
757 2261 867 2336 poeua
892 2247 928 2315 et
954 2241 1174 2336 purgatione
1205 2242 1422 2337 gulosorum
1450 2241 1486 2314 in
1510 2259 1578 2336 ge-

407 2359 534 2453 nerali,
559 2381 657 2434 nnnc
683 2367 951 2454 consequenter
976 2361 1050 2456 agit
1076 2367 1112 2435 et
1134 2366 1267 2434 tractat
1284 2360 1330 2434 de
1347 2346 1477 2434 eadem
1497 2380 1577 2434 ma·

407 2479 499 2552 teria
526 2480 642 2576 magis
667 2480 704 2553 in
729 2480 885 2574 speciali.
912 2481 955 2553 Et
981 2500 1141 2574 praesens
1161 2480 1363 2575 capitulum
1380 2479 1493 2552 xxlll
1511 2500 1578 2574 po·

408 2605 479 2673 test
511 2599 620 2674 dividi
650 2601 686 2674 in
722 2606 882 2695 quatuor
914 2608 1035 2694 partes
1068 2600 1260 2696 generales
1291 2600 1336 2673 ad
1371 2600 1504 2673 minus.
1537 2601 1578 2674 ln

408 2720 526 2813 prima
553 2742 711 2815 quarum
733 2720 903 2794 describit
921 2719 1076 2793 lormam
1094 2721 1311 2815 gulosorum
1332 2720 1492 2792 multum
1510 2741 1578 2794 cu·

409 2841 514 2915 riose.
541 2841 580 2913 ln
606 2841 764 2915 secunda
791 2841 987 2915 introducit
1013 2861 1130 2913 unum
1156 2840 1321 2934 spiritum
1352 2840 1577 2935 singularem

408 2961 629 3034 modernum
656 2968 821 3035 notatum
849 2961 936 3036 uitio
956 2961 1064 3057 gulae,
1083 2961 1145 3054 qui
1164 2961 1230 3033 sibi
1250 2959 1411 3034 declarat
1428 2981 1576 3054 poenam

408 3101 492 3174 quae
517 3080 673 3155 obscure
698 3080 814 3175 posita
839 3087 894 3155 est
920 3081 955 3153 in
982 3079 1199 3175 praecedenti
1225 3080 1395 3175 capitulo,
1416 3079 1486 3153 ibi:
1510 3070 1578 3154 did

408 3201 940 3275 adcommodatumne
967 3207 1073 3295 poeta
1106 3206 1231 3274 movet
1261 3221 1374 3273 unam
1401 3199 1576 3294 quaestio-

407 3339 492 3392 nem
518 3319 613 3394 dicto
638 3319 789 3414 spiritui,
816 3320 881 3394 ibi:
909 3326 954 3394 Et
975 3323 1010 3393 io
1036 3341 1060 3392 a
1084 3323 1142 3393 tut.
1160 3319 1201 3392 In
1227 3326 1358 3413 quarta
1383 3325 1420 3393 et
1448 3320 1577 3394 ultima

406 3439 613 3514 manifestat
633 3462 673 3515 se
689 3448 726 3515 et
751 3461 837 3515 suos
861 3441 973 3516 duces
998 3441 1094 3515 dicto
1112 3441 1266 3536 spiritui,
1284 3441 1350 3514 ibi:
1369 3443 1457 3531 Det,
1471 3445 1576 3535 frate.

406 3557 459 3631 Ad
486 3559 646 3653 primum
673 3559 822 3634 veniens
853 3559 933 3635 dico
964 3561 1063 3654 quod
1093 3565 1200 3656 poeta
1231 3560 1393 3635 declarat
1419 3562 1576 3635 sormam

406 3698 525 3773 poenae
549 3680 785 3775 gulosorum3
812 3687 850 3755 et
869 3681 988 3775 primo
1018 3681 1205 3776 praemittit
1236 3701 1342 3754 suam
1373 3681 1579 3777 dispositio·

407 3817 491 3872 nem
519 3791 681 3894 suprad)
708 3800 880 3874 arborem
907 3800 1077 3894 superius
1102 3799 1321 3895 descriptam
1340 3821 1406 3895 per
1426 3821 1579 3895 compa·

409 3918 587 3992 rationem
618 3921 769 4012 claram,
800 3920 942 3994 dicens:
976 3925 1122 4009 Mentre,
1154 3919 1255 4012 idest,
1288 3919 1446 4013 interim,
1479 3923 1578 3993 ct'io

404 4041 539 4131 fiecuvo
563 4042 613 4131 pti
637 4043 744 4130 oceli,
760 4039 1034 4133 intellectuales,
1048 4061 1115 4132 per
1132 4043 1170 4113 tu
1182 4043 1318 4134 frunda
1335 4043 1453 4129 verde,
1471 4039 1576 4132 idest,

407 4159 502 4231 illius
527 4159 669 4233 arboris
694 4181 716 4234 a
742 4161 860 4254 simili,
877 4153 906 4232 si
927 4181 1023 4233 corne
1040 4164 1104 4254 sur
1128 4163 1224 4233 suote
1239 4162 1293 4233 ebt
1308 4161 1420 4232 dietro
1445 4162 1504 4232 ult
1517 4181 1578 4232 uc·

407 4283 505 4353 cellia
529 4301 594 4353 suu
629 4285 699 4354 utto
720 4284 849 4376 perde5
874 4287 911 4355 et
943 4286 998 4356 cst
1028 4279 1254 4375 comparatio
1287 4279 1451 4374 propria:
1483 4279 1578 4352 sicut

407 4401 503 4474 enim
530 4402 651 4500 homo!
662 4401 845 4476 interdum
869 4401 941 4475 fixe
960 4401 1105 4495 respicit
1122 4400 1217 4473 intra
1236 4420 1359 4473 ramos
1376 4399 1519 4472 arboris
1537 4407 1578 4472 ut

407 4518 528 4594 videat
553 4521 735 4596 aviculam
757 4521 805 4595 ibi
824 4523 1009 4616 latentem,
1028 4526 1064 4596 et
1084 4541 1181 4615 saepe
1197 4521 1315 4615 perdit
1332 4526 1477 4614 tempus
1494 4521 1578 4594 inu-

407 4637 528 4733 tiliter,
550 4641 635 4734 quia
653 4662 725 4716 non
743 4648 860 4736 potest
876 4642 975 4714 illam
995 4661 1138 4735 capere,
1157 4639 1207 4712 ita
1234 4646 1334 4714 recte
1354 4648 1462 4735 poeta
1479 4661 1578 4716 nnnc

407 4760 620 4854 respiciebat
645 4768 782 4836 attente
808 4782 874 4857 per
899 4761 1044 4834 frondes
1072 4760 1168 4833 illius
1194 4760 1346 4852 arboris,
1371 4767 1413 4834 ut
1436 4761 1578 4836 videret

471 5026 497 5088 ζ’)
514 5027 545 5076 E.
560 5040 576 5077 e
593 5031 647 5087 lll,
663 5027 732 5078 circa
748 5027 878 5079 arborem.
