4575 6842
746 971 884 1027 murus
908 973 1100 1028 vreusruus
1123 973 1254 1028 nonus.
1517 962 1585 1029 189

412 1124 505 1193 tum.
519 1118 611 1194 Dicit
623 1138 733 1214 ergo:
752 1122 815 1192 Mo
831 1121 868 1192 la
885 1115 983 1194 oertb
999 1118 1081 1191 cllo
1100 1123 1231 1210 rapina
1248 1123 1407 1194 discorso
1423 1141 1587 1198 amman·
1674 1101 1680 1117 ’

411 1259 475 1330 no,
488 1238 591 1332 idest,
605 1237 722 1312 virtus
733 1237 847 1311 visiva
862 1259 946 1331 qnae
966 1238 1178 1312 transmittit
1196 1238 1349 1314 interius
1365 1241 1411 1314 ad
1423 1242 1584 1316 animam

412 1359 570 1455 speciem
590 1358 643 1433 rei
662 1358 759 1452 visse,
772 1364 809 1432 et
826 1359 878 1433 sic
894 1363 1078 1454 preparat
1093 1359 1300 1434 discursum
1319 1360 1449 1435 rationi
1467 1362 1514 1436 ad
1532 1362 1587 1436 in-

413 1478 667 1575 telligendum
682 1479 751 1573 vel,
765 1482 802 1552 la
815 1475 925 1569 ocrtb,
935 1479 1080 1572 scilicet,
1090 1478 1296 1574 discretiva,
1310 1501 1471 1572 apprcsc,
1484 1481 1586 1575 idest,

413 1600 700 1696 comprehendit,
715 1593 747 1673 si
762 1603 851 1673 com'
863 1602 921 1674 elli
936 1622 1027 1674 oon
1043 1601 1248 1674 candelabri
1273 1621 1373 1694 vere,
1396 1623 1427 1691 e,
1446 1608 1583 1696 repete,

413 1720 649 1817 apprehendit
667 1725 827 1813 Osanna,
840 1724 927 1795 nelle
943 1725 1020 1795 voci
1039 1725 1097 1796 del
1110 1729 1250 1813 cantor,
1269 1721 1373 1816 quasi
1390 1721 1509 1796 dicat:
1529 1722 1588 1795 in·

414 1841 534 1917 tellexi
553 1841 589 1915 in
608 1842 758 1916 vocibus
775 1841 986 1917 canentium
1012 1843 1111 1935 quod
1134 1842 1331 1916 cantabant
1356 1844 1533 1935 hosanna,
1550 1849 1588 1916 et

414 1963 526 2056 bene;
550 1982 636 2036 nam
664 1964 838 2056 hosanna,
857 1962 947 2037 idest
963 1962 1135 2055 salvifica,
1154 1962 1253 2056 quod
1279 1983 1425 2057 semper
1452 1964 1587 2036 clamat

412 2083 564 2159 ecclesia
583 2083 741 2158 militans
765 2104 832 2178 per
856 2103 986 2158 omnes
1006 2105 1091 2158 suas
1108 2084 1217 2178 acies,
1240 2083 1404 2158 videlicet
1429 2084 1584 2157 salutem

413 2204 598 2297 omnium3
620 2207 762 2296 quondo
776 2207 831 2297 sut
844 2196 875 2277 sl
886 2225 1013 2296 presso
1030 2208 1256 2299 aliorsum,
1282 2205 1368 2299 quia
1388 2204 1586 2279 veniebant

413 2330 541 2399 contra
559 2343 632 2416 me,
658 2328 718 2396 cbe
734 2326 756 2397 l’
765 2325 887 2397 obtetto
903 2344 1043 2416 comen,
1060 2324 1205 2419 scilicet,
1226 2325 1356 2421 ligura,
1374 2327 1433 2398 che
1445 2327 1470 2396 'l
1483 2345 1586 2397 senso

412 2447 585 2536 inquom,
602 2465 674 2516 non
696 2447 831 2536 perdea
855 2446 958 2517 alcun
981 2464 1046 2517 suo
1071 2452 1156 2535 atto,
1174 2445 1259 2538 quia
1288 2465 1359 2518 non
1385 2443 1586 2538 decipiebat

413 2564 546 2658 nisum,
568 2585 635 2657 per
659 2567 849 2653 domnelo,
875 2563 1009 2667 scilicet
1035 2565 1193 2660 longam.
1220 2565 1263 2638 Et
1289 2564 1346 2639 bic
1376 2572 1461 2640 nota
1488 2564 1586 2658 quod

414 2684 565 2779 quilibet
576 2704 753 2758 sensuum
768 2684 877 2758 habet
890 2685 1079 2779 proprium
1093 2684 1290 2779 obiectum,
1303 2684 1396 2760 sicut
1411 2686 1509 2759 visus
1522 2705 1586 2758 co-

413 2806 545 2899 lorem,
569 2804 717 2879 auditus
742 2824 886 2896 sonum,
912 2805 1087 2879 odoratus
1110 2803 1307 2896 odorabile,
1328 2812 1446 2880 metus
1468 2806 1586 2900 tangi-

414 2925 498 3020 bile,
515 2931 646 3022 gustus
670 2945 860 3019 saporem,
878 2931 916 2999 et
933 2925 1043 2998 habet
1059 2945 1269 3018 commune,
1288 2925 1381 3000 sicut
1407 2945 1586 3000 numerus

268 3113 271 3117 ,
414 3052 453 3120 et
473 3045 596 3161 ligura
625 3045 858 3141 cognoscitur
887 3065 954 3139 per
968 3037 1004 3136 (b
1037 3051 1189 3120 tactum.
1222 3046 1313 3120 Nota
1344 3046 1454 3121 etiam
1487 3045 1585 3138 q'uod

415 3169 514 3242 risus
539 3169 724 3241 humanus
745 3186 817 3238 non
836 3171 992 3259 potesta
1013 3167 1122 3262 longe
1138 3185 1362 3263 cognoscere
1387 3172 1425 3240 et
1448 3165 1586 3240 discer-

414 3309 505 3364 nere
517 3286 757 3381 quantitatem
770 3291 808 3359 et
821 3285 1034 3379 qualitatem
1046 3285 1190 3379 obiecti,
1205 3285 1297 3361 sicut
1310 3293 1409 3380 patet
1422 3286 1458 3359 in
1472 3285 1586 3376 stella,

413 3429 497 3504 quae
523 3408 667 3482 videtur
694 3406 796 3481 nohis
822 3407 975 3501 parvula
996 3406 1033 3479 in
1050 3407 1266 3500 quantitate,
1288 3427 1374 3482 cum
1399 3415 1522 3480 tamen
1541 3405 1586 3479 sit

293 3548 296 3552 ⁴
413 3528 530 3603 maior
556 3534 632 3602 tota
657 3533 776 3619 terra,
798 3525 847 3598 ita
874 3525 909 3598 in
935 3525 1091 3600 terrenis
1109 3525 1288 3621 videmus,
1307 3527 1405 3621 quod
1424 3526 1452 3600 si
1474 3527 1585 3599 homo

413 3649 458 3722 sit
482 3649 519 3720 in
544 3646 716 3722 altissima
736 3645 830 3719 turri
852 3646 996 3720 videtur
1014 3667 1125 3740 parva
1147 3647 1243 3740 avis3
1264 3647 1311 3721 ita
1339 3647 1374 3719 in
1401 3646 1586 3742 proposito

412 3771 479 3844 ista
504 3766 723 3844 candelabra
748 3773 855 3841 eraut
880 3766 918 3839 in
943 3786 984 3840 se
1009 3766 1183 3860 maxima,
1210 3773 1334 3841 tamen
1365 3767 1584 3843 videbantur

412 3910 525 3987 parva
552 3894 594 3961 ut
618 3888 781 3962 arbores.
795 3890 906 3960 —Dt
928 3907 1049 3979 sopra.
1082 3887 1148 3960 Hic
1177 3895 1284 3982 poeta
1314 3894 1460 3962 ostenso
1487 3888 1585 3980 quod

413 4031 502 4086 vere
527 4008 699 4105 cognovit
723 4009 954 4101 candelabra,
978 4007 1136 4082 ostendit
1166 4007 1264 4100 qnod
1296 4007 1466 4102 cognovit
1492 4029 1585 4102 qua-

413 4131 496 4206 liter
520 4131 568 4204 ab
593 4130 646 4205 eis
670 4129 890 4224 procedebat
914 4128 1040 4203 lumen
1065 4127 1165 4200 illud.
1187 4127 1289 4202 Unde
1314 4127 1416 4201 dicit:
1444 4131 1477 4200 ll
1500 4129 1587 4200 bello

413 4273 551 4342 croese,
577 4250 680 4345 idest,
701 4251 829 4344 pulcer
853 4256 1006 4323 ornatus
1032 4246 1350 4340 candelabrorum,
1371 4268 1486 4340 aquo
1507 4267 1586 4320 ma-

413 4379 477 4447 nat
501 4391 613 4445 omne
638 4371 820 4466 pulcrum,
841 4371 1114 4461 fiammeqploeu
1138 4369 1177 4440 dt
1199 4387 1323 4458 sopra,
1350 4365 1452 4458 idest,
1474 4387 1586 4461 super

413 4513 454 4567 se
477 4491 630 4567 ardebat
654 4497 692 4565 et
718 4488 908 4565 emittebat
932 4489 1100 4561 llammas
1124 4486 1297 4560 facientes
1329 4485 1430 4559 illum
1465 4487 1586 4581 splen-

412 4611 540 4686 dorem
568 4611 603 4683 in
630 4610 780 4685 modum
812 4608 916 4705 ignis.
950 4607 994 4679 Et
1022 4607 1185 4680 declarat
1217 4606 1351 4680 arnesii
1382 4606 1583 4681 claritatem

411 4730 659 4826 pernobilem
686 4728 998 4824 comparationem
1024 4727 1071 4800 de
1102 4747 1143 4802 se
1171 4727 1413 4820 manifestam,
1440 4726 1584 4801 dicens:

409 4848 471 4946 prii
493 4855 616 4926 cbthro
640 4855 748 4944 assai,
779 4849 867 4924 illud
892 4849 1092 4943 arnesium,
1119 4852 1180 4921 cbo
1206 4850 1290 4921 luno
1307 4869 1376 4940 per
1400 4869 1524 4920 sereno
1549 4850 1587 4920 dl

476 5114 505 5179 (¹)
521 5119 576 5176 11⁷,
594 5127 640 5178 per
657 5114 740 5164 risum
756 5119 783 5164 et
798 5117 907 5163 uotum.
