4575 6842
734 992 876 1048 caurus
899 994 1091 1050 nummus
1115 994 1285 1050 ocruvus.
1529 983 1595 1053 171

425 1137 542 1213 rabile
566 1137 817 1234 spectaculum
843 1143 925 1214 erat
949 1138 1076 1214 ridere
1100 1140 1275 1215 latentem
1300 1161 1415 1235 parvo
1440 1142 1598 1239 navigio,

424 1277 538 1352 quem
563 1259 674 1353 paolo
689 1263 776 1332 ante
792 1257 855 1332 rix
870 1277 983 1333 omne
999 1279 1106 1334 mare
1122 1259 1289 1355 capiebat
1306 1267 1343 1335 et
1359 1262 1478 1336 omnis
1496 1270 1598 1338 terra

423 1379 625 1474 tremebam
652 1378 715 1454 sed
740 1378 804 1473 qui
830 1377 1023 1454 ridebatur
1048 1379 1194 1454 calcare
1219 1379 1337 1456 sidera
1363 1381 1464 1456 velut
1482 1383 1597 1479 lepus,

424 1491 578 1592 relutl¹l
612 1521 697 1572 mus
730 1498 895 1594 pavidus,
929 1499 1048 1574 rietus
1081 1499 1255 1574 vilissime
1287 1506 1387 1576 terra
1423 1508 1459 1577 et
1492 1505 1598 1601 mari,

424 1639 540 1715 parra
565 1621 698 1716 scapha
724 1619 803 1695 sine
828 1619 979 1694 minimo
1010 1639 1130 1715 servo,
1157 1621 1288 1696 redivit
1321 1622 1358 1695 in
1383 1621 1518 1719 Asiam,
1544 1625 1600 1699 di-

425 1760 551 1835 spersa
576 1739 811 1816 multitudine
835 1740 1009 1834 inaudita,
1026 1746 1138 1835 prout
1155 1740 1298 1815 dicetur
1317 1741 1460 1836 plenius
1486 1743 1599 1818 Para-

424 1859 491 1934 disi
516 1860 676 1956 capitulo
700 1859 798 1955 Vlll;
822 1881 896 1933 non
919 1865 1066 1952 soffcrse
1080 1855 1143 1953 ptri
1166 1862 1247 1933 odio
1272 1862 1321 1934 da
1347 1865 1510 1936 Leandro
1530 1885 1599 1956 per

424 1987 645 2075 nroreppior,
671 1982 773 2078 idest,
799 1983 980 2056 tluctuare
1005 1981 1160 2074 fortiter,
1179 1984 1276 2054 intro
1301 1986 1397 2056 Sesto
1422 1990 1456 2056 et
1469 1985 1594 2078 Antio,

422 2103 516 2178 duas
529 2101 800 2198 antiquissimas
812 2101 988 2196 civitates,
1001 2101 1048 2176 de
1061 2101 1196 2195 quibus
1210 2101 1249 2174 tit
1267 2101 1440 2196 frequens
1458 2104 1596 2178 mentio

421 2223 521 2318 apud
546 2242 677 2298 omnes
700 2228 862 2297 autores.
890 2220 995 2297 Unde
1023 2226 1061 2295 et
1090 2220 1214 2294 Livius
1244 2220 1357 2295 refert
1388 2222 1597 2298 miserabile

421 2343 563 2419 lacinus
581 2344 628 2418 de
644 2342 829 2440 abydenis,
843 2341 907 2437 qui
925 2361 973 2416 ex
989 2340 1244 2436 desperatione
1261 2361 1328 2437 pro
1346 2341 1513 2418 libertate
1530 2364 1598 2417 sua

424 2463 703 2539 trucidaverunt
727 2481 769 2537 se
793 2461 962 2554 invicem,
988 2481 1036 2535 ne
1061 2461 1229 2534 venirent
1244 2452 1280 2552 (¹)
1301 2461 1338 2535 in
1361 2483 1492 2536 manus
1512 2463 1599 2537 Plri-

423 2582 507 2678 lippi
532 2582 631 2678 regis
656 2579 914 2673 macedonum,
935 2579 998 2674 qui
1019 2580 1157 2653 bellurn
1179 2578 1333 2675 gerebat
1358 2601 1445 2656 cum
1472 2602 1598 2658 roma-

422 2703 502 2798 nis3
527 2704 588 2776 cte
611 2705 702 2795 puel,
727 2700 874 2794 scilicet,
901 2700 1040 2774 flumen
1064 2700 1266 2793 Lethaeum,
1297 2703 1346 2774 do
1371 2722 1437 2794 ure,
1463 2701 1598 2776 substi-

422 2824 505 2898 nuit
529 2822 666 2917 odium,
680 2817 810 2914 percle
831 2823 926 2894 ultor
948 2841 1023 2894 non
1045 2822 1224 2913 superse,
1249 2819 1296 2894 ad
1321 2820 1479 2895 dandam
1505 2821 1594 2895 mihi

422 2943 533 3018 riam.
559 2943 603 3016 Et
628 2942 687 3016 hio
712 2947 799 3015 nota
824 2960 938 3035 quam
962 2939 1059 3015 bene
1083 2939 1309 3035 comparatio
1331 2940 1413 3015 lacit
1439 2941 1485 3016 ad
1510 2961 1598 3038 pro-

422 3063 594 3162 positum,
620 3062 651 3137 si
675 3061 883 3136 consideres
907 3060 1070 3157 singulas
1095 3066 1217 3155 partes
1242 3061 1322 3136 eius
1346 3062 1594 3157 comparando

421 3184 630 3260 leandrum
657 3181 777 3276 Danti,
796 3183 894 3256 llero
911 3179 1081 3275 Mathildi,
1099 3180 1266 3254 strictum
1285 3201 1390 3256 mare
1407 3181 1493 3256 huic
1512 3182 1597 3255 stri-

421 3313 482 3382 cto
507 3302 660 3397 tlumini,
687 3321 857 3377 amorem
882 3300 1038 3375 Leandri
1063 3299 1110 3375 ad
1134 3299 1322 3376 dominam
1348 3321 1467 3396 suam,
1491 3323 1597 3376 arno-

423 3448 505 3501 rem
523 3423 647 3498 Dantis
671 3422 719 3496 ad
744 3421 931 3497 dominam
953 3420 1072 3513 istam,
1089 3419 1217 3494 odium
1237 3422 1391 3497 Leandri
1413 3423 1458 3496 ad
1480 3442 1596 3518 mare,

422 3547 549 3622 odium
562 3543 686 3618 Daulis
698 3543 745 3616 ad
758 3543 915 3634 llumeu3
932 3541 996 3616 sed
1013 3541 1148 3616 Dantes
1165 3542 1233 3615 tuit
1249 3542 1464 3637 prudentior
1477 3547 1594 3619 Lean·

420 3667 500 3762 dro,
528 3665 615 3760 quia
646 3684 721 3738 non
745 3662 875 3737 deiecit
901 3681 942 3736 se
965 3661 1012 3735 ad
1037 3682 1176 3755 aquam
1206 3662 1301 3736 sicut
1327 3663 1398 3758 ille,
1425 3663 1500 3738 imo
1530 3685 1598 3740 ex·

421 3785 581 3881 pectavit
607 3803 802 3878 usquequo
826 3780 1003 3856 llatlrildis
1028 3781 1192 3855 traheret
1222 3801 1310 3856 eum
1336 3782 1382 3857 ad
1407 3783 1516 3858 aliurn
1545 3783 1597 3859 ri-

422 3925 520 4000 pam.
534 3944 584 3960 —
603 3907 674 3977 Vot.
700 3903 766 3977 llic
791 3907 898 3997 poeta
922 3899 1023 3997 ponit
1039 3899 1244 3974 orationem
1271 3901 1446 3976 llathildis
1471 3903 1518 3976 ad
1544 3925 1595 3998 se,

422 4046 509 4120 quae
533 4024 694 4100 excludit
718 4021 999 4098 admirationem
1028 4018 1076 4094 ab
1104 4019 1230 4093 auimo
1260 4025 1453 4116 poetarum
1480 4044 1592 4116 quarn

422 4146 642 4221 videbantur
667 4142 893 4219 contraxisse
917 4161 963 4216 er
982 4139 1062 4214 eius
1080 4139 1169 4233 risu,
1188 4145 1298 4213 cantu
1324 4146 1361 4214 et
1385 4140 1531 4236 gaudio.
1549 4143 1593 4216 Et

422 4265 570 4340 ridetur
595 4261 856 4339 sententialiter
871 4251 908 4354 (ἢ
935 4259 1078 4335 dicere:
1104 4280 1178 4335 uon
1203 4258 1342 4334 debetis
1367 4259 1413 4335 de
1438 4261 1508 4334 hoc
1525 4261 1596 4334 mi-

422 4386 510 4481 rari,
536 4385 623 4480 quia
649 4404 733 4459 mea
758 4381 951 4458 delectatio
976 4402 1049 4457 non
1074 4378 1239 4477 procedit
1267 4400 1291 4453 a
1317 4379 1478 4454 vanitate
1502 4381 1597 4457 sicut

422 4503 460 4578 iu
485 4503 702 4580 mulieribus
726 4501 935 4577 viventibus
951 4500 1127 4575 amoratis
1142 4499 1181 4572 in
1199 4498 1339 4573 mundo
1357 4499 1512 4594 mortali,
1531 4499 1595 4575 sed

421 4622 470 4698 ab
493 4624 701 4717 honestate,
728 4623 845 4698 virtus
871 4619 969 4695 enim
994 4641 1069 4694 non
1094 4621 1214 4694 solum
1241 4624 1297 4694 est
1321 4619 1461 4694 bonum
1480 4621 1598 4695 hone·

422 4749 534 4836 stum,
559 4743 623 4817 sed
648 4743 759 4818 etiam
786 4740 876 4816 utile
901 4745 939 4814 et
962 4738 1175 4815 delectabile
1200 4739 1359 4814 habenti.
1387 4739 1480 4814 uicit
1503 4761 1595 4836 ergo

422 4870 550 4961 poeta:
577 4865 669 4954 Ello,
694 4862 841 4955 scilicet,
861 4859 1009 4937 domina
1033 4866 1111 4934 tam
1136 4861 1230 4954 laeta,
1249 4852 1429 4953 oondnotd,
1447 4860 1594 4954 scilicet,

486 5049 514 5112 (¹)
531 5053 587 5108 117,
602 5048 644 5098 rel
660 5061 720 5098 mus
736 5049 851 5112 pavidus.
975 5046 1002 5110 (Ἴ
1019 5047 1049 5096 E.
1065 5059 1098 5096 ue
1114 5046 1232 5097 venirent
1249 5047 1297 5096 sub
1313 5045 1431 5110 Philippo
1447 5058 1517 5110 rege.

484 5126 514 5191 (⁸)
530 5127 556 5177 s„
572 5139 588 5177 a
605 5129 659 5187 117,
676 5123 865 5176 unumunurm
880 5123 949 5176 uelle
964 5123 1058 5175 dicere.
