4575 6842
675 982 744 1048 158
1035 993 1239 1048 couuuruu
1264 993 1482 1049 ruuelrorur

670 1137 754 1211 stris
778 1138 838 1212 vel
863 1138 1006 1233 sterilis,
1033 1137 1108 1213 imo
1132 1157 1282 1212 amoeua
1299 1143 1336 1214 et
1354 1136 1490 1213 lertllis.
1509 1136 1611 1212 Unde
1636 1137 1740 1212 dicit:
1767 1140 1845 1212 cedi

670 1260 693 1331 ἴ
705 1259 849 1349 ercetm,
879 1263 894 1333 i
919 1262 1004 1353 ficri
1040 1280 1060 1332 c
1095 1262 1146 1351 qli
1182 1259 1388 1352 ardcscclli3
1425 1264 1464 1333 et
1500 1258 1612 1333 debes
1649 1258 1843 1356 imaginari

671 1379 770 1472 quod
795 1379 966 1478 Virgilius
990 1380 1205 1455 ostendebat
1222 1386 1361 1456 terram
1379 1378 1502 1475 digito,
1521 1381 1580 1452 cle
1597 1382 1711 1472 quella
1729 1387 1840 1474 tara,

670 1497 773 1594 idest,
799 1501 989 1594 paradisus
1014 1499 1209 1594 terrestris,
1235 1503 1291 1573 sol
1313 1501 1362 1572 du
1389 1519 1427 1572 sc
1450 1502 1621 1592 produce,
1655 1501 1733 1575 sine
1763 1502 1843 1576 cul-

670 1625 755 1695 tura
782 1621 958 1717 huminis;
984 1621 1078 1716 ideo,
1102 1623 1205 1694 seder
1230 1622 1373 1712 tipum,
1403 1619 1439 1692 iu
1465 1619 1591 1712 herba,
1618 1625 1655 1694 et
1684 1619 1843 1696 sedendo

671 1745 880 1836 expectare,
905 1749 1037 1814 mentre
1061 1743 1120 1814 cde
1145 1761 1283 1831 ceynau
1308 1742 1378 1813 lictl
1400 1741 1451 1831 qd·
1470 1741 1565 1813 cccli
1589 1739 1679 1832 belli,
1696 1740 1843 1836 scilicet,

671 1860 857 1955 Beatricis,
883 1882 950 1957 pro
975 1861 1108 1956 quihus
1140 1859 1302 1936 ridendis
1330 1880 1444 1934 ausus
1476 1879 1516 1934 es
1543 1860 1682 1936 intrare
1707 1861 1843 1958 ignem,

671 1999 783 2075 quem
811 1986 953 2056 tantum
981 1982 1177 2075 tremebas,
1202 1984 1263 2054 cle
1292 1983 1517 2072 lacrimando
1551 2001 1575 2053 a
1605 1987 1636 2054 tc
1665 1985 1764 2055 venir
1796 1987 1847 2056 mi

667 2106 788 2196 scano,
818 2103 904 2196 quia
931 2102 1078 2177 Beatrix
1111 2102 1227 2177 morit
1255 2121 1342 2176 curn
1373 2100 1544 2198 lacrymis
1576 2101 1766 2198 Virgilium
1797 2103 1844 2178 ad

647 2223 964 2333 ,succurrendum
991 2224 1110 2318 Danti,
1134 2230 1178 2296 ut
1203 2224 1310 2319 plene
1333 2223 1450 2319 patuit
1466 2222 1496 2295 ll
1514 2223 1672 2318 capitulo
1696 2224 1844 2320 luterni,

669 2348 708 2416 et
730 2342 832 2417 dicit:
859 2347 995 2437 epact,
1022 2343 1125 2438 idest,
1142 2350 1181 2418 et
1205 2349 1286 2439 pest
1310 2343 1509 2418 adventum
1528 2343 1702 2418 Beatricis
1730 2350 1845 2440 potes,

669 2466 790 2537 madar
814 2471 873 2538 tra
898 2467 967 2559 elli,
993 2465 1087 2540 iuter
1112 2465 1221 2539 llores
1247 2469 1284 2540 et
1308 2463 1471 2539 arbores.
1492 2465 1537 2537 ut
1552 2464 1752 2539 concludit:
1772 2486 1844 2538 non

670 2592 825 2677 mpetmr
847 2581 909 2678 pid
933 2588 1004 2659 mio
1027 2588 1086 2658 dir
1109 2581 1157 2659 md
1179 2587 1249 2658 mio
1282 2605 1404 2676 ccmm,
1430 2583 1517 2678 quia
1548 2603 1621 2658 uon
1653 2590 1708 2658 est
1739 2605 1844 2680 opus,

671 2703 769 2799 quia,
796 2712 854 2778 luc
878 2706 985 2778 libero
1010 2707 1160 2778 arbitrio
1190 2699 1212 2778 c'
1238 2707 1358 2796 dmdc,
1386 2703 1626 2778 rectificatum
1654 2704 1845 2800 am0d0,c

670 2844 775 2914 sanc,
800 2829 925 2919 asora
947 2828 1051 2920 sallo,
1075 2825 1180 2919 idest,
1206 2823 1301 2900 loret
1326 2824 1466 2918 lallum,
1492 2829 1530 2898 et
1554 2823 1661 2898 nimis
1687 2845 1844 2921 maguus

671 2965 789 3040 error,
814 2967 887 3019 ccc
908 2950 992 3040 sare
1016 2967 1041 3019 α
1064 2968 1129 3020 suo
1154 2967 1276 3038 senae,
1297 2944 1399 3039 idest,
1420 2945 1468 3019 ad
1493 2945 1720 3021 voluntatem
1747 2945 1846 3019 arbi-

671 3066 730 3140 trii
756 3065 845 3140 sani.
872 3067 917 3139 Et
942 3066 1089 3160 reliquit
1111 3085 1200 3140 eum
1218 3067 1255 3140 iu
1273 3065 1442 3140 manibus
1459 3065 1597 3140 consilii
1615 3065 1684 3159 sui,
1702 3065 1844 3140 dicens:

668 3188 833 3278 percd'io
859 3193 890 3260 tc
913 3205 1024 3280 sopra
1050 3193 1081 3260 tc
1104 3207 1238 3260 corono
1267 3207 1286 3259 c
1316 3189 1446 3279 miae,
1475 3185 1578 3280 quasi
1611 3185 1726 3261 dicat:
1752 3185 1846 3261 lacis

672 3312 708 3381 te
734 3327 846 3401 super
873 3313 909 3379 te
934 3327 1061 3404 regem
1087 3313 1126 3382 et
1150 3305 1352 3381 dominum.
