4575 6842
729 965 800 1033 252
1090 974 1295 1030 connubunt
1320 974 1541 1030 nununnonn

729 1120 869 1220 poetice
894 1119 1110 1195 describitur
1136 1119 1173 1193 in
1199 1119 1267 1194 isto
1293 1119 1398 1214 libro,
1425 1119 1611 1211 quianon
1637 1138 1798 1213 possum.
1825 1118 1896 1191 Per

729 1243 798 1317 boc
823 1247 925 1315 notat
949 1249 1056 1337 poeta
1082 1240 1181 1335 qnod
1213 1241 1280 1315 iste
1311 1246 1439 1314 cantus
1473 1238 1541 1312 luit
1573 1237 1900 1314 excellentissimus

730 1383 841 1457 quem
869 1383 942 1436 non
967 1362 1083 1457 potuit
1110 1360 1322 1459 intelligere,
1349 1360 1436 1454 quia
1468 1360 1689 1434 immensum
1721 1360 1898 1457 gaudium

730 1490 767 1557 et
792 1483 924 1557 testum
942 1482 990 1556 ibi
1009 1481 1117 1556 tiebat
1134 1502 1202 1577 pro
1220 1480 1457 1555 renovatione
1477 1480 1629 1574 plantae3
1648 1500 1732 1553 nam
1756 1479 1784 1552 si
1803 1499 1901 1575 saepe

730 1603 906 1701 gaudium
934 1603 1069 1677 iactum
1096 1609 1152 1677 est
1176 1622 1243 1698 pro
1267 1600 1486 1697 purgatione
1508 1600 1618 1673 unius
1643 1600 1755 1678 solius
1780 1600 1898 1673 bomi-

731 1724 796 1817 niS,
810 1723 958 1817 scilicet,
971 1722 1105 1815 Dentis,
1120 1728 1258 1815 quanto
1274 1719 1389 1817 magis
1408 1740 1506 1793 nunc
1521 1740 1589 1814 pro
1611 1718 1812 1793 salvatione
1829 1720 1900 1792 bn-

730 1843 828 1918 mani
853 1842 1009 1941 generis.
1036 1841 1138 1915 Unde
1157 1840 1261 1915 dicit:
1278 1837 1325 1913 od
1341 1844 1378 1913 lu
1394 1849 1478 1914 notu
1493 1843 1633 1931 soffersi
1648 1848 1735 1913 tutto
1751 1845 1896 1934 quanta,

656 1992 658 1997 ·
730 1966 816 2060 quia
842 1962 976 2038 scilicet
1002 1982 1153 2037 somnus
1176 1961 1294 2057 rapuit
1314 1981 1374 2034 me
1391 1982 1438 2035 en
1457 1960 1568 2033 nimia
1585 1959 1787 2054 dulcedine,
1805 1959 1899 2035 sicut

729 2085 879 2180 contigit
903 2083 1012 2179 Argo.
1031 2082 1133 2156 Unde
1151 2081 1271 2155 subdit
1289 2081 1387 2175 quod
1406 2080 1436 2154 si
1455 2087 1574 2177 posset
1594 2080 1802 2155 describere
1819 2100 1900 2154 mo-

728 2205 817 2281 dum
844 2202 1119 2278 obdormitionis
1140 2204 1209 2276 boc
1228 2202 1364 2303 laceret
1381 2201 1551 2296 exemplo
1568 2200 1667 2297 Argi,
1686 2200 1783 2294 quod
1803 2201 1900 2276 mul-

729 2332 808 2400 tum
835 2324 918 2400 lacit
939 2323 984 2399 ad
1001 2324 1240 2419 propositum.
1259 2321 1394 2396 Ordine
1414 2321 1466 2395 sic
1483 2321 1626 2395 literam
1645 2327 1683 2394 et
1704 2328 1898 2397 construe:

728 2450 763 2521 io
788 2448 991 2539 disepoerci,
1030 2443 1132 2539 idest,
1164 2443 1410 2518 describerem
1434 2440 1587 2535 poetice,
1616 2443 1747 2512 conr'io
1777 2444 1900 2515 m'ad-

733 2568 940 2657 dormantor',
965 2564 1011 2639 ad
1037 2572 1199 2658 cantum,
1227 2583 1323 2635 come
1342 2565 1465 2655 pietur
1489 2564 1548 2633 cic
1566 2563 1679 2653 pinpo
1699 2581 1766 2632 coo
1790 2581 1900 2634 mem-

726 2691 802 2781 pto,
828 2693 864 2760 et
889 2692 944 2759 est
969 2685 1105 2779 optima
1122 2683 1319 2757 similitudo
1336 2681 1382 2756 de
1399 2681 1537 2776 pictore
1562 2680 1606 2754 ad
1631 2687 1789 2777 poetam,
1807 2700 1900 2773 quo-

732 2829 815 2880 rum
843 2812 1001 2899 uterque
1032 2803 1183 2877 intendit
1208 2808 1483 2897 representare,
1513 2804 1542 2873 ε’
1555 2804 1588 2873 io
1614 2804 1743 2894 polesot
1766 2803 1894 2893 ritror,

731 2926 832 3019 idest,
859 2930 1134 3019 repraesentare,
1161 2944 1256 2995 come
1279 2925 1331 3013 qli
1353 2924 1449 2994 occdi
1472 2923 1619 3015 epieteti,
1642 2920 1788 3013 scilicet,
1810 2918 1898 3015 Argi

731 3046 795 3140 qui
819 3046 930 3140 impie
956 3044 1134 3118 tractabat
1158 3045 1197 3117 lo
1222 3042 1457 3117 commissam
1481 3062 1559 3115 snae
1575 3033 1611 3133 (⁴)
1637 3039 1822 3135 custodiae,
1845 3047 1900 3117 te-

732 3186 821 3240 nens
846 3186 928 3239 eam
962 3163 1031 3237 sub
1060 3170 1161 3236 arcta
1194 3162 1369 3255 custodia,
1395 3182 1608 3255 ossonooro,
1636 3160 1738 3255 idest,
1772 3160 1899 3257 repleti

731 3291 817 3359 sunt
841 3304 983 3377 somno,
1007 3285 1144 3355 edendo
1169 3284 1207 3355 dt
1230 3285 1387 3375 Sinope,
1407 3282 1594 3374 sciliceta
1620 3280 1800 3355 Mercurio
1818 3280 1901 3376 pul-

730 3412 832 3479 sante
858 3404 1017 3477 fistulam
1038 3410 1075 3477 et
1092 3407 1267 3477 narrante
1285 3401 1469 3496 quomodo
1487 3400 1606 3475 fistula
1624 3401 1683 3475 illa
1702 3402 1796 3474 lacta
1817 3401 1899 3477 lue·

732 3531 788 3599 rat
818 3523 863 3598 de
893 3522 1035 3619 Siringa
1065 3522 1208 3619 virgine
1238 3542 1323 3615 quae
1356 3527 1498 3595 mutata
1524 3526 1579 3595 est
1611 3521 1647 3594 in
1682 3521 1897 3614 cannulam3

732 3650 769 3719 et
785 3643 935 3739 repetit:
952 3646 1003 3733 qli
1017 3645 1124 3735 occdi,
1145 3641 1237 3736 dico,
1255 3663 1279 3714 o
1299 3645 1355 3715 cui
1364 3663 1438 3733 pur
1456 3644 1624 3733 oequtur
1641 3632 1733 3714 costd
1750 3632 1781 3713 si
1797 3660 1899 3731 coro,

732 3763 817 3860 quia
844 3764 963 3861 Argus
988 3784 1034 3837 ex
1061 3764 1130 3836 boc
1156 3761 1310 3855 perdidit
1328 3762 1447 3837 lucem
1467 3762 1550 3837 ritae
1569 3768 1748 3835 mactatus
1765 3782 1787 3835 a
1805 3762 1900 3835 bler-

685 3875 689 3883 ’
732 3884 847 3959 curio.
874 3884 919 3957 Et
943 3882 1069 3957 volunt
1094 3882 1206 3975 aliqui
1232 3880 1331 3976 quod
1356 3882 1557 3956 Mercurius
1577 3882 1622 3954 sit
1639 3882 1704 3973 sol,
1724 3888 1760 3955 et
1780 3880 1901 3977 Argus

733 4005 880 4098 ooelum,
906 4002 1012 4077 cuius
1036 4002 1160 4075 omnia
1185 4001 1326 4074 lumina
1359 4001 1412 4075 sol
1443 4000 1622 4096 extinguit
1656 3999 1795 4074 lumine
1819 4021 1899 4075 suo.

731 4127 774 4200 Et
798 4123 919 4198 subdit
943 4143 1123 4198 excusans
1154 4142 1195 4195 se
1229 4121 1327 4215 quod
1353 4143 1426 4195 non
1452 4128 1569 4218 potest
1593 4120 1755 4195 scribere
1770 4111 1805 4213 (²)
1833 4120 1900 4195 ob-

731 4244 986 4320 dormitionem
1014 4249 1052 4318 et
1077 4242 1205 4316 transit
1228 4240 1274 4315 ad
1296 4242 1577 4339 evigilationem.
1595 4242 1697 4316 Unde
1719 4242 1819 4315 dicit:
1841 4263 1901 4314 mo

731 4369 816 4459 qual
831 4367 913 4437 vuol
927 4367 995 4457 ric,
1014 4362 1115 4456 idest,
1142 4362 1370 4455 quicumque
1395 4367 1502 4456 poeta
1518 4350 1554 4454 (³)
1574 4381 1743 4457 magnus,
1760 4364 1820 4434 cte
1836 4362 1901 4435 ben

726 4489 827 4577 stupu
852 4487 875 4558 t
888 4504 1078 4575 ossonoar,
1105 4480 1209 4575 quasi
1235 4480 1349 4555 dicat:
1369 4482 1490 4554 nullus
1507 4487 1629 4577 posset
1644 4482 1739 4556 bene
1761 4480 1901 4579 tingere

730 4604 1052 4698 obdormitionem,
1066 4594 1156 4696 perd
1174 4610 1358 4676 trascorro
1375 4623 1400 4673 a
1416 4605 1558 4693 quoodo
1575 4605 1623 4674 mi
1642 4604 1808 4697 sceptici,
1825 4602 1901 4678 duo

728 4731 855 4798 autem
880 4724 1031 4799 luerunt
1056 4723 1252 4799 excitantia
1277 4722 1409 4819 ipsum,
1436 4723 1581 4817 scilicet,
1607 4723 1671 4796 lux
1699 4744 1845 4821 magna,
1864 4730 1901 4799 et

731 4865 823 4938 vox,
851 4845 946 4918 unde
971 4844 1074 4919 dicit:
1093 4866 1112 4917 e
1137 4847 1215 4917 dico
1231 4845 1339 4916 cd'un
1354 4845 1534 4935 splendor,
1553 4841 1699 4937 scilicet,
1722 4842 1898 4919 receden-

792 5031 819 5093 l¹l
837 5035 889 5088 ¹¹⁷·
906 5044 959 5080 suu
975 5044 1054 5081 cure·
1303 5032 1331 5093 (η
1348 5035 1402 5091 11⁷,
1420 5036 1504 5095 potest
1519 5031 1673 5081 describere.

793 5106 819 5169 (¹)
837 5109 889 5166 tlt,
906 5106 938 5155 sit
955 5112 1030 5169 pocla
1047 5120 1163 5172 magnus.
