<?xml version="1.0" encoding="UTF-8"?>
<!DOCTYPE html PUBLIC "-//W3C//DTD XHTML 1.0 Transitional//EN"
    "http://www.w3.org/TR/xhtml1/DTD/xhtml1-transitional.dtd">
<html xmlns="http://www.w3.org/1999/xhtml" xml:lang="en" lang="en">
 <head>
  <title>
</title>
<meta http-equiv="Content-Type" content="text/html;charset=utf-8" />
  <meta name='ocr-system' content='tesseract 3.04.00' />
  <meta name='ocr-capabilities' content='ocr_page ocr_carea ocr_par ocr_line ocrx_word'/>
</head>
<body>
  <div class='ocr_page' id='page_1' title='image "./comentumsuperda00unkngoog_0198.png"; bbox 0 0 4575 6842; ppageno 0'>
   <div class='ocr_carea' id='block_1_1' title="bbox 693 919 1500 986">
    <p class='ocr_par' dir='ltr' id='par_1_1' title="bbox 693 919 1500 986">
     <span class='ocr_line' id='line_1_1' title="bbox 693 919 1500 986; baseline -0.01 0"><span class='ocrx_word' id='word_1_1' title='bbox 693 919 762 986; x_wconf 74' lang='lat'><strong><em>182</em></strong></span> <span class='ocrx_word' id='word_1_2' title='bbox 1050 927 1254 983; x_wconf 81' lang='lat' dir='ltr'><strong><em>muunruu</em></strong></span> <span class='ocrx_word' id='word_1_3' title='bbox 1279 925 1500 984; x_wconf 83' lang='lat' dir='ltr'><strong><em>runoxronu</em></strong></span> 
     </span>
    </p>
   </div>
   <div class='ocr_carea' id='block_1_2' title="bbox 690 1350 1889 1994">
    <p class='ocr_par' dir='ltr' id='par_1_2' title="bbox 690 1350 1889 1994">
     <span class='ocr_line' id='line_1_2' title="bbox 690 1350 1867 1436; baseline 0.002 -16"><span class='ocrx_word' id='word_1_4' title='bbox 690 1350 856 1421; x_wconf 73' lang='lat' dir='ltr'><strong><em>obulus</em></strong></span> <span class='ocrx_word' id='word_1_5' title='bbox 884 1353 1117 1422; x_wconf 84' lang='lat' dir='ltr'>VIGESIMUS</span> <span class='ocrx_word' id='word_1_6' title='bbox 1151 1353 1304 1432; x_wconf 86' lang='lat' dir='ltr'>NONUS,</span> <span class='ocrx_word' id='word_1_7' title='bbox 1328 1354 1364 1419; x_wconf 86' lang='lat' dir='ltr'><strong><em>in</em></strong></span> <span class='ocrx_word' id='word_1_8' title='bbox 1397 1373 1456 1436; x_wconf 85' lang='lat' dir='ltr'><strong><em>qno</em></strong></span> <span class='ocrx_word' id='word_1_9' title='bbox 1485 1358 1603 1418; x_wconf 85' lang='lat' dir='ltr'><strong><em>tractat</em></strong></span> <span class='ocrx_word' id='word_1_10' title='bbox 1633 1354 1714 1419; x_wconf 75' lang='lat' dir='ltr'><strong><em>sinet</em></strong></span> <span class='ocrx_word' id='word_1_11' title='bbox 1743 1361 1867 1422; x_wconf 80' lang='lat' dir='ltr'><strong><em>secutus</em></strong></span> 
     </span>
     <span class='ocr_line' id='line_1_3' title="bbox 768 1465 1889 1548; baseline 0.002 -16"><span class='ocrx_word' id='word_1_12' title='bbox 768 1471 816 1532; x_wconf 79' lang='lat' dir='ltr'><strong><em>eet</em></strong></span> <span class='ocrx_word' id='word_1_13' title='bbox 836 1465 996 1532; x_wconf 80' lang='lat' dir='ltr'><strong><em>dominam</em></strong></span> <span class='ocrx_word' id='word_1_14' title='bbox 1011 1467 1111 1548; x_wconf 76' lang='lat' dir='ltr'><strong><em>jueta</em></strong></span> <span class='ocrx_word' id='word_1_15' title='bbox 1137 1465 1213 1530; x_wconf 80' lang='lat' dir='ltr'><strong><em>titus</em></strong></span> <span class='ocrx_word' id='word_1_16' title='bbox 1238 1465 1390 1544; x_wconf 70' lang='lat' dir='ltr'><strong><em>fluminis,</em></strong></span> <span class='ocrx_word' id='word_1_17' title='bbox 1415 1469 1445 1530; x_wconf 91' lang='lat' dir='ltr'><strong><em>et</em></strong></span> <span class='ocrx_word' id='word_1_18' title='bbox 1471 1465 1553 1529; x_wconf 75' lang='lat' dir='ltr'><strong><em>siccet</em></strong></span> <span class='ocrx_word' id='word_1_19' title='bbox 1580 1465 1682 1530; x_wconf 82' lang='lat' dir='ltr'><strong><em>subito</em></strong></span> <span class='ocrx_word' id='word_1_20' title='bbox 1713 1469 1889 1548; x_wconf 78' lang='lat' dir='ltr'><strong><em>oppemit&#39;</em></strong></span> 
     </span>
     <span class='ocr_line' id='line_1_4' title="bbox 767 1575 1866 1662; baseline 0.003 -20"><span class='ocrx_word' id='word_1_21' title='bbox 767 1576 872 1642; x_wconf 79' lang='lat' dir='ltr'><strong><em>lumen</em></strong></span> <span class='ocrx_word' id='word_1_22' title='bbox 893 1583 930 1642; x_wconf 84' lang='lat' dir='ltr'><strong><em>nt</em></strong></span> <span class='ocrx_word' id='word_1_23' title='bbox 949 1577 1077 1656; x_wconf 82' lang='lat' dir='ltr'><strong><em>ltnmen,</em></strong></span> <span class='ocrx_word' id='word_1_24' title='bbox 1100 1582 1131 1642; x_wconf 87' lang='lat' dir='ltr'><strong><em>et</em></strong></span> <span class='ocrx_word' id='word_1_25' title='bbox 1152 1576 1191 1642; x_wconf 83' lang='lat' dir='ltr'><strong><em>de</em></strong></span> <span class='ocrx_word' id='word_1_26' title='bbox 1211 1581 1328 1656; x_wconf 84' lang='lat' dir='ltr'><strong><em>septem</em></strong></span> <span class='ocrx_word' id='word_1_27' title='bbox 1343 1575 1510 1641; x_wconf 82' lang='lat' dir='ltr'><strong><em>ardoribus</em></strong></span> <span class='ocrx_word' id='word_1_28' title='bbox 1532 1577 1614 1654; x_wconf 67' lang='lat' dir='ltr'><strong><em>anm,</em></strong></span> <span class='ocrx_word' id='word_1_29' title='bbox 1638 1581 1668 1641; x_wconf 91' lang='lat' dir='ltr'><strong><em>et</em></strong></span> <span class='ocrx_word' id='word_1_30' title='bbox 1690 1577 1728 1642; x_wconf 82' lang='lat' dir='ltr'><strong><em>tie</em></strong></span> <span class='ocrx_word' id='word_1_31' title='bbox 1750 1579 1866 1662; x_wconf 79' lang='lat' dir='ltr'><strong><em>vipinti</em></strong></span> 
     </span>
     <span class='ocr_line' id='line_1_5' title="bbox 767 1686 1864 1771; baseline 0.002 -18"><span class='ocrx_word' id='word_1_32' title='bbox 767 1693 903 1771; x_wconf 80' lang='lat' dir='ltr'><strong><em>quatuor</em></strong></span> <span class='ocrx_word' id='word_1_33' title='bbox 923 1688 1100 1753; x_wconf 75' lang='lat' dir='ltr'><strong><em>senioribnm</em></strong></span> <span class='ocrx_word' id='word_1_34' title='bbox 1121 1687 1280 1753; x_wconf 60' lang='lat' dir='ltr'><strong><em>monam</em></strong></span> <span class='ocrx_word' id='word_1_35' title='bbox 1301 1686 1445 1767; x_wconf 66' lang='lat' dir='ltr'><strong><em>floiibm</em></strong></span> <span class='ocrx_word' id='word_1_36' title='bbox 1469 1693 1498 1754; x_wconf 85' lang='lat' dir='ltr'><strong><em>et</em></strong></span> <span class='ocrx_word' id='word_1_37' title='bbox 1520 1688 1559 1754; x_wconf 82' lang='lat' dir='ltr'><strong><em>de</em></strong></span> <span class='ocrx_word' id='word_1_38' title='bbox 1581 1693 1716 1770; x_wconf 85' lang='lat' dir='ltr'><strong><em>qnntnor</em></strong></span> <span class='ocrx_word' id='word_1_39' title='bbox 1739 1691 1864 1756; x_wconf 85' lang='lat' dir='ltr'><strong><em>animn-</em></strong></span> 
     </span>
     <span class='ocr_line' id='line_1_6' title="bbox 767 1797 1866 1882; baseline 0.004 -18"><span class='ocrx_word' id='word_1_40' title='bbox 767 1799 851 1865; x_wconf 78' lang='lat' dir='ltr'><strong><em>ttbns</em></strong></span> <span class='ocrx_word' id='word_1_41' title='bbox 871 1801 1037 1876; x_wconf 82' lang='lat' dir='ltr'><strong><em>coronatis,</em></strong></span> <span class='ocrx_word' id='word_1_42' title='bbox 1061 1803 1091 1863; x_wconf 87' lang='lat' dir='ltr'><strong><em>et</em></strong></span> <span class='ocrx_word' id='word_1_43' title='bbox 1111 1799 1151 1864; x_wconf 84' lang='lat' dir='ltr'><strong><em>de</em></strong></span> <span class='ocrx_word' id='word_1_44' title='bbox 1173 1819 1264 1864; x_wconf 83' lang='lat' dir='ltr'><strong><em>curro</em></strong></span> <span class='ocrx_word' id='word_1_45' title='bbox 1284 1803 1314 1862; x_wconf 89' lang='lat' dir='ltr'><strong><em>et</em></strong></span> <span class='ocrx_word' id='word_1_46' title='bbox 1326 1797 1489 1882; x_wconf 75' lang='lat' dir='ltr'><strong><em>prypbone</em></strong></span> <span class='ocrx_word' id='word_1_47' title='bbox 1506 1798 1650 1864; x_wconf 77' lang='lat' dir='ltr'><strong><em>trahente</em></strong></span> <span class='ocrx_word' id='word_1_48' title='bbox 1665 1821 1748 1880; x_wconf 82' lang='lat' dir='ltr'><strong><em>enne;</em></strong></span> <span class='ocrx_word' id='word_1_49' title='bbox 1772 1805 1803 1866; x_wconf 85' lang='lat' dir='ltr'><strong><em>et</em></strong></span> <span class='ocrx_word' id='word_1_50' title='bbox 1826 1803 1866 1869; x_wconf 84' lang='lat' dir='ltr'><strong><em>de</em></strong></span> 
     </span>
     <span class='ocr_line' id='line_1_7' title="bbox 768 1909 1381 1994; baseline 0 -18"><span class='ocrx_word' id='word_1_51' title='bbox 768 1911 911 1976; x_wconf 77' lang='lat' dir='ltr'><strong><em>omnibns</em></strong></span> <span class='ocrx_word' id='word_1_52' title='bbox 932 1909 1217 1994; x_wconf 76' lang='lat' dir='ltr'><strong><em>siqnificetionebns</em></strong></span> <span class='ocrx_word' id='word_1_53' title='bbox 1238 1910 1381 1976; x_wconf 83' lang='lat' dir='ltr'><strong><em>istorum.</em></strong></span> 
     </span>
    </p>
   </div>
   <div class='ocr_carea' id='block_1_3' title="bbox 620 2168 1867 3443">
    <p class='ocr_par' dir='ltr' id='par_1_3' title="bbox 620 2168 1867 3443">
     <span class='ocr_line' id='line_1_8' title="bbox 620 2168 1864 2358; baseline 0.002 -22"><span class='ocrx_word' id='word_1_54' title='bbox 620 2347 631 2354; x_wconf 78' lang='lat'>.</span> <span class='ocrx_word' id='word_1_55' title='bbox 770 2168 1015 2336; x_wconf 74' lang='lat' dir='ltr'><strong><em>anrxnno</em></strong></span> <span class='ocrx_word' id='word_1_56' title='bbox 1043 2284 1139 2337; x_wconf 87' lang='lat' dir='ltr'><strong><em>come</em></strong></span> <span class='ocrx_word' id='word_1_57' title='bbox 1170 2265 1291 2336; x_wconf 83' lang='lat' dir='ltr'><strong><em>donno</em></strong></span> <span class='ocrx_word' id='word_1_58' title='bbox 1322 2265 1559 2336; x_wconf 72' lang='lat' dir='ltr'><strong><em>innumerata.</em></strong></span> <span class='ocrx_word' id='word_1_59' title='bbox 1595 2263 1794 2358; x_wconf 86' lang='lat' dir='ltr'><strong><em>Postquam</em></strong></span> <span class='ocrx_word' id='word_1_60' title='bbox 1827 2265 1864 2338; x_wconf 91' lang='lat' dir='ltr'><strong><em>in</em></strong></span> 
     </span>
     <span class='ocr_line' id='line_1_9' title="bbox 689 2382 1865 2480; baseline 0.001 -22"><span class='ocrx_word' id='word_1_61' title='bbox 689 2385 859 2479; x_wconf 91' lang='lat' dir='ltr'><strong><em>proximo</em></strong></span> <span class='ocrx_word' id='word_1_62' title='bbox 885 2384 1102 2480; x_wconf 87' lang='lat' dir='ltr'><strong><em>praecedeuti</em></strong></span> <span class='ocrx_word' id='word_1_63' title='bbox 1120 2382 1280 2478; x_wconf 86' lang='lat' dir='ltr'><strong><em>capitulo</em></strong></span> <span class='ocrx_word' id='word_1_64' title='bbox 1298 2389 1405 2477; x_wconf 88' lang='lat' dir='ltr'><strong><em>poeta</em></strong></span> <span class='ocrx_word' id='word_1_65' title='bbox 1423 2388 1547 2457; x_wconf 87' lang='lat' dir='ltr'><strong><em>noster</em></strong></span> <span class='ocrx_word' id='word_1_66' title='bbox 1568 2382 1756 2478; x_wconf 75' lang='lat' dir='ltr'><strong>descripsit</strong></span> <span class='ocrx_word' id='word_1_67' title='bbox 1776 2385 1865 2459; x_wconf 91' lang='lat' dir='ltr'><strong><em>bor-</em></strong></span> 
     </span>
     <span class='ocr_line' id='line_1_10' title="bbox 690 2500 1864 2599; baseline 0 -21"><span class='ocrx_word' id='word_1_68' title='bbox 690 2511 771 2578; x_wconf 85' lang='lat' dir='ltr'><strong><em>tum</em></strong></span> <span class='ocrx_word' id='word_1_69' title='bbox 792 2500 1084 2579; x_wconf 86' lang='lat' dir='ltr'><strong><em>amoeuissimum</em></strong></span> <span class='ocrx_word' id='word_1_70' title='bbox 1101 2503 1317 2579; x_wconf 88' lang='lat' dir='ltr'><strong><em>deliciarum</em></strong></span> <span class='ocrx_word' id='word_1_71' title='bbox 1345 2503 1467 2597; x_wconf 88' lang='lat' dir='ltr'><strong><em>quoad</em></strong></span> <span class='ocrx_word' id='word_1_72' title='bbox 1493 2522 1621 2578; x_wconf 91' lang='lat' dir='ltr'><strong><em>omnes</em></strong></span> <span class='ocrx_word' id='word_1_73' title='bbox 1647 2504 1704 2578; x_wconf 93' lang='lat' dir='ltr'><strong><em>sui</em></strong></span> <span class='ocrx_word' id='word_1_74' title='bbox 1729 2511 1864 2599; x_wconf 87' lang='lat' dir='ltr'><strong><em>partes,</em></strong></span> 
     </span>
     <span class='ocr_line' id='line_1_11' title="bbox 690 2622 1863 2719; baseline 0.002 -21"><span class='ocrx_word' id='word_1_75' title='bbox 690 2646 789 2699; x_wconf 92' lang='lat' dir='ltr'><strong><em>nuuc</em></strong></span> <span class='ocrx_word' id='word_1_76' title='bbox 813 2631 1082 2719; x_wconf 78' lang='lat' dir='ltr'><strong><em>consequenter</em></strong></span> <span class='ocrx_word' id='word_1_77' title='bbox 1108 2624 1145 2696; x_wconf 92' lang='lat' dir='ltr'><strong><em>iu</em></strong></span> <span class='ocrx_word' id='word_1_78' title='bbox 1172 2623 1240 2698; x_wconf 88' lang='lat' dir='ltr'><strong><em>isto</em></strong></span> <span class='ocrx_word' id='word_1_79' title='bbox 1265 2622 1424 2718; x_wconf 88' lang='lat' dir='ltr'><strong><em>capitulo</em></strong></span> <span class='ocrx_word' id='word_1_80' title='bbox 1455 2622 1627 2698; x_wconf 80' lang='lat' dir='ltr'><strong>describit</strong></span> <span class='ocrx_word' id='word_1_81' title='bbox 1660 2623 1863 2719; x_wconf 83' lang='lat' dir='ltr'><strong><em>figuraliter</em></strong></span> 
     </span>
     <span class='ocr_line' id='line_1_12' title="bbox 690 2742 1861 2837; baseline 0.001 -17"><span class='ocrx_word' id='word_1_82' title='bbox 690 2744 882 2820; x_wconf 85' lang='lat' dir='ltr'><strong><em>ecclesiam</em></strong></span> <span class='ocrx_word' id='word_1_83' title='bbox 900 2745 965 2819; x_wconf 85' lang='lat' dir='ltr'><strong><em>liei</em></strong></span> <span class='ocrx_word' id='word_1_84' title='bbox 989 2743 1217 2837; x_wconf 81' lang='lat' dir='ltr'><strong><em>militantem,</em></strong></span> <span class='ocrx_word' id='word_1_85' title='bbox 1241 2764 1354 2836; x_wconf 88' lang='lat' dir='ltr'><strong><em>quem</em></strong></span> <span class='ocrx_word' id='word_1_86' title='bbox 1381 2742 1448 2818; x_wconf 93' lang='lat' dir='ltr'><strong><em>sibi</em></strong></span> <span class='ocrx_word' id='word_1_87' title='bbox 1465 2744 1620 2819; x_wconf 82' lang='lat' dir='ltr'><strong><em>ostendit</em></strong></span> <span class='ocrx_word' id='word_1_88' title='bbox 1637 2744 1698 2818; x_wconf 90' lang='lat' dir='ltr'><strong><em>illa</em></strong></span> <span class='ocrx_word' id='word_1_89' title='bbox 1715 2745 1861 2821; x_wconf 90' lang='lat' dir='ltr'><strong><em>domina</em></strong></span> 
     </span>
     <span class='ocr_line' id='line_1_13' title="bbox 689 2864 1862 2961; baseline -0.002 -21"><span class='ocrx_word' id='word_1_90' title='bbox 689 2865 807 2940; x_wconf 86' lang='lat' dir='ltr'><strong><em>activa</em></strong></span> <span class='ocrx_word' id='word_1_91' title='bbox 834 2872 909 2940; x_wconf 87' lang='lat' dir='ltr'><strong><em>lota</em></strong></span> <span class='ocrx_word' id='word_1_92' title='bbox 936 2865 1110 2939; x_wconf 81' lang='lat' dir='ltr'><strong><em>virtuosa.</em></strong></span> <span class='ocrx_word' id='word_1_93' title='bbox 1138 2865 1182 2937; x_wconf 80' lang='lat' dir='ltr'><strong><em>llt</em></strong></span> <span class='ocrx_word' id='word_1_94' title='bbox 1208 2864 1303 2938; x_wconf 91' lang='lat' dir='ltr'><strong><em>islud</em></strong></span> <span class='ocrx_word' id='word_1_95' title='bbox 1333 2864 1533 2960; x_wconf 89' lang='lat' dir='ltr'><strong><em>capitulum</em></strong></span> <span class='ocrx_word' id='word_1_96' title='bbox 1560 2864 1719 2940; x_wconf 80' lang='lat' dir='ltr'><strong><em>XXVllll</em></strong></span> <span class='ocrx_word' id='word_1_97' title='bbox 1746 2872 1862 2961; x_wconf 88' lang='lat' dir='ltr'><strong><em>potest</em></strong></span> 
     </span>
     <span class='ocr_line' id='line_1_14' title="bbox 688 2985 1861 3082; baseline 0 -20"><span class='ocrx_word' id='word_1_98' title='bbox 688 2987 796 3062; x_wconf 87' lang='lat' dir='ltr'><strong><em>dividi</em></strong></span> <span class='ocrx_word' id='word_1_99' title='bbox 817 2986 853 3060; x_wconf 93' lang='lat' dir='ltr'><strong><em>in</em></strong></span> <span class='ocrx_word' id='word_1_100' title='bbox 874 2991 1035 3081; x_wconf 85' lang='lat' dir='ltr'><strong><em>quatuor</em></strong></span> <span class='ocrx_word' id='word_1_101' title='bbox 1060 2992 1183 3082; x_wconf 86' lang='lat' dir='ltr'><strong><em>parles</em></strong></span> <span class='ocrx_word' id='word_1_102' title='bbox 1203 2985 1249 3059; x_wconf 87' lang='lat' dir='ltr'><strong><em>ad</em></strong></span> <span class='ocrx_word' id='word_1_103' title='bbox 1268 2986 1358 3080; x_wconf 90' lang='lat' dir='ltr'><strong><em>plus.</em></strong></span> <span class='ocrx_word' id='word_1_104' title='bbox 1378 2985 1417 3059; x_wconf 94' lang='lat' dir='ltr'><strong><em>ln</em></strong></span> <span class='ocrx_word' id='word_1_105' title='bbox 1435 2986 1553 3080; x_wconf 87' lang='lat' dir='ltr'><strong><em>prima</em></strong></span> <span class='ocrx_word' id='word_1_106' title='bbox 1575 3008 1736 3080; x_wconf 88' lang='lat' dir='ltr'><strong><em>quarum</em></strong></span> <span class='ocrx_word' id='word_1_107' title='bbox 1754 2993 1861 3082; x_wconf 88' lang='lat' dir='ltr'><strong><em>poeta</em></strong></span> 
     </span>
     <span class='ocr_line' id='line_1_15' title="bbox 691 3104 1861 3200; baseline -0.001 -19"><span class='ocrx_word' id='word_1_108' title='bbox 691 3106 861 3181; x_wconf 82' lang='lat' dir='ltr'><strong><em>describit</em></strong></span> <span class='ocrx_word' id='word_1_109' title='bbox 886 3112 1011 3179; x_wconf 85' lang='lat' dir='ltr'><strong><em>actum</em></strong></span> <span class='ocrx_word' id='word_1_110' title='bbox 1039 3105 1142 3178; x_wconf 87' lang='lat' dir='ltr'><strong><em>istius</em></strong></span> <span class='ocrx_word' id='word_1_111' title='bbox 1166 3104 1324 3179; x_wconf 88' lang='lat' dir='ltr'><strong><em>dominae</em></strong></span> <span class='ocrx_word' id='word_1_112' title='bbox 1345 3111 1383 3179; x_wconf 89' lang='lat' dir='ltr'><strong><em>et</em></strong></span> <span class='ocrx_word' id='word_1_113' title='bbox 1398 3104 1593 3179; x_wconf 86' lang='lat' dir='ltr'><strong><em>luminaria</em></strong></span> <span class='ocrx_word' id='word_1_114' title='bbox 1619 3105 1861 3200; x_wconf 85' lang='lat' dir='ltr'><strong><em>praecedentia</em></strong></span> 
     </span>
     <span class='ocr_line' id='line_1_16' title="bbox 691 3221 1867 3301; baseline -0.003 0"><span class='ocrx_word' id='word_1_115' title='bbox 691 3226 895 3301; x_wconf 89' lang='lat' dir='ltr'><strong><em>exercitum</em></strong></span> <span class='ocrx_word' id='word_1_116' title='bbox 924 3225 1110 3299; x_wconf 86' lang='lat' dir='ltr'><strong><em>militantis</em></strong></span> <span class='ocrx_word' id='word_1_117' title='bbox 1135 3224 1309 3300; x_wconf 84' lang='lat' dir='ltr'><strong><em>ecclesiae.</em></strong></span> <span class='ocrx_word' id='word_1_118' title='bbox 1335 3221 1375 3298; x_wconf 96' lang='lat' dir='ltr'><strong><em>ln</em></strong></span> <span class='ocrx_word' id='word_1_119' title='bbox 1405 3225 1564 3300; x_wconf 86' lang='lat' dir='ltr'><strong><em>secunda</em></strong></span> <span class='ocrx_word' id='word_1_120' title='bbox 1597 3226 1767 3301; x_wconf 83' lang='lat' dir='ltr'><strong><em>describit</em></strong></span> <span class='ocrx_word' id='word_1_121' title='bbox 1793 3225 1867 3300; x_wconf 68' lang='lat' dir='ltr'><strong><em>mi-</em></strong></span> 
     </span>
     <span class='ocr_line' id='line_1_17' title="bbox 691 3345 1860 3443; baseline -0.001 -22"><span class='ocrx_word' id='word_1_122' title='bbox 691 3346 817 3421; x_wconf 87' lang='lat' dir='ltr'><strong><em>rabilia</em></strong></span> <span class='ocrx_word' id='word_1_123' title='bbox 845 3346 995 3443; x_wconf 80' lang='lat' dir='ltr'><strong><em>insignia</em></strong></span> <span class='ocrx_word' id='word_1_124' title='bbox 1023 3346 1134 3440; x_wconf 91' lang='lat' dir='ltr'><strong><em>ipsius</em></strong></span> <span class='ocrx_word' id='word_1_125' title='bbox 1152 3345 1336 3420; x_wconf 92' lang='lat' dir='ltr'><strong><em>exercitus</em></strong></span> <span class='ocrx_word' id='word_1_126' title='bbox 1354 3347 1545 3440; x_wconf 80' lang='lat' dir='ltr'><strong><em>sequentia</em></strong></span> <span class='ocrx_word' id='word_1_127' title='bbox 1563 3345 1770 3440; x_wconf 88' lang='lat' dir='ltr'><strong><em>luminaria,</em></strong></span> <span class='ocrx_word' id='word_1_128' title='bbox 1788 3346 1860 3420; x_wconf 90' lang='lat' dir='ltr'><strong><em>ibi:</em></strong></span> 
     </span>
    </p>
   </div>
   <div class='ocr_carea' id='block_1_4' title="bbox 690 3465 1978 3563">
    <p class='ocr_par' dir='ltr' id='par_1_4' title="bbox 690 3465 1978 3563">
     <span class='ocr_line' id='line_1_18' title="bbox 690 3465 1978 3563; baseline -0.006 -21"><span class='ocrx_word' id='word_1_129' title='bbox 690 3473 835 3542; x_wconf 83' lang='lat' dir='ltr'><strong><em>Mentre.</em></strong></span> <span class='ocrx_word' id='word_1_130' title='bbox 851 3467 889 3540; x_wconf 93' lang='lat' dir='ltr'><strong><em>ln</em></strong></span> <span class='ocrx_word' id='word_1_131' title='bbox 908 3467 1205 3544; x_wconf 87' lang='lat' dir='ltr'><strong><em>tertiadescribit</em></strong></span> <span class='ocrx_word' id='word_1_132' title='bbox 1218 3465 1418 3563; x_wconf 84' lang='lat' dir='ltr'><strong><em>gloriosum</em></strong></span> <span class='ocrx_word' id='word_1_133' title='bbox 1433 3467 1637 3542; x_wconf 86' lang='lat' dir='ltr'><strong><em>exercitum</em></strong></span> <span class='ocrx_word' id='word_1_134' title='bbox 1656 3488 1741 3542; x_wconf 93' lang='lat' dir='ltr'><strong><em>cum</em></strong></span> <span class='ocrx_word' id='word_1_135' title='bbox 1761 3467 1863 3562; x_wconf 90' lang='lat' dir='ltr'><strong><em>prin·</em></strong></span> <span class='ocrx_word' id='word_1_136' title='bbox 1976 3529 1978 3534; x_wconf 86' lang='lat'><em>.</em></span> 
     </span>
    </p>
   </div>
   <div class='ocr_carea' id='block_1_5' title="bbox 680 3585 1865 5126">
    <p class='ocr_par' dir='ltr' id='par_1_5' title="bbox 680 3585 1865 5126">
     <span class='ocr_line' id='line_1_19' title="bbox 689 3585 1864 3683; baseline -0.001 -22"><span class='ocrx_word' id='word_1_137' title='bbox 689 3587 829 3683; x_wconf 89' lang='lat' dir='ltr'><strong><em>cipibus</em></strong></span> <span class='ocrx_word' id='word_1_138' title='bbox 853 3587 941 3681; x_wconf 91' lang='lat' dir='ltr'><strong><em>suis,</em></strong></span> <span class='ocrx_word' id='word_1_139' title='bbox 960 3585 1028 3660; x_wconf 91' lang='lat' dir='ltr'><strong><em>ibi:</em></strong></span> <span class='ocrx_word' id='word_1_140' title='bbox 1050 3591 1103 3658; x_wconf 86' lang='lat' dir='ltr'><strong><em>Lo</em></strong></span> <span class='ocrx_word' id='word_1_141' title='bbox 1126 3588 1258 3660; x_wconf 86' lang='lat' dir='ltr'><strong><em>donno.</em></strong></span> <span class='ocrx_word' id='word_1_142' title='bbox 1277 3587 1317 3660; x_wconf 94' lang='lat' dir='ltr'><strong><em>lu</em></strong></span> <span class='ocrx_word' id='word_1_143' title='bbox 1335 3593 1467 3680; x_wconf 86' lang='lat' dir='ltr'><strong><em>quarta</em></strong></span> <span class='ocrx_word' id='word_1_144' title='bbox 1489 3594 1527 3662; x_wconf 87' lang='lat' dir='ltr'><strong><em>et</em></strong></span> <span class='ocrx_word' id='word_1_145' title='bbox 1545 3587 1672 3662; x_wconf 90' lang='lat' dir='ltr'><strong><em>ultima</em></strong></span> <span class='ocrx_word' id='word_1_146' title='bbox 1692 3587 1864 3662; x_wconf 85' lang='lat' dir='ltr'><strong><em>describit</em></strong></span> 
     </span>
     <span class='ocr_line' id='line_1_20' title="bbox 689 3707 1861 3803; baseline -0.002 -19"><span class='ocrx_word' id='word_1_147' title='bbox 689 3709 910 3801; x_wconf 88' lang='lat' dir='ltr'><strong><em>currutium,</em></strong></span> <span class='ocrx_word' id='word_1_148' title='bbox 936 3708 1013 3783; x_wconf 90' lang='lat' dir='ltr'><strong><em>sive</em></strong></span> <span class='ocrx_word' id='word_1_149' title='bbox 1038 3727 1194 3781; x_wconf 91' lang='lat' dir='ltr'><strong><em>currum</em></strong></span> <span class='ocrx_word' id='word_1_150' title='bbox 1228 3707 1488 3803; x_wconf 81' lang='lat' dir='ltr'><strong><em>triumphalem</em></strong></span> <span class='ocrx_word' id='word_1_151' title='bbox 1523 3729 1609 3783; x_wconf 92' lang='lat' dir='ltr'><strong><em>cum</em></strong></span> <span class='ocrx_word' id='word_1_152' title='bbox 1643 3709 1861 3783; x_wconf 87' lang='lat' dir='ltr'><strong><em>docentibus</em></strong></span> 
     </span>
     <span class='ocr_line' id='line_1_21' title="bbox 688 3828 1862 3926; baseline -0.003 -22"><span class='ocrx_word' id='word_1_153' title='bbox 688 3831 820 3926; x_wconf 90' lang='lat' dir='ltr'><strong><em>ipsum,</em></strong></span> <span class='ocrx_word' id='word_1_154' title='bbox 831 3830 896 3902; x_wconf 90' lang='lat' dir='ltr'><strong><em>ibi:</em></strong></span> <span class='ocrx_word' id='word_1_155' title='bbox 909 3834 957 3901; x_wconf 86' lang='lat' dir='ltr'><strong><em>Lo</em></strong></span> <span class='ocrx_word' id='word_1_156' title='bbox 968 3831 1103 3922; x_wconf 71' lang='lat' dir='ltr'><strong><em>spurio.</em></strong></span> <span class='ocrx_word' id='word_1_157' title='bbox 1114 3828 1169 3902; x_wconf 80' lang='lat' dir='ltr'><strong><em>ld</em></strong></span> <span class='ocrx_word' id='word_1_158' title='bbox 1183 3828 1343 3923; x_wconf 87' lang='lat' dir='ltr'><strong><em>primurn</em></strong></span> <span class='ocrx_word' id='word_1_159' title='bbox 1358 3828 1557 3923; x_wconf 91' lang='lat' dir='ltr'><strong><em>dico,quod</em></strong></span> <span class='ocrx_word' id='word_1_160' title='bbox 1571 3835 1676 3924; x_wconf 82' lang='lat' dir='ltr'><strong><em>poete</em></strong></span> <span class='ocrx_word' id='word_1_161' title='bbox 1691 3829 1862 3904; x_wconf 88' lang='lat' dir='ltr'><strong><em>describit</em></strong></span> 
     </span>
     <span class='ocr_line' id='line_1_22' title="bbox 687 3948 1863 4045; baseline -0.002 -19"><span class='ocrx_word' id='word_1_162' title='bbox 687 3958 814 4026; x_wconf 87' lang='lat' dir='ltr'><strong><em>actum</em></strong></span> <span class='ocrx_word' id='word_1_163' title='bbox 840 3950 943 4024; x_wconf 89' lang='lat' dir='ltr'><strong><em>istius</em></strong></span> <span class='ocrx_word' id='word_1_164' title='bbox 968 3949 1127 4023; x_wconf 84' lang='lat' dir='ltr'><strong><em>dominae</em></strong></span> <span class='ocrx_word' id='word_1_165' title='bbox 1154 3956 1191 4025; x_wconf 88' lang='lat' dir='ltr'><strong><em>et</em></strong></span> <span class='ocrx_word' id='word_1_166' title='bbox 1215 3948 1422 4024; x_wconf 88' lang='lat' dir='ltr'><strong><em>luminaria.</em></strong></span> <span class='ocrx_word' id='word_1_167' title='bbox 1442 3950 1485 4022; x_wconf 87' lang='lat' dir='ltr'><strong><em>Et</em></strong></span> <span class='ocrx_word' id='word_1_168' title='bbox 1501 3949 1621 4045; x_wconf 90' lang='lat' dir='ltr'><strong><em>primo</em></strong></span> <span class='ocrx_word' id='word_1_169' title='bbox 1642 3950 1863 4024; x_wconf 86' lang='lat' dir='ltr'><strong><em>continuans</em></strong></span> 
     </span>
     <span class='ocr_line' id='line_1_23' title="bbox 688 4069 1863 4164; baseline -0.002 -20"><span class='ocrx_word' id='word_1_170' title='bbox 688 4071 883 4146; x_wconf 78' lang='lat' dir='ltr'><strong><em>materiam</em></strong></span> <span class='ocrx_word' id='word_1_171' title='bbox 914 4077 1130 4163; x_wconf 87' lang='lat' dir='ltr'><strong><em>sequentem</em></strong></span> <span class='ocrx_word' id='word_1_172' title='bbox 1158 4069 1388 4164; x_wconf 84' lang='lat' dir='ltr'><strong><em>praecedenti,</em></strong></span> <span class='ocrx_word' id='word_1_173' title='bbox 1417 4069 1521 4144; x_wconf 89' lang='lat' dir='ltr'><strong><em>dicit:</em></strong></span> <span class='ocrx_word' id='word_1_174' title='bbox 1552 4073 1735 4144; x_wconf 73' lang='lat' dir='ltr'><strong><em>canonio</em></strong></span> <span class='ocrx_word' id='word_1_175' title='bbox 1765 4091 1863 4143; x_wconf 85' lang='lat' dir='ltr'><strong><em>come</em></strong></span> 
     </span>
     <span class='ocr_line' id='line_1_24' title="bbox 687 4189 1862 4284; baseline -0.002 -19"><span class='ocrx_word' id='word_1_176' title='bbox 687 4194 808 4265; x_wconf 84' lang='lat' dir='ltr'><strong><em>donno</em></strong></span> <span class='ocrx_word' id='word_1_177' title='bbox 831 4193 1080 4282; x_wconf 75' lang='lat' dir='ltr'><strong><em>innumerata,</em></strong></span> <span class='ocrx_word' id='word_1_178' title='bbox 1105 4209 1237 4264; x_wconf 86' lang='lat' dir='ltr'><strong><em>amore</em></strong></span> <span class='ocrx_word' id='word_1_179' title='bbox 1262 4189 1437 4264; x_wconf 86' lang='lat' dir='ltr'><strong><em>virtuosae</em></strong></span> <span class='ocrx_word' id='word_1_180' title='bbox 1462 4191 1693 4284; x_wconf 79' lang='lat' dir='ltr'><strong><em>operationis,</em></strong></span> <span class='ocrx_word' id='word_1_181' title='bbox 1712 4190 1771 4264; x_wconf 89' lang='lat' dir='ltr'><strong><em>illa</em></strong></span> <span class='ocrx_word' id='word_1_182' title='bbox 1797 4210 1862 4264; x_wconf 94' lang='lat' dir='ltr'><strong><em>co-</em></strong></span> 
     </span>
     <span class='ocr_line' id='line_1_25' title="bbox 687 4305 1861 4403; baseline 0 -20"><span class='ocrx_word' id='word_1_183' title='bbox 687 4311 837 4402; x_wconf 89' lang='lat' dir='ltr'><strong><em>mitissa,</em></strong></span> <span class='ocrx_word' id='word_1_184' title='bbox 863 4305 1037 4402; x_wconf 76' lang='lat' dir='ltr'><strong><em>centauri,</em></strong></span> <span class='ocrx_word' id='word_1_185' title='bbox 1064 4309 1166 4402; x_wconf 91' lang='lat' dir='ltr'><strong><em>idest,</em></strong></span> <span class='ocrx_word' id='word_1_186' title='bbox 1198 4309 1435 4403; x_wconf 82' lang='lat' dir='ltr'><strong><em>continuarit,</em></strong></span> <span class='ocrx_word' id='word_1_187' title='bbox 1467 4313 1523 4384; x_wconf 87' lang='lat' dir='ltr'><strong><em>col</em></strong></span> <span class='ocrx_word' id='word_1_188' title='bbox 1551 4312 1604 4402; x_wconf 80' lang='lat' dir='ltr'><strong><em>fin</em></strong></span> <span class='ocrx_word' id='word_1_189' title='bbox 1639 4313 1676 4383; x_wconf 85' lang='lat' dir='ltr'><strong><em>di</em></strong></span> <span class='ocrx_word' id='word_1_190' title='bbox 1702 4331 1763 4382; x_wconf 84' lang='lat' dir='ltr'><strong><em>sue</em></strong></span> <span class='ocrx_word' id='word_1_191' title='bbox 1790 4331 1861 4402; x_wconf 87' lang='lat' dir='ltr'><strong><em>po-</em></strong></span> 
     </span>
     <span class='ocr_line' id='line_1_26' title="bbox 686 4428 1859 4524; baseline -0.002 -20"><span class='ocrx_word' id='word_1_192' title='bbox 686 4433 783 4524; x_wconf 87' lang='lat' dir='ltr'><strong><em>rote,·</em></strong></span> <span class='ocrx_word' id='word_1_193' title='bbox 808 4431 895 4524; x_wconf 88' lang='lat' dir='ltr'><strong><em>quia</em></strong></span> <span class='ocrx_word' id='word_1_194' title='bbox 925 4431 1023 4505; x_wconf 90' lang='lat' dir='ltr'><strong><em>euim</em></strong></span> <span class='ocrx_word' id='word_1_195' title='bbox 1054 4430 1091 4502; x_wconf 90' lang='lat' dir='ltr'><strong><em>io</em></strong></span> <span class='ocrx_word' id='word_1_196' title='bbox 1122 4429 1193 4503; x_wconf 86' lang='lat' dir='ltr'><strong><em>line</em></strong></span> <span class='ocrx_word' id='word_1_197' title='bbox 1223 4428 1459 4524; x_wconf 74' lang='lat' dir='ltr'><strong><em>precedentis</em></strong></span> <span class='ocrx_word' id='word_1_198' title='bbox 1492 4430 1641 4524; x_wconf 88' lang='lat' dir='ltr'><strong><em>capituli</em></strong></span> <span class='ocrx_word' id='word_1_199' title='bbox 1672 4429 1859 4521; x_wconf 88' lang='lat' dir='ltr'><strong><em>lllalbildis,</em></strong></span> 
     </span>
     <span class='ocr_line' id='line_1_27' title="bbox 680 4549 1865 4644; baseline -0.001 -20"><span class='ocrx_word' id='word_1_200' title='bbox 680 4550 872 4644; x_wconf 88' lang='lat' dir='ltr'><strong><em>loquendo</em></strong></span> <span class='ocrx_word' id='word_1_201' title='bbox 905 4551 952 4625; x_wconf 89' lang='lat' dir='ltr'><strong><em>de</em></strong></span> <span class='ocrx_word' id='word_1_202' title='bbox 985 4549 1156 4624; x_wconf 79' lang='lat' dir='ltr'><strong><em>felicitate</em></strong></span> <span class='ocrx_word' id='word_1_203' title='bbox 1191 4549 1276 4643; x_wconf 91' lang='lat' dir='ltr'><strong><em>loci,</em></strong></span> <span class='ocrx_word' id='word_1_204' title='bbox 1310 4549 1476 4623; x_wconf 82' lang='lat' dir='ltr'><strong><em>dixerat:</em></strong></span> <span class='ocrx_word' id='word_1_205' title='bbox 1516 4553 1581 4637; x_wconf 83' lang='lat' dir='ltr'><strong><em>Qui</em></strong></span> <span class='ocrx_word' id='word_1_206' title='bbox 1611 4554 1652 4642; x_wconf 80' lang='lat' dir='ltr'><strong><em>sn</em></strong></span> <span class='ocrx_word' id='word_1_207' title='bbox 1685 4554 1865 4623; x_wconf 80' lang='lat' dir='ltr'><strong><em>innocente</em></strong></span> 
     </span>
     <span class='ocr_line' id='line_1_28' title="bbox 688 4669 1860 4764; baseline -0.002 -18"><span class='ocrx_word' id='word_1_208' title='bbox 688 4676 856 4746; x_wconf 75' lang='lat' dir='ltr'><strong><em>trininno</em></strong></span> <span class='ocrx_word' id='word_1_209' title='bbox 887 4675 1033 4762; x_wconf 86' lang='lat' dir='ltr'><strong><em>radice;</em></strong></span> <span class='ocrx_word' id='word_1_210' title='bbox 1060 4671 1154 4764; x_wconf 92' lang='lat' dir='ltr'><strong><em>ideo,</em></strong></span> <span class='ocrx_word' id='word_1_211' title='bbox 1186 4691 1285 4745; x_wconf 92' lang='lat' dir='ltr'><strong><em>nunc</em></strong></span> <span class='ocrx_word' id='word_1_212' title='bbox 1320 4669 1500 4745; x_wconf 89' lang='lat' dir='ltr'><strong><em>cantando</em></strong></span> <span class='ocrx_word' id='word_1_213' title='bbox 1534 4671 1717 4764; x_wconf 84' lang='lat' dir='ltr'><strong><em>alacriter,</em></strong></span> <span class='ocrx_word' id='word_1_214' title='bbox 1751 4671 1860 4745; x_wconf 86' lang='lat' dir='ltr'><strong><em>dixit:</em></strong></span> 
     </span>
     <span class='ocr_line' id='line_1_29' title="bbox 689 4791 1860 4887; baseline 0.003 -22"><span class='ocrx_word' id='word_1_215' title='bbox 689 4797 800 4886; x_wconf 88' lang='lat' dir='ltr'><strong><em>Beati,</em></strong></span> <span class='ocrx_word' id='word_1_216' title='bbox 826 4815 974 4885; x_wconf 82' lang='lat' dir='ltr'><strong><em>qnorum</em></strong></span> <span class='ocrx_word' id='word_1_217' title='bbox 1004 4800 1090 4866; x_wconf 84' lang='lat' dir='ltr'><strong><em>tecta</em></strong></span> <span class='ocrx_word' id='word_1_218' title='bbox 1117 4799 1199 4866; x_wconf 82' lang='lat' dir='ltr'><strong><em>sunt</em></strong></span> <span class='ocrx_word' id='word_1_219' title='bbox 1227 4800 1380 4884; x_wconf 84' lang='lat' dir='ltr'><strong><em>peccata.</em></strong></span> <span class='ocrx_word' id='word_1_220' title='bbox 1408 4792 1477 4865; x_wconf 88' lang='lat' dir='ltr'><strong><em>lsta</em></strong></span> <span class='ocrx_word' id='word_1_221' title='bbox 1512 4791 1625 4866; x_wconf 83' lang='lat' dir='ltr'><strong><em>verba</em></strong></span> <span class='ocrx_word' id='word_1_222' title='bbox 1650 4792 1860 4887; x_wconf 88' lang='lat' dir='ltr'><strong><em>prophetica</em></strong></span> 
     </span>
     <span class='ocr_line' id='line_1_30' title="bbox 689 4915 1864 5007; baseline 0.001 -21"><span class='ocrx_word' id='word_1_223' title='bbox 689 4933 773 5007; x_wconf 84' lang='lat' dir='ltr'><strong><em>quae</em></strong></span> <span class='ocrx_word' id='word_1_224' title='bbox 811 4919 919 4986; x_wconf 90' lang='lat' dir='ltr'><strong><em>sunt:</em></strong></span> <span class='ocrx_word' id='word_1_225' title='bbox 962 4917 1060 4986; x_wconf 84' lang='lat' dir='ltr'><strong><em>Beati</em></strong></span> <span class='ocrx_word' id='word_1_226' title='bbox 1096 4933 1245 5006; x_wconf 81' lang='lat' dir='ltr'><strong><em>quornm</em></strong></span> <span class='ocrx_word' id='word_1_227' title='bbox 1281 4916 1437 4985; x_wconf 73' lang='lat' dir='ltr'><strong><em>remissie</em></strong></span> <span class='ocrx_word' id='word_1_228' title='bbox 1473 4918 1554 4984; x_wconf 79' lang='lat' dir='ltr'><strong><em>enni</em></strong></span> <span class='ocrx_word' id='word_1_229' title='bbox 1594 4915 1788 5004; x_wconf 80' lang='lat' dir='ltr'><strong><em>iniquitates</em></strong></span> <span class='ocrx_word' id='word_1_230' title='bbox 1829 4922 1864 4987; x_wconf 87' lang='lat' dir='ltr'><strong><em>et</em></strong></span> 
     </span>
     <span class='ocr_line' id='line_1_31' title="bbox 688 5031 1858 5126; baseline 0.002 -20"><span class='ocrx_word' id='word_1_231' title='bbox 688 5053 836 5126; x_wconf 85' lang='lat' dir='ltr'><strong><em>quornm</em></strong></span> <span class='ocrx_word' id='word_1_232' title='bbox 875 5039 961 5107; x_wconf 85' lang='lat' dir='ltr'><strong><em>tecto</em></strong></span> <span class='ocrx_word' id='word_1_233' title='bbox 996 5040 1078 5107; x_wconf 82' lang='lat' dir='ltr'><strong><em>sunt</em></strong></span> <span class='ocrx_word' id='word_1_234' title='bbox 1105 5040 1266 5126; x_wconf 85' lang='lat' dir='ltr'><strong><em>peccato,</em></strong></span> <span class='ocrx_word' id='word_1_235' title='bbox 1305 5032 1393 5106; x_wconf 85' lang='lat' dir='ltr'><strong><em>dixit</em></strong></span> <span class='ocrx_word' id='word_1_236' title='bbox 1432 5032 1468 5105; x_wconf 91' lang='lat' dir='ltr'><strong><em>in</em></strong></span> <span class='ocrx_word' id='word_1_237' title='bbox 1502 5031 1858 5108; x_wconf 88' lang='lat' dir='ltr'><strong><em>commendationem</em></strong></span> 
     </span>
    </p>
   </div>
   <div class='ocr_carea' id='block_1_6' title="bbox 0 0 2292 6838">
    <p class='ocr_par' dir='ltr' id='par_1_6' title="bbox 0 0 2292 6838">
     <span class='ocr_line' id='line_1_32' title="bbox 0 0 2292 6838; baseline 0 0"><span class='ocrx_word' id='word_1_238' title='bbox 0 0 2292 6838; x_wconf 95' lang='lat' dir='ltr'><strong><em> </em></strong></span> 
     </span>
    </p>
   </div>
  </div>
 </body>
</html>
