4575 6842
712 943 850 1001 caurus
875 947 1067 1004 vreasruus
1092 947 1259 1014 eunucus.
1503 932 1571 1002 113

400 1097 478 1164 tum
504 1089 705 1168 dubitabat.
732 1091 835 1166 Unde
858 1091 963 1167 dicit:
989 1101 1022 1166 et
1044 1096 1093 1184 io,
1112 1093 1176 1186 qui
1200 1093 1299 1166 solus
1316 1113 1419 1170 eram
1445 1095 1495 1169 ibi
1516 1094 1573 1170 vi·

399 1233 468 1286 rus
492 1232 580 1286 cum
606 1232 763 1307 corpore
779 1219 817 1288 et
832 1221 1000 1308 poteram
1018 1213 1111 1307 laedi,
1137 1220 1247 1286 tamea
1270 1214 1298 1286 il
1317 1217 1422 1307 facco
1443 1218 1570 1306 omnm,

398 1351 421 1406 a
446 1333 562 1406 latere
587 1331 939 1426 dexteraequindi,
957 1333 1132 1408 sciliceta
1150 1332 1266 1408 latere
1288 1334 1444 1428 sinistro,
1463 1343 1572 1410 tamea

399 1455 506 1526 codar
529 1453 643 1544 giaco,
669 1452 716 1526 ab
741 1457 856 1527 extra.
883 1453 928 1527 Et
952 1453 1012 1528 bic
1032 1459 1118 1527 nota
1141 1453 1240 1548 quod
1258 1461 1365 1548 poeta
1390 1455 1452 1529 dat
1477 1456 1570 1550 opti-

401 1592 501 1646 mam
517 1571 775 1668 purgationem
802 1573 1010 1669 luxuriosis,
1029 1593 1123 1667 quos
1143 1573 1245 1668 fingit
1266 1573 1387 1668 puniri
1408 1573 1445 1647 in
1466 1575 1570 1672 igne;

400 1691 574 1786 quoniam
600 1691 727 1766 voleus
750 1713 914 1788 purgare
939 1693 977 1766 in
997 1713 1037 1768 sc
1057 1693 1186 1766 vitium
1206 1694 1364 1768 luxuria
1382 1695 1491 1770 debet
1511 1715 1570 1769 re-

400 1832 534 1887 vocare
557 1812 605 1886 ad
629 1819 791 1887 mentem
818 1813 990 1888 ardorem
1018 1812 1120 1886 istius
1145 1814 1289 1888 voracis
1315 1813 1419 1910 ignis,
1447 1819 1483 1889 et
1508 1835 1573 1888 ar·

398 1933 488 2008 dere
512 1939 612 2007 totus
637 1934 775 2008 rubore
800 1932 960 2028 pudoris,
979 1939 1017 2008 et
1032 1933 1267 2008 considerare
1284 1933 1450 2008 incendia
1467 1934 1572 2009 istius

399 2053 501 2149 ignis.
527 2053 652 2128 Libido
677 2054 776 2129 euim
801 2053 934 2128 ardens
959 2052 1069 2128 simul
1089 2058 1232 2127 cremat
1252 2054 1414 2128 animam
1433 2061 1469 2128 et
1486 2075 1570 2129 cor-

398 2193 485 2268 pus3
513 2194 599 2248 nam
624 2194 690 2248 cor
715 2194 858 2249 veneno
883 2173 1086 2248 extinctum
1112 2172 1206 2269 ignis
1223 2172 1355 2246 dicitur
1375 2194 1447 2248 non
1464 2195 1571 2270 posse

399 2314 586 2390 cremare;
612 2294 676 2370 sed
701 2294 797 2369 istud
821 2295 955 2368 ardens
980 2314 1166 2368 venenum
1198 2293 1248 2367 sic
1277 2314 1342 2368 cor
1368 2294 1571 2370 inflammat

397 2420 434 2489 et
460 2415 544 2509 urit,
571 2414 670 2509 quod
699 2414 771 2489 cito
800 2415 994 2489 consumit.
1021 2415 1144 2488 Venus
1179 2414 1259 2488 lace
1290 2434 1357 2488 sua
1391 2415 1569 2489 cremavit

398 2535 558 2629 Troiam,
585 2555 669 2631 quae
693 2535 816 2610 omnia
837 2535 1009 2610 animalia
1034 2535 1193 2609 incendit
1218 2543 1256 2609 et
1280 2535 1405 2610 incitat
1418 2529 1474 2628 (¹);
1496 2556 1570 2610 non

397 2655 494 2730 aetati
520 2655 645 2752 parcit,
673 2675 746 2730 uou
770 2655 875 2729 sexui
889 2646 927 2748 (²)
954 2655 1150 2750 imperiosa
1176 2655 1311 2750 Venus,
1337 2655 1403 2728 nisi
1429 2655 1567 2730 bomini

398 2796 511 2869 quem
538 2796 718 2850 curarum
748 2775 893 2848 mordet
922 2775 1085 2848 aculeus.
1122 2775 1207 2848 ideo
1239 2776 1333 2850 bene
1371 2782 1478 2870 poeta
1503 2797 1571 2850 no·

398 2901 475 2970 ster
504 2901 633 2988 sponte
664 2893 773 2968 subiit
806 2893 1007 2968 maximam
1042 2914 1173 2968 curam
1208 2895 1319 2968 buius
1353 2895 1473 2990 operis
1504 2915 1570 2990 par

398 3015 496 3108 quod
514 3015 640 3089 vitavit
656 3021 694 3089 et
710 3013 806 3088 istud
824 3022 862 3089 et
878 3020 1012 3089 caetera
1030 3014 1127 3088 vitia.
1138 3019 1246 3088 —Lo
1263 3018 1363 3090 duco.
1381 3017 1445 3090 Hic
1462 3023 1570 3111 poeta

397 3135 498 3230 ponit
523 3136 686 3209 salutare
709 3133 901 3208 consilium
920 3133 1057 3230 Virgilii
1074 3134 1121 3208 ad
1138 3155 1179 3208 se
1197 3134 1233 3207 in
1251 3134 1317 3208 ista
1339 3135 1409 3229 via,
1427 3135 1567 3210 dicens:

397 3259 448 3328 lo
471 3257 564 3328 duca
590 3259 672 3347 mio,
693 3254 827 3330 scilicet
844 3254 1015 3350 Virgilius
1033 3255 1096 3348 qui
1117 3255 1347 3349 praecedebat
1365 3275 1436 3350 me,
1455 3255 1568 3330 Statio

398 3375 530 3471 medio,
556 3379 678 3449 dicen:
698 3383 909 3469 perquerio
934 3379 1010 3448 loco
1034 3378 1169 3450 count
1189 3383 1303 3448 mane
1328 3378 1401 3466 agli
1425 3378 1521 3449 occdi
1545 3379 1573 3450 il

394 3501 499 3590 freno
522 3502 653 3570 stretto.
681 3496 723 3569 ut
751 3495 811 3570 bic
836 3503 923 3569 nota
948 3495 1046 3590 quod
1073 3516 1163 3570 vere
1188 3495 1246 3570 hic
1275 3504 1362 3569 sunt
1393 3496 1567 3571 iraenandi

329 3605 337 3625 ’
397 3617 494 3693 oculi
518 3638 567 3693 ne
583 3637 647 3713 pes
667 3618 813 3692 labatur
833 3617 870 3690 in
887 3616 1106 3691 incendium.
1125 3617 1190 3691 llic
1207 3617 1305 3691 enim
1325 3617 1417 3713 ignis
1438 3616 1570 3691 blande

268 3723 271 3729 ’
398 3758 439 3812 se
462 3738 571 3814 oliert
595 3737 760 3833 incautis,
786 3743 823 3812 et
848 3757 916 3812 sua
942 3737 977 3812 vi
1003 3742 1171 3831 penetrat
1200 3737 1246 3810 ad
1277 3737 1455 3812 medullas
1482 3757 1569 3812 cum

398 3856 524 3932 lecerit
548 3858 765 3955 sanguinem
791 3857 947 3932 ebullire
971 3855 1204 3930 inflammatis
1227 3856 1347 3950 venis3
1375 3863 1412 3930 et
1438 3857 1569 3932 iterato

398 3979 479 4055 dau
498 3999 593 4054 nova
611 3980 881 4054 contrabuntur
898 3977 1075 4071 incendia,
1093 3997 1178 4071 quae
1197 3997 1282 4052 raro
1299 3977 1569 4074 extinguuntur

397 4103 476 4176 sine
500 4100 738 4175 inundatione
764 4099 1027 4195 lacrymarum,
1047 4102 1185 4194 etpost
1211 4098 1443 4172 tolerantiam
1471 4098 1568 4171 mul·

397 4229 523 4296 torum
539 4221 711 4294 laborum
724 4219 871 4294 deducit
883 4219 1069 4294 bominem
1083 4217 1130 4292 ad
1144 4223 1364 4312 mortem,et
1382 4216 1566 4291 interdum

397 4342 444 4416 ad
469 4344 644 4435 laqueum
670 4342 729 4414 vel
754 4339 917 4436 gladium
944 4339 1145 4435 proprium.
1166 4339 1209 4412 Et
1233 4337 1393 4435 assignat
1418 4357 1567 4411 causam

397 4461 569 4557 Virgilius
598 4460 655 4534 sui
684 4459 781 4555 dicti,
811 4459 957 4534 dicens:
982 4461 1261 4551 peroccb'errar
1288 4458 1482 4550 potrebbesi
1502 4479 1569 4548 per

391 4601 499 4674 noco,
530 4580 634 4675 quasi
668 4579 776 4673 dicat,
802 4579 953 4654 faciliter
982 4585 1104 4674 posset
1128 4578 1222 4651 salli:
1258 4577 1287 4651 si
1324 4577 1422 4653 enim
1457 4578 1568 4651 bomo

397 4701 583 4776 adbaereat
603 4699 889 4803 ignigaduritur,
907 4705 945 4772 et
961 4697 990 4771 si
1007 4697 1171 4773 adbaeret
1187 4697 1409 4772 extremitati
1427 4703 1567 4790 apertae

397 4821 493 4897 cadit
509 4821 546 4894 in
563 4821 666 4916 peius
691 4819 944 4915 praecipitium.
963 4818 1004 4891 Et
1022 4820 1117 4892 bene
1140 4817 1296 4892 consulit
1313 4817 1485 4914 Virgilius
1511 4817 1568 4891 bic

461 5083 489 5145 (¹)
505 5082 531 5133 S.
546 5081 628 5132 vitiat.
663 5157 668 5168 Ι
877 5078 906 5143 (²)
922 5081 954 5130 B.
969 5079 1063 5130 muni.

534 5189 573 5233 rr.
1422 5187 1435 5226 0
