4575 6842
738 950 809 1018 820
1132 963 1336 1019 couuuuuu
1361 964 1528 1018 rlnnmsr

737 1130 827 1182 num
854 1114 890 1184 et
917 1107 1122 1183 maximum
1149 1109 1287 1183 lumen.
1314 1108 1417 1183 Unde
1436 1108 1537 1182 dicit:
1564 1111 1707 1202 quomo
1732 1111 1770 1182 lu
1794 1116 1915 1200 moto,

735 1229 838 1322 idest,
866 1249 972 1324 spera
990 1229 1085 1323 coeli,
1104 1228 1203 1322 quod
1229 1237 1268 1303 tu
1283 1221 1321 1320 (¹)
1348 1228 1570 1304 aeternaliter
1595 1237 1634 1303 et
1657 1249 1805 1324 semper
1831 1250 1913 1304 mo·

736 1373 800 1426 ves
825 1357 862 1426 et
886 1351 994 1449 regis,
1014 1358 1067 1445 tu,
1086 1350 1178 1445 dico,
1196 1352 1449 1442 moderatae
1474 1350 1608 1424 sanctis
1633 1357 1672 1426 et
1696 1350 1833 1445 beatis,
1855 1350 1914 1425 vel

736 1471 793 1548 dic
819 1472 960 1566 meliuS,
988 1471 1087 1566 quod
1107 1471 1272 1564 loquitur
1292 1470 1451 1567 physice,
1468 1471 1617 1562 scilicet,
1631 1471 1730 1565 quod
1747 1472 1909 1567 primum

738 1613 889 1668 movens
924 1598 1048 1668 movet
1083 1598 1274 1686 tamquam
1305 1599 1472 1667 amatum
1505 1599 1543 1668 et
1573 1593 1834 1691 desideratum,
1861 1595 1910 1666 mi

733 1719 807 1810 seca
830 1721 950 1805 utteso,
968 1712 1071 1806 idest,
1089 1717 1283 1806 attentum,
1310 1734 1335 1785 u
1358 1709 1408 1803 sd,
1433 1712 1536 1807 idest,
1558 1713 1605 1787 ad
1631 1712 1745 1808 ipsam
1760 1718 1912 1807 rotam,

736 1841 774 1910 et
799 1854 886 1910 ecce
911 1832 1116 1927 quomodo:
1147 1853 1214 1906 con
1247 1835 1462 1923 tarmordu,
1488 1832 1590 1926 idest,
1624 1833 1793 1926 melodia,
1825 1852 1911 1926 quoe

737 1959 912 2030 causatur
937 1975 960 2028 a
987 1960 1090 2027 motu
1115 1953 1210 2048 coeli,
1236 1955 1296 2027 cte
1320 1957 1464 2045 temperi
1493 1975 1512 2025 e
1541 1956 1706 2045 ducatui,
1731 1954 1827 2028 inter
1859 1959 1914 2028 tot

736 2093 862 2170 speras
889 2074 1051 2150 diversas
1077 2073 1404 2168 correspondentes
1428 2073 1476 2149 ad
1500 2094 1541 2148 se
1564 2073 1734 2148 invicem.
1757 2075 1819 2148 Est
1843 2095 1914 2150 au-

738 2201 815 2271 tem
843 2195 901 2270 hic
927 2195 1128 2270 notandum
1154 2195 1427 2289 delectabiliter,
1446 2194 1545 2288 quod
1563 2193 1658 2268 ultra
1679 2214 1723 2268 ea
1738 2215 1824 2288 quae
1842 2194 1912 2268 ml·

739 2316 867 2391 rabilia
893 2316 1017 2412 scripsi
1044 2315 1252 2413 Purgatorii
1278 2315 1438 2411 capitulo
1461 2316 1492 2389 ll
1517 2315 1563 2390 de
1586 2317 1747 2409 potentia
1770 2323 1807 2392 et
1831 2315 1914 2392 effl-

738 2436 840 2511 cacia
876 2436 1024 2510 musicae
1051 2436 1088 2510 iu
1119 2437 1259 2510 bonum
1289 2441 1327 2509 et
1358 2436 1393 2509 in
1425 2437 1578 2529 malum,
1602 2436 1745 2511 maiora
1771 2442 1911 2512 restant

739 2554 903 2631 dicenda.
931 2555 1066 2630 Musica
1092 2555 1190 2630 euim
1216 2555 1350 2630 dicitur
1374 2575 1455 2630 esse
1488 2555 1525 2629 in
1559 2576 1692 2631 novem
1725 2557 1914 2632 ordinibus

742 2677 974 2772 angelorum,
993 2675 1056 2771 qui
1077 2683 1227 2752 cantare
1244 2697 1317 2750 nou
1334 2681 1478 2750 cessant
1494 2676 1531 2749 iu
1550 2697 1684 2751 novem
1702 2677 1818 2772 speris
1834 2697 1915 2762 coe-2

740 2799 876 2891 lorum,
891 2818 975 2892 quae
989 2804 1092 2871 motu
1107 2818 1177 2872 suo
1191 2796 1551 2872 iaciuut'mirabilem
1571 2797 1814 2873 harmoniam.
1836 2798 1915 2873 llu-

742 2917 817 2992 sica
844 2923 969 2992 movet
994 2923 1031 2991 et
1055 2916 1211 2992 delectat
1240 2916 1363 2990 omnia
1394 2915 1589 2990 animalia:
1616 2916 1784 2992 videmus
1813 2918 1912 2992 enim

740 3035 788 3111 de
817 3035 911 3112 lacto
946 3035 1044 3129 quod
1079 3035 1166 3129 equi
1201 3035 1318 3132 magis
1354 3034 1608 3110 accenduntur
1640 3043 1679 3111 et
1707 3037 1915 3113 exultantes

745 3156 838 3231 liunt
863 3155 1103 3230 animosiores
1128 3154 1165 3228 in
1190 3155 1327 3250 proeliis
1356 3155 1545 3230 audientes
1574 3175 1709 3228 sonum
1735 3156 1913 3230 tubarum

742 3285 780 3364 et
804 3276 961 3351 aliorum
992 3276 1335 3350 instrumentorum.
1362 3275 1500 3350 Musica
1528 3275 1692 3350 maxime
1723 3281 1852 3372 regnat
1878 3275 1916 3349 iu

742 3397 872 3472 avibus
897 3395 1090 3491 nobilibus,
1109 3401 1152 3468 ut
1176 3395 1223 3470 de
1247 3415 1287 3470 se
1312 3401 1422 3490 patet.
1440 3395 1600 3470 Dulcedo
1625 3395 1736 3469 etiam
1763 3395 1914 3487 musicae

744 3516 861 3614 tangit
891 3517 1018 3612 pisceS,
1045 3517 1138 3591 sieut
1177 3523 1350 3590 narratur
1387 3515 1435 3590 de
1471 3515 1640 3611 delphine
1667 3515 1822 3611 Arionis,
1848 3516 1933 3610 qui·

744 3638 856 3712 Arion
882 3644 958 3711 tam
985 3637 1200 3712 mirabiliter
1224 3637 1385 3713 cantavit
1414 3657 1500 3711 cum
1527 3637 1606 3733 lyra
1636 3637 1674 3710 in
1705 3637 1790 3711 navi
1816 3637 1915 3732 quod

741 3757 887 3853 delphin
913 3757 1063 3833 veniens
1088 3757 1134 3831 ad
1159 3757 1304 3832 dulcem
1331 3776 1465 3832 sonum
1486 3757 1622 3853 recepit
1642 3778 1730 3832 eum
1751 3757 1789 3831 in
1808 3762 1914 3854 tergo

743 3900 811 3952 suo
837 3883 875 3952 et
899 3877 1122 3952 incolumem
1148 3877 1307 3971 portavit
1331 3877 1377 3950 ad
1403 3878 1501 3969 litus,
1519 3877 1614 3952 sicut
1630 3884 1783 3952 narrant
1810 3876 1916 3950 multi

745 4021 817 4074 non
844 3999 963 4072 solum
982 4003 1111 4092 poetae,
1132 3997 1324 4072 sedetiam
1345 3999 1634 4095 historiographi,
1653 3999 1747 4074 sicut
1766 3999 1917 4073 Ovidius

592 4197 601 4216 ,
742 4119 834 4192 libro
860 4117 1066 4211 Fastorum,
1093 4117 1319 4214 Augustinus
1349 4117 1385 4192 iu
1416 4118 1463 4195 de
1495 4119 1649 4194 Ciuitate
1674 4119 1751 4214 Dei,
1777 4119 1916 4193 Tullius

743 4247 780 4318 et
811 4241 1016 4334 Herodotus
1051 4259 1207 4340 magnus
1243 4239 1417 4334 magister
1450 4261 1583 4336 graecae
1622 4240 1791 4314 historiae.
1821 4239 1915 4328 Quid
2048 4235 2051 4239 ’

744 4383 835 4459 ergo
853 4362 1033 4436 miramur
1050 4359 1080 4433 si
1099 4359 1238 4434 musica
1250 4359 1461 4434 dominatur
1478 4361 1515 4433 iu
1532 4360 1741 4434 homiuibus
1754 4368 1792 4434 et
1807 4381 1918 4436 exer-

744 4491 850 4558 cetur
875 4481 911 4555 in
937 4480 1091 4556 divinis?
1115 4481 1244 4556 Nonne
1256 4471 1294 4573 (²)
1312 4479 1350 4554 in
1375 4481 1436 4554 illo
1467 4482 1603 4575 templo
1629 4480 1788 4556 mirabili
1813 4481 1918 4554 Salo-

747 4601 876 4696 monis,
898 4601 995 4695 quod
1014 4600 1192 4674 Dominus
1209 4598 1276 4674 sibi
1293 4599 1464 4675 aedificari
1483 4599 1565 4674 lecit
1586 4607 1687 4674 tauto
1712 4606 1862 4695 sumptu
1881 4605 1919 4674 et

745 4728 925 4818 tempore,
939 4743 1085 4817 semper
1102 4721 1253 4796 luerunt
1271 4720 1478 4796 sacerdotes
1494 4719 1721 4795 celebrantes
1740 4721 1918 4796 solemnia

747 4863 833 4916 cum
868 4843 1090 4937 cantoribus
1119 4841 1279 4934 citharis,
1312 4841 1470 4938 organis,
1496 4847 1533 4915 et
1564 4839 1643 4915 aliis
1677 4840 1825 4918 musicis
1861 4841 1918 4915 iu·

779 5089 782 5095 ¹
809 5102 837 5164 (¹)
854 5103 884 5154 E.
903 5107 931 5154 lu
948 5104 1017 5155 Deus
1032 5104 1198 5161 eternaliter.
1448 5102 1477 5167 (¹)
1492 5104 1523 5155 Ε.
1540 5105 1651 5156 Numno.
