4575 6842
723 957 795 1026 tes
1113 967 1319 1025 munerun
1343 970 1511 1025 rannnrsr

714 1114 900 1210 flandria,
925 1113 1134 1208 Brahantia,
1161 1114 1332 1210 Treviris,
1357 1114 1479 1191 Nervii
1510 1120 1547 1191 et
1574 1115 1700 1191 multra
1724 1117 1806 1193 aliae
1832 1139 1898 1195 na·

720 1236 837 1311 tiones
856 1234 1107 1309 transiverunt
1130 1234 1169 1308 in
1195 1254 1331 1311 nomen
1350 1255 1635 1333 germanorum3
1654 1242 1691 1313 et
1710 1237 1831 1312 oritur
1856 1238 1894 1313 in

719 1355 862 1452 alpibus
886 1374 934 1429 ex
960 1354 1094 1449 quihus
1119 1355 1327 1449 Rhodanus,
1350 1360 1387 1430 et
1406 1356 1517 1451 longo
1542 1356 1659 1450 spatio
1683 1356 1896 1453 discurrens

719 1496 786 1572 per
811 1475 902 1551 fines
926 1474 1190 1569 Helvetiorum,
1216 1474 1490 1569 Sequanorum,
1514 1476 1768 1572 Trevirorum,
1795 1480 1894 1553 mul-

717 1595 763 1671 tis
788 1595 967 1690 capitibus
992 1593 1088 1669 cadit
1113 1594 1151 1667 in
1175 1595 1376 1670 Oceanum.
1404 1594 1447 1668 Et
1481 1594 1585 1671 dicit:
1612 1616 1631 1669 c
1662 1599 1740 1671 uide
1764 1602 1894 1692 senua,

718 1715 865 1809 scilicet,
891 1715 980 1789 illud
1006 1715 1105 1809 quod
1131 1714 1217 1789 iecit
1241 1716 1387 1813 signum
1405 1716 1551 1811 aquilae,
1570 1716 1740 1812 Sequana
1759 1719 1916 1795 fluvius.

718 1835 881 1910 iamosus
905 1834 968 1929 qui
994 1833 1079 1908 iacit
1104 1834 1261 1909 insulam
1287 1835 1556 1931 parvamintra
1578 1837 1790 1933 Parisius,a
1815 1860 1893 1933 quo

715 1953 939 2030 denominati
965 1961 1051 2027 sunt
1075 1953 1247 2049 Sequani,
1273 1956 1319 2031 de
1344 1955 1478 2051 quibus
1499 1957 1578 2053 jam
1598 1958 1692 2034 iacta
1710 1966 1765 2033 est
1787 1981 1891 2035 men·

716 2076 777 2150 tio.
804 2076 849 2149 Et
873 2081 916 2149 ut
941 2074 1013 2149 cito
1037 2095 1079 2150 se
1103 2076 1272 2170 expediat
1297 2076 1399 2152 dicit:
1426 2085 1460 2152 ct
1482 2082 1567 2169 opor·
1592 2082 1682 2153 ualle
1706 2082 1797 2154 ende
1821 2086 1892 2155 Ro-

715 2198 812 2270 dono
837 2192 995 2289 opero,
1024 2196 1120 2271 sicut
1155 2197 1288 2271 liuvius
1319 2197 1441 2273 Senna
1474 2199 1537 2293 qui
1569 2199 1656 2273 olim
1689 2201 1893 2276 vocabatur

715 2315 821 2412 Arar,
840 2316 904 2411 qui
929 2316 1151 2414 pigerrimus
1176 2317 1273 2393 cadit
1298 2318 1335 2393 iu
1359 2319 1578 2395 Rhodanum
1611 2322 1888 2416 rapacissimum

710 2437 819 2533 J'uxta
844 2436 1080 2533 Lugdunum.
1107 2438 1152 2511 Et
1176 2438 1225 2513 ita
1253 2436 1381 2535 Sergia
1401 2440 1646 2533 pulcerrimus
1664 2441 1776 2517 intrat
1793 2443 1892 2517 Rho-

715 2557 854 2631 danum
880 2558 978 2652 apud
997 2557 1233 2652 heimonem,
1251 2565 1289 2632 et
1309 2559 1741 2654 Ruentiarapacissimus
1760 2561 1891 2636 duvio-

716 2699 803 2751 rum
829 2678 954 2753 Gallim
980 2678 1043 2774 qui
1070 2699 1144 2753 non
1169 2679 1279 2775 longe
1310 2679 1358 2753 ab
1388 2677 1565 2755 drinione
1597 2679 1693 2755 cadit
1722 2681 1758 2755 in
1792 2683 1893 2757 Rho-

715 2797 866 2873 danum.
904 2798 1104 2873 Rhodanus
1137 2805 1264 2873 autem
1301 2798 1480 2874 transiens
1512 2799 1633 2895 primo
1666 2821 1732 2895 per
1768 2802 1889 2877 lacum

714 2918 920 2993 lemanum
942 2919 1040 3014 apud
1058 2918 1272 2993 Gebennam
1301 2918 1481 2993 transiens
1507 2939 1574 3013 per
1599 2921 1733 2995 multas
1759 2928 1889 3018 terrae,

714 3059 788 3113 uon
809 3044 933 3115 tamen
954 3040 1064 3137 longo
1082 3060 1208 3133 cursu,
1226 3038 1290 3114 sed
1307 3059 1442 3135 magno
1459 3039 1598 3135 impetu
1617 3040 1714 3116 cadit
1730 3041 1767 3115 in
1786 3064 1890 3119 mare

712 3180 787 3233 non
812 3160 922 3257 longe
940 3181 964 3234 a
984 3161 1152 3235 Marsilia.
1175 3160 1220 3234 Et
1239 3160 1290 3234 sic
1313 3160 1395 3235 vide
1416 3161 1514 3255 quod
1534 3160 1656 3236 Caesar
1677 3162 1889 3259 subiugavit

712 3299 862 3355 omnem
895 3281 1062 3375 Galliam,
1088 3302 1173 3375 quae
1205 3280 1388 3355 clauditur
1416 3280 1558 3376 alpibus
1591 3282 1714 3377 ltaliae,
1744 3284 1887 3378 alpibus

711 3399 903 3495 Hispaniae,
929 3403 1069 3495 Rheno,
1091 3402 1238 3476 Ocearm
1263 3407 1301 3476 et
1326 3401 1421 3476 mari
1443 3402 1789 3477 mediterraneo-
1806 3406 1891 3493 (litet

710 3523 771 3595 che
783 3525 831 3616 se.
845 3523 911 3597 llio
927 3522 1153 3597 Iustinianus
1179 3522 1294 3619 tangit
1320 3522 1457 3597 bellum
1476 3522 1582 3597 civile
1602 3522 1766 3617 Caesaris,
1789 3525 1887 3617 quod

710 3641 923 3718 immediate
934 3642 1103 3737 sequitur
1116 3642 1163 3717 ad
1174 3642 1365 3739 gallicum:
1384 3648 1421 3717 et
1435 3642 1553 3739 primo
1570 3643 1686 3741 tangit
1699 3644 1887 3737 quomodo

711 3762 832 3858 primo
851 3762 1045 3858 occupavit
1064 3762 1217 3837 ltaliam.
1232 3761 1285 3837 hd
1305 3763 1411 3837 cuius
1430 3762 1546 3838 litere
1564 3764 1808 3861 cognitionem
1831 3772 1887 3839 est

710 3882 831 3979 primo
856 3883 1044 3959 sciendum
1072 3883 1171 3977 quod
1204 3903 1310 3958 arma
1335 3884 1488 3959 Caesaris
1514 3886 1708 3980 hucusque
1740 3884 1887 3960 inerant

711 4003 907 4100 magnifica
920 4010 957 4079 et
969 4004 1140 4101 gloriosa,
1160 4005 1295 4079 amodo
1311 4025 1402 4079 vero
1420 4004 1530 4100 impia
1548 4005 1669 4100 potius
1686 4011 1724 4080 et
1740 4005 1886 4100 iniusta,

708 4122 794 4218 quia
820 4130 948 4200 contra
975 4125 1132 4219 patriam
1159 4126 1259 4199 nulla
1284 4131 1437 4221 possunt
1458 4125 1600 4200 ratione
1620 4126 1800 4201 excusari.
1820 4126 1886 4203 Se-

707 4249 817 4318 natus
846 4243 943 4319 enirn
980 4265 1157 4319 romanus
1191 4266 1277 4320 cum
1311 4244 1459 4321 consilio
1494 4252 1532 4321 et
1570 4247 1698 4321 lavore
1722 4247 1885 4341 Pompeii
1998 4242 2000 4245 ’

707 4364 825 4460 Magni
853 4371 941 4440 tunc
966 4366 1216 4459 potentissimi,
1243 4364 1388 4440 Catonis
1413 4365 1677 4461 sapientissimi,
1701 4366 1885 4443 Ciceronis

706 4484 1004 4581 eloquentissimi,
1031 4486 1140 4561 llarci
1168 4486 1271 4559 Bruti
1298 4486 1565 4579 virtuosissimi,
1590 4487 1824 4582 decernebat,
1843 4496 1885 4563 ut

706 4604 828 4679 Cesar
852 4604 1001 4682 dimisso
1027 4606 1191 4682 exercitu
1215 4606 1379 4701 privatus
1397 4606 1547 4700 rediret,
1565 4612 1602 4681 et
1619 4606 1799 4683 Domitius
1815 4628 1884 4683 au·-

706 4724 919 4801 dacissimus
952 4726 1020 4801 sihi
1052 4747 1242 4802 successor
1275 4727 1495 4823 mitteretur,
1521 4727 1599 4804 sive
1623 4727 1768 4823 invidia,
1795 4728 1882 4823 quia

706 4865 897 4939 nunquam
926 4867 1059 4943 magna
1084 4846 1202 4943 gloria
1224 4846 1302 4923 sine
1327 4847 1460 4922 invidia
1482 4847 1565 4942 iuit;
1583 4847 1660 4922 sive
1682 4868 1726 4921 ex
1748 4847 1883 4924 timore

705 4963 792 5058 quia
818 4965 990 5041 videbant
1015 4968 1113 5061 quod
1139 4967 1262 5042 (laesar
1281 4969 1405 5043 omnia
1430 4967 1564 5065 agebat
1590 4990 1663 5045 non
1687 4974 1878 5063 tamquam

703 5084 779 5161 dux
805 5087 930 5181 populi
957 5088 1113 5183 romani,
1132 5088 1198 5163 sed
1215 5095 1257 5162 ut
1281 5066 1452 5164 dominus
1477 5096 1514 5165 et
1540 5110 1605 5165 rex
1633 5110 1700 5184 pro
1725 5090 1880 5166 arbitrio
