4575 6842
824 981 962 1037 murus
986 981 1181 1037 securibus.
1514 969 1586 1037 343

413 1131 524 1202 natur
549 1147 572 1202 a
597 1127 683 1202 sole.
709 1126 794 1202 ideo
818 1126 914 1201 bene
939 1125 1042 1221 fingit
1066 1131 1175 1221 poeta
1199 1144 1241 1200 se
1266 1124 1398 1200 vidisse
1415 1145 1496 1200 rem
1516 1125 1586 1199 mi-

414 1245 568 1322 rabilem
606 1247 643 1319 in
681 1247 799 1341 prima
836 1264 953 1340 spera.
994 1245 1039 1319 Et
1077 1243 1176 1320 addit
1212 1244 1399 1337 quomodo
1438 1245 1586 1322 Beatrin

415 1365 700 1442 manifestaverit
724 1364 792 1438 sibi
818 1365 911 1439 banc
938 1383 1019 1439 rem
1047 1363 1264 1456 mirabilem,
1290 1363 1428 1438 dicens:
1454 1387 1473 1438 e
1497 1359 1587 1458 perd

414 1489 541 1580 quella,
571 1485 717 1579 scilicet,
749 1484 908 1578 Beatrir,
938 1489 994 1558 cui
1024 1505 1098 1558 oon
1130 1487 1339 1578 poteentia
1372 1505 1459 1558 mara
1493 1507 1588 1560 esser

415 1627 554 1698 ascesa,
580 1605 677 1700 quia,
704 1605 851 1699 scilicet,
881 1606 1125 1702 cognoscebat
1158 1625 1219 1680 me
1248 1604 1421 1701 ignorare
1451 1611 1488 1680 et
1517 1605 1588 1680 mi-

334 1737 337 1744 ·
415 1727 507 1821 rari,¹
527 1746 612 1821 quae
637 1746 697 1800 res
722 1733 818 1802 esset
842 1726 923 1819 ista,
949 1729 1044 1800 volta
1068 1722 1130 1800 car
1154 1747 1221 1817 me,
1243 1725 1307 1799 ubi
1326 1725 1447 1820 primo
1471 1726 1588 1820 respi-

414 1847 534 1924 ciebat
559 1867 690 1922 versus
715 1846 865 1942 coeium,
890 1839 920 1920 si
944 1850 1025 1921 tmto
1049 1868 1145 1920 come
1170 1848 1273 1937 belia,
1298 1847 1345 1922 de
1369 1847 1426 1920 sui
1453 1854 1587 1922 natura

416 1968 641 2065 pulcerrima
666 1975 758 2062 erat,
775 1973 812 2043 et
832 1967 1088 2065 gratulabatur
1114 1987 1227 2062 snper
1243 1966 1413 2042 felicitate
1433 1969 1587 2062 autoris,

414 2089 479 2184 qui
513 2088 705 2184 incipiebat
742 2087 882 2162 intrare
915 2107 1073 2184 regnum
1107 2086 1367 2180 desideratum,
1401 2089 1451 2160 mi
1481 2089 1587 2178 dosa,

413 2213 541 2286 ἀήτω
567 2213 604 2284 ia
628 2215 738 2282 mente
761 2215 870 2300 proto
894 2211 931 2282 in
956 2210 1039 2297 Dio,
1071 2207 1176 2302 quasi
1200 2207 1315 2281 dicat:
1335 2214 1442 2303 grata
1463 2213 1588 2282 mente

414 2331 617 2430 regratiarc
642 2331 719 2403 Deo
744 2329 808 2422 qui
834 2328 918 2402 iecit
950 2328 1014 2402 tibi
1044 2334 1183 2402 tautam
1214 2327 1385 2424 gratiam,
1410 2330 1470 2401 obe
1492 2331 1528 2401 o’
1541 2331 1589 2400 to

413 2455 591 2543 coaptanti
613 2469 680 2523 coo
705 2453 741 2522 to
764 2451 885 2542 primo
908 2451 1020 2540 suita,
1045 2447 1193 2541 scilicet,
1219 2448 1307 2523 iuna
1323 2442 1433 2540 (¹).-·-
1446 2453 1588 2522 Parma

416 2594 520 2647 ome.
548 2571 613 2646 Hic
637 2577 747 2645 antor
772 2569 943 2645 describit
959 2569 1079 2664 ipsum
1097 2589 1233 2664 corpus
1257 2569 1356 2642 lunae
1381 2569 1586 2644 secundum

413 2690 666 2788 apparentiam
691 2709 757 2785 per
781 2689 1095 2784 comparationem
1121 2688 1420 2784 propriissimam‚
1446 2689 1587 2764 dicens:

417 2817 560 2886 Porevo
576 2831 601 2882 a
613 2831 666 2884 me
678 2811 739 2883 cte
750 2809 838 2884 nobe
849 2830 893 2883 oc
905 2812 1071 2901 copricae,
1085 2810 1181 2885 bene
1196 2811 1354 2904 appellat
1373 2809 1499 2883 lunam
1518 2830 1588 2882 nu·

415 2931 513 3025 bem,
537 2950 621 3025 quae
647 2929 757 3004 babet
782 2929 819 3002 in
844 2948 885 3003 se
909 2928 1047 3003 nubem
1074 2938 1111 3003 et
1137 2930 1323 3022 umbram,
1348 2931 1477 3020 oddo,
1499 2929 1586 3023 quia

418 3050 545 3145 recipit
569 3050 697 3123 lumen
721 3069 744 3123 a
770 3049 858 3142 sole,
883 3069 1016 3141 sparo,
1045 3049 1131 3142 quia
1162 3050 1274 3124 babet
1302 3049 1340 3122 in
1372 3069 1413 3124 se
1444 3055 1586 3145 partem

415 3170 578 3263 densam,
607 3167 793 3245 utstatim
819 3168 973 3262 dicetur,
1006 3172 1134 3262 solida,
1164 3168 1264 3244 unde
1288 3168 1378 3243 radii
1403 3168 1488 3244 solis
1514 3190 1587 3243 non

416 3295 609 3386 penetrant
634 3310 700 3384 per
726 3295 845 3364 totum
863 3309 997 3385 corpus
1015 3289 1106 3380 eius,
1129 3292 1288 3383 epoltto,
1308 3310 1331 3362 a
1351 3289 1470 3382 simili,
1488 3293 1590 3381 quasi

417 3413 606 3484 maante
631 3413 690 3484 cde
707 3413 742 3484 lo
758 3412 814 3483 sol
825 3413 960 3503 [abac.
987 3410 1031 3484 Et
1057 3409 1115 3484 hic
1141 3417 1227 3484 nota
1244 3410 1351 3503 bene,
1369 3410 1468 3503 quod
1485 3431 1589 3484 com-

415 3531 556 3628 paratio
582 3537 637 3606 est
662 3530 799 3625 optima
825 3529 871 3605 de
895 3530 1092 3606 adamante
1110 3530 1158 3604 ad
1178 3530 1308 3605 innam
1335 3531 1373 3604 in
1398 3531 1534 3625 colore,
1552 3530 1589 3604 in

415 3651 564 3744 virtute,
590 3651 627 3725 in
653 3650 813 3746 potentia
840 3650 1007 3725 mirabili.
1035 3651 1097 3724 Est
1121 3651 1220 3724 enim
1246 3650 1397 3725 adamas
1414 3651 1504 3746 lapis
1520 3651 1590 3724 du-

417 3771 584 3845 rissimus
608 3791 742 3865 parum
763 3771 934 3866 crystallo
954 3770 1159 3863 obscurior,
1176 3770 1310 3844 coloris
1327 3778 1452 3845 tamen
1478 3770 1589 3844 lucidi

417 3890 605 3988 fulgentis:
624 3889 687 3983 qui
713 3889 803 3983 lapis
827 3893 995 3984 penetrat
1021 3889 1163 3964 serrum
1181 3895 1220 3964 et
1240 3896 1392 3964 ceteras
1408 3909 1588 3986 gemmas,

418 4019 455 4089 et
480 4018 535 4086 est
561 4008 713 4084 modicae
739 4008 961 4104 quantitatis,
980 4009 1030 4084 ita
1047 4015 1089 4082 ut
1115 4031 1189 4084 non
1214 4009 1384 4084 videatur
1408 4009 1591 4085 excedere

418 4130 661 4225 quantitatem
679 4130 873 4222 avellanae3
900 4134 937 4202 et
961 4128 1060 4222 quod
1086 4128 1253 4204 mirabile
1274 4135 1341 4224 est,
1362 4129 1392 4202 si
1409 4149 1590 4224 superpo-

418 4251 517 4326 nitur
532 4241 568 4344 (Ἴ)
584 4250 744 4346 magneti
763 4250 850 4346 ligat
868 4258 1090 4344 magnetem,
1105 4255 1142 4323 et
1156 4269 1229 4324 non
1247 4249 1423 4344 permittit
1439 4251 1590 4325 trabere

418 4370 571 4447 serrum.
585 4375 718 4442 -Pcr
743 4376 854 4442 antro.
872 4368 938 4442 Hic
962 4375 1069 4463 poeta
1095 4368 1252 4443 ostendit
1276 4389 1343 4463 per
1368 4389 1482 4463 quem
1509 4389 1589 4444 mo-

418 4489 508 4564 dum
534 4489 682 4564 intravit
707 4509 841 4583 corpus
866 4489 992 4581 lunae,
1008 4495 1046 4563 et
1071 4488 1150 4562 vult
1170 4488 1333 4562 breviter
1349 4488 1474 4564 dicere
1489 4489 1589 4582 quod

418 4609 497 4684 sine
526 4609 685 4702 lesione,
712 4608 791 4682 sine
821 4608 1008 4701 fractione,
1040 4627 1107 4702 per
1136 4627 1249 4680 unam
1275 4608 1588 4703 comparationem

417 4731 568 4825 claram,
594 4749 678 4823 quae
704 4729 815 4802 dese
840 4733 949 4821 patet.
975 4726 1078 4802 Unde
1108 4726 1213 4800 dicit:
1240 4729 1412 4801 L’eterno
1441 4750 1591 4820 morga-

418 4854 503 4943 rito,
529 4849 630 4944 idest,
658 4851 755 4941 luna,
783 4867 867 4942 quae
898 4868 972 4922 non
997 4847 1180 4943 frangitur
1210 4848 1304 4923 sicut
1331 4856 1464 4923 nostrae
1490 4871 1592 4924 mar-

442 5155 443 5158 ,
483 5107 512 5172 (¹)
527 5107 558 5158 E.
574 5107 636 5158 luna
652 5107 910 5170 ipsu—Parmani.
1112 5103 1140 5170 (¹)
1157 5107 1188 5157 n
1203 5107 1366 5172 supponitur.
