4575 6842
738 963 809 1032 318
1129 975 1335 1033 counuruu
1358 977 1525 1032 emaum

733 1125 844 1215 gutur
867 1141 890 1194 a
917 1127 1049 1194 natura
1074 1141 1154 1215 sua,
1172 1129 1353 1215 quantum
1372 1123 1484 1196 bomo
1501 1120 1539 1196 iu
1556 1121 1696 1196 bouum
1717 1127 1755 1195 et
1774 1119 1812 1194 in
1830 1141 1910 1194 ma·

734 1238 823 1312 lum.
850 1239 969 1315 llomo
998 1239 1097 1315 euim
1123 1240 1170 1316 de
1194 1241 1252 1315 sui
1278 1249 1411 1317 natura
1440 1249 1497 1316 est
1521 1241 1807 1337 perfectissimus
1830 1241 1911 1316 ani-

737 1359 906 1453 malium,
941 1365 978 1435 et
1016 1361 1320 1456 perfectissimum
1355 1384 1491 1458 corpus
1532 1361 1690 1437 bominis
1723 1361 1911 1437 invenitur

736 1481 1052 1577 proportionatum
1083 1483 1179 1557 coelo
1210 1489 1249 1558 et
1279 1484 1438 1578 mundo;
1469 1483 1551 1559 ideo
1582 1485 1682 1558 solus
1714 1485 1838 1577 borno,
1870 1488 1911 1557 ut

738 1600 858 1695 inquit
881 1601 1045 1695 Hermes,
1072 1609 1126 1676 est
1153 1622 1271 1676 nexus
1296 1603 1360 1678 Dei
1387 1609 1425 1678 et
1448 1602 1588 1698 mundi,
1609 1624 1654 1678 eo
1679 1603 1778 1698 quod
1804 1602 1912 1677 intel·

738 1720 875 1794 lectum
901 1721 1065 1796 divinum
1092 1722 1129 1795 in
1154 1721 1341 1816 sehabet,
1367 1743 1434 1818 per
1466 1743 1579 1818 quem
1612 1723 1809 1817 aliquando
1834 1723 1911 1798 ele-

739 1847 851 1914 vatur
875 1861 987 1936 supra
1012 1842 1215 1937 mundum,
1239 1842 1340 1918 unde
1364 1843 1476 1918 bomo
1503 1863 1745 1940 perseverans
1769 1843 1806 1918 in
1831 1845 1911 1919 cul·

740 1960 839 2034 mine
864 1961 996 2035 mentis
1014 1962 1125 2037 trabit
1141 1963 1188 2038 ad
1204 1984 1245 2039 se
1261 1983 1396 2059 corpus
1413 1970 1451 2038 et
1468 1963 1662 2057 mundum,
1681 1963 1768 2057 quia
1785 1965 1910 2040 anima

738 2087 823 2154 nata
848 2087 903 2154 est
929 2081 1123 2177 principari
1149 2083 1295 2180 corpori
1321 2092 1358 2159 et
1383 2085 1533 2180 mundo,
1554 2090 1592 2159 et
1617 2085 1794 2160 naturalis
1818 2087 1911 2161 ordo

740 2205 795 2274 est
814 2201 914 2294 quod
931 2201 1054 2277 anima
1071 2204 1254 2279 contineat
1271 2225 1407 2300 corpus
1424 2225 1472 2280 ne
1488 2205 1725 2280 dissolvatur:
1743 2206 1795 2281 sic
1813 2227 1912 2282 nunc

738 2328 846 2416 poeta
871 2329 997 2398 noster
1021 2344 1088 2418 per
1114 2325 1461 2420 contemplationem
1487 2333 1587 2400 stans
1602 2325 1640 2400 in
1657 2332 1758 2400 terra
1776 2333 1857 2402 erat
1874 2327 1912 2402 in

738 2440 850 2536 coelo;
876 2441 1064 2518 iortunam
1091 2444 1298 2540 negligebat
1323 2452 1361 2520 et
1393 2446 1521 2521 vivens
1552 2451 1634 2520 erat
1664 2446 1701 2518 in
1730 2446 1910 2541 paradiso.

737 2563 940 2658 Aliquando
966 2585 1056 2639 vero
1082 2573 1258 2641 econtra
1284 2567 1396 2641 bomo
1427 2587 1494 2663 per
1519 2567 1735 2643 electionem
1760 2567 1846 2642 lacit
1871 2590 1913 2644 se

725 2683 950 2758 ,interiorem
978 2685 1116 2759 mundo
1149 2707 1357 2783 supponens
1384 2708 1426 2762 se
1456 2687 1615 2783 corpori,
1644 2696 1683 2763 et
1715 2695 1805 2764 tunc
1832 2690 1912 2784 iam

740 2805 845 2900 quasi
878 2805 1019 2881 bonore
1052 2807 1289 2882 humanitatis
1320 2814 1457 2883 exutus
1489 2808 1621 2904 accipit
1652 2810 1912 2905 proprietatem

739 2925 877 3026 bestiae,
910 2947 998 3002 cum
1031 2927 1232 3003 accidentia
1261 2929 1424 3024 corporis
1454 2935 1701 3005 transmutent
1724 2931 1910 3006 animam:

742 3047 838 3121 unde
863 3067 929 3142 per
954 3045 1232 3143 imaginationes
1249 3055 1287 3124 et
1303 3050 1486 3143 passiones
1503 3050 1634 3145 accipit
1657 3051 1913 3146 corruptiones

639 3219 645 3226 -
739 3153 914 3263 corporis,
933 3167 1026 3243 sicut
1043 3167 1226 3244 Avicenna
1244 3169 1444 3265 dicitquod
1462 3170 1665 3267 imaginans
1683 3172 1826 3248 colores
1848 3195 1913 3247 ru-

741 3286 829 3362 beos
854 3293 967 3384 auget
993 3295 1137 3363 motum
1164 3296 1202 3364 et
1226 3290 1368 3364 llunum
1386 3290 1592 3387 sanguinis3
1609 3297 1648 3366 et
1666 3292 1827 3366 multum
1846 3292 1912 3366 tri-

740 3409 803 3483 stis
836 3409 968 3486 timens
1001 3410 1140 3505 lepram
1176 3410 1247 3484 erit
1278 3411 1475 3505 aliquando
1514 3412 1690 3508 leprosus.
1726 3411 1831 3486 blodo
1863 3411 1912 3488 ad

739 3530 966 3625 propositum
992 3530 1077 3605 dicit
1102 3530 1248 3625 Dentes,
1274 3531 1373 3626 quod
1406 3553 1479 3606 non
1505 3538 1624 3627 potest
1648 3554 1747 3609 nunc
1773 3534 1913 3608 referre

719 3649 948 3745 rerbaliter,
974 3650 1038 3725 sed
1064 3651 1324 3746 exemplariter
1356 3659 1515 3747 tanturn,
1540 3675 1646 3728 suam
1678 3653 1913 3729 intrinsecam

741 3769 921 3845 occultam
956 3771 1313 3867 transmutationem,
1346 3773 1392 3848 de
1423 3774 1493 3848 boc
1517 3795 1558 3849 sc
1583 3795 1783 3869 excusans,
1817 3773 1915 3849 unde

741 3889 845 3965 dicit:
873 3897 1115 3982 tosomonur,
1140 3891 1243 3985 idest,
1274 3893 1461 3985 quomodo
1486 3894 1598 3969 bomo
1623 3893 1686 3969 fiat
1717 3895 1913 3991 plusquam

742 4010 865 4103 homo,
882 4011 941 4085 vel
957 4010 1057 4086 aliud
1075 4033 1188 4107 quam
1203 4015 1326 4108 bomo,
1341 4035 1414 4087 uon
1429 4017 1581 4107 sipario
1601 4017 1797 4108 sipuificor,
1810 4015 1912 4109 idest,

743 4129 976 4226 manifestari,
999 4153 1067 4226 prr
1093 4133 1213 4224 umbo,
1240 4133 1388 4228 scilicet,
1415 4141 1532 4231 poetae
1558 4135 1617 4210 vel
1642 4135 1809 4230 oratoriS,
1832 4136 1915 4212 ideo

743 4270 841 4325 nunc
864 4250 1030 4326 describo
1048 4253 1118 4327 boc
1135 4259 1257 4328 metro
1274 4253 1342 4328 isto
1359 4260 1527 4329 materno
1541 4245 1592 4349 (⁴),
1604 4246 1697 4348 pero
1720 4259 1744 4329 t’
1752 4259 1914 4350 eampo,

741 4369 876 4445 scilicet
896 4371 1111 4465 pradictum
1130 4371 1270 4468 Glauci,
1287 4375 1389 4465 busti,
1408 4373 1494 4469 quia
1514 4375 1596 4469 plus
1615 4382 1767 4450 movent
1786 4396 1916 4450 erem·

741 4489 799 4583 pla
830 4511 943 4584 quam
972 4493 1097 4586 verba,
1130 4516 1155 4567 a
1189 4496 1245 4568 cui
1276 4497 1407 4585 parab
1436 4495 1541 4568 serbo
1573 4497 1790 4589 emmo,
1826 4497 1919 4574 idest

740 4607 803 4702 illi,
829 4610 889 4684 cui
915 4610 1036 4686 divina
1060 4613 1180 4709 gratia
1204 4613 1380 4690 concedet
1404 4614 1564 4711 experiri
1590 4615 1670 4710 boc,
1691 4616 1785 4691 sicut
1803 4623 1916 4692 autor

743 4731 1002 4824 experiebatur
1028 4753 1138 4829 nunc,
1156 4739 1193 4809 et
1213 4735 1310 4810 sicut
1333 4735 1440 4809 multi
1466 4735 1590 4832 magni
1615 4736 1784 4812 doctores
1809 4739 1915 4812 tineo·

741 4847 815 4943 logi
847 4850 987 4945 experti
1019 4852 1171 4928 luerunt
1202 4861 1290 4929 aute
1320 4875 1409 4930 eum
1439 4854 1477 4930 in
1509 4847 1645 4949 vita(').
1659 4861 1804 4932 -S’r'o
1835 4881 1911 4933 ero.

807 5105 833 5168 (¹)
850 5107 882 5156 li.
898 5112 983 5160 metro
999 5108 1049 5162 luto
1064 5111 1181 5162 minimo.
1338 5112 1365 5176 (¹)
1382 5113 1413 5166 ll.
1429 5115 1456 5164 in
1472 5117 1524 5166 rita
1539 5129 1594 5167 rna.
