4575 6842
734 952 805 1017 492
1124 962 1329 1017 centaurum
1355 964 1519 1017 rxnxnrsr

729 1107 776 1182 de
793 1107 941 1201 Ursinis,
955 1127 1068 1202 quem
1089 1107 1266 1181 sentiebat
1284 1107 1422 1181 habere
1438 1106 1604 1179 animum
1624 1105 1795 1180 inlestum
1815 1126 1903 1179 cou-

731 1235 788 1302 tra
806 1227 997 1320 Carolum3
1022 1233 1061 1301 et
1086 1226 1205 1321 ipsum
1233 1247 1391 1321 pronum
1418 1227 1453 1299 in
1480 1246 1585 1299 suam
1609 1226 1827 1299 sententiam
1850 1225 1901 1301 la·

730 1346 846 1421 ciliter
868 1348 978 1422 traxit
998 1366 1131 1443 magua
1149 1346 1307 1440 potentia
1325 1345 1472 1441 tingue,
1485 1344 1549 1419 sed
1567 1345 1708 1420 maiore
1725 1347 1900 1441 pecunie.

610 1571 612 1575 Ι
731 1469 775 1542 Et
799 1469 972 1543 continuo
998 1470 1102 1541 laetus
1128 1475 1165 1541 et
1191 1467 1357 1563 impiger,
1385 1487 1555 1541 reversus
1573 1466 1609 1539 iu
1630 1465 1788 1540 Siciliam
1815 1486 1904 1541 cou-

732 1590 849 1663 socios
874 1589 1115 1682 confirmavit,
1141 1595 1179 1661 et
1203 1587 1442 1661 animosiores
1475 1586 1637 1680 reddidit,
1672 1586 1849 1681 recipiens
1881 1609 1901 1660 a

732 1710 882 1806 singuiis
916 1711 1158 1784 instrumenta
1184 1729 1270 1782 cum
1303 1708 1432 1782 anulis.
1468 1709 1651 1783 Reversus
1684 1708 1730 1782 ad
1764 1710 1899 1803 Papam

732 1831 832 1924 dixit,
859 1832 957 1925 quod
983 1831 1052 1904 tria
1081 1836 1188 1903 erant
1219 1829 1423 1904 necessaria
1457 1830 1502 1904 ad
1537 1836 1612 1903 tam
1644 1829 1749 1905 ardui
1783 1828 1903 1924 operis

732 1952 1056 2045 complementum,
1082 1951 1217 2025 scilicet
1251 1970 1449 2025 cousensus
1479 1952 1558 2025 eius
1584 1950 1619 2024 in
1656 1949 1807 2044 scriptis,
1839 1969 1903 2043 pe-

733 2071 854 2164 cunia,
872 2077 908 2147 et
924 2065 1015 2167 geris
1042 2072 1217 2145 militaris.
1244 2073 1288 2145 Et
1313 2092 1399 2145 cum
1425 2071 1561 2147 auxilia
1582 2071 1791 2167 excogitata
1812 2069 1904 2143 indi-

732 2198 860 2285 casset,
892 2192 1049 2265 obtentis
1080 2191 1193 2265 literis
1223 2213 1245 2265 a
1276 2194 1385 2287 Papa,
1413 2192 1649 2267 transvolavit
1674 2192 1720 2266 ad
1752 2192 1901 2265 Petrum

735 2334 861 2408 regem
888 2311 1114 2406 Aragonum,
1133 2312 1318 2405 quondam
1342 2312 1517 2387 blaniredi
1542 2332 1736 2409 generum,
1755 2310 1902 2385 avidum

734 2432 890 2525 ultionis,
917 2432 1055 2505 virtute
1075 2432 1187 2506 animi
1212 2442 1249 2507 et
1271 2433 1410 2507 viribus
1433 2434 1596 2527 corporis
1615 2433 1702 2505 nulli
1725 2452 1794 2505 suo
1811 2438 1906 2505 tem-

734 2573 824 2648 pore
848 2552 1064 2646 secundum,
1082 2552 1143 2625 cui
1170 2552 1293 2625 omnia
1313 2554 1481 2647 exposuit
1501 2558 1733 2647 pertractata.
1752 2554 1796 2625 Et
1820 2570 1907 2646 pro-

735 2673 844 2747 missa
870 2671 1025 2767 pecunia
1051 2693 1119 2767 pro
1145 2673 1291 2767 negotio
1316 2672 1546 2767 adimplendo
1572 2693 1656 2745 cum
1680 2672 1792 2747 literis
1812 2670 1907 2765 regis

734 2791 954 2868 continuatis
977 2783 1144 2885 dictisl¹),
1160 2793 1239 2887 iam
1266 2792 1394 2887 plenus
1418 2814 1482 2887 spe
1507 2794 1689 2865 lohannes
1716 2788 1906 2885 magnani-

736 2934 819 2985 mus
849 2912 1058 3007 properavit
1086 2912 1131 2985 ad
1163 2912 1425 3007 Imperatorem
1463 2911 1907 3007 constantinopolitanum,

734 3032 842 3107 cuius
868 3053 927 3106 res
952 3032 1144 3127 agebatur,
1172 3034 1257 3126 quia
1283 3032 1435 3107 Carolus
1455 3034 1533 3128 jam
1565 3053 1699 3128 magna
1732 3034 1846 3105 classe
1870 3038 1907 3105 et

737 3171 936 3226 numeroso
961 3152 1126 3225 exercitu
1155 3151 1350 3246 imperium
1378 3152 1457 3227 eius
1482 3152 1634 3247 parabat
1660 3152 1845 3245 invadere,
1870 3158 1907 3225 et

736 3272 906 3366 sperabat
931 3271 1103 3365 auterre3
1139 3272 1222 3346 ideo
1255 3271 1437 3347 lebannes
1470 3271 1517 3345 de
1551 3272 1718 3347 habenda
1752 3271 1905 3365 pecunia

736 3391 853 3465 lactus
869 3410 1035 3484 securus,
1052 3390 1098 3463 ad
1116 3410 1243 3487 regem
1263 3391 1474 3487 Aragonum
1493 3398 1548 3465 est
1567 3412 1749 3485 reversus,
1767 3397 1904 3465 etcum

735 3511 797 3585 illo
822 3511 1038 3605 composuit,
1066 3532 1112 3585 ne
1138 3512 1290 3586 Carolus
1316 3511 1737 3606 aliquidsuspicaretur,
1757 3518 1797 3584 ut
1814 3532 1854 3585 se
1872 3511 1906 3584 in
2024 3504 2029 3513 “

736 3630 893 3705 birioam
920 3636 1048 3705 contra
1074 3631 1330 3728 Carthaginem
1358 3654 1443 3707 cum
1471 3631 1635 3707 exercitu
1659 3632 1752 3706 velle
1769 3632 1823 3706 ire
1840 3632 1909 3705 liu-

736 3754 860 3848 geiet3
887 3759 925 3825 et
949 3752 1001 3827 sic
1024 3752 1224 3827 auxiliares
1250 3752 1497 3828 mercenarios
1523 3759 1560 3827 et
1585 3752 1747 3827 subditos
1777 3752 1907 3826 milites

739 3877 965 3967 procuraret.
981 3875 1078 3967 Papa
1095 3874 1261 3947 omnium
1280 3873 1447 3947 conscius
1467 3873 1662 3977 praestabat
1679 3872 1727 3945 illi
1745 3873 1907 3946 savorem

738 3994 808 4066 sub
826 3993 909 4067 licto
926 3995 1050 4068 colore
1072 3993 1153 4068 fidei
1172 3993 1387 4067 christianae.
1409 3993 1509 4089 Rege
1531 3992 1677 4067 tandem
1698 3996 1910 4065 transeunte

739 4134 868 4187 versus
886 4113 1055 4207 Atticam,
1069 4114 1252 4187 lohannes
1271 4113 1413 4188 rediens
1430 4114 1467 4185 in
1485 4112 1641 4187 Siciliam
1656 4112 1792 4206 effecit,
1810 4110 1908 4205 quod

740 4256 799 4309 res
825 4241 925 4308 tanto
950 4235 1077 4309 labore
1102 4241 1139 4309 et
1164 4234 1300 4309 sudore
1319 4240 1494 4329 concepta
1513 4234 1779 4327 produceretur
1796 4233 1833 4306 iu
1850 4232 1909 4305 lu-

738 4374 820 4428 cem
853 4361 891 4429 et
921 4359 1080 4448 partum.
1114 4354 1216 4427 Unde
1247 4354 1351 4428 siculi
1385 4354 1627 4449 praeordinata
1657 4353 1716 4427 die
1750 4355 1907 4427 elbora

630 4536 637 4547 .
738 4496 867 4549 omues
891 4474 1040 4571 gallicos
1065 4474 1313 4551 indifferenter
1340 4475 1570 4550 trucidarunt
1595 4474 1673 4549 sine
1702 4474 1910 4549 misericor-

738 4596 816 4689 dia3
843 4596 956 4669 immo
983 4596 1108 4670 lurore
1129 4596 1331 4671 inhumano
1349 4598 1385 4698 iu
1404 4596 1568 4671 nondum
1587 4603 1692 4671 natm
1713 4595 1911 4671 crudeliter

738 4716 928 4791 saevientes
954 4714 1071 4789 scissis
1097 4716 1380 4811 praegnantibus,
1407 4717 1517 4790 loetns
1534 4716 1581 4791 ad
1598 4737 1684 4789 saxa
1708 4715 1909 4807 alliserunt,

739 4858 786 4911 ne
805 4836 929 4910 odiosa
946 4835 999 4909 eis
1016 4836 1158 4910 soboles
1176 4842 1382 4930 superesset
1402 4836 1438 4909 in
1459 4856 1583 4933 reguo.
1603 4835 1647 4909 Et
1667 4854 1754 4911 ecce
1779 4836 1910 4909 Petrus

1179 5004 1439 5012 -n—-Q—

800 5098 829 5160 l')
844 5099 876 5149 Ε.
891 5100 1047 5149 continuatis
1060 5099 1158 5149 edictis.
