4575 6842
716 940 787 1008 304
1107 957 1313 1014 cousurun
1337 961 1503 1014 raaaursr

714 1101 906 1197 premium
926 1121 1116 1198 magnum,
1128 1102 1263 1178 scilicet
1274 1096 1324 1198 (¹),
1335 1104 1640 1202 propagationem
1656 1105 1786 1202 glorie
1798 1127 1887 1200 suae,

712 1223 859 1298 dicens:
890 1227 1065 1298 Odiotou
1090 1219 1201 1317 virm
1228 1225 1371 1319 idest,o
1397 1226 1537 1321 Apollo,
1563 1225 1670 1301 cuius
1696 1227 1814 1301 virtus
1833 1232 1889 1300 est

714 1345 829 1418 multa
855 1351 892 1418 et
919 1343 1119 1439 multiplex,
1145 1349 1188 1418 ut
1208 1345 1287 1440 jam
1314 1345 1453 1420 dictum
1474 1353 1531 1422 est
1547 1352 1585 1422 et
1605 1347 1766 1441 dicetur3
1783 1368 1822 1420 se
1840 1348 1889 1419 mi

713 1467 739 1537 a·
748 1468 872 1557 presit,
890 1465 1036 1558 scilicet,
1051 1470 1126 1539 tam
1141 1463 1378 1540 favorabilem
1392 1475 1434 1542 ut
1448 1466 1582 1562 possim
1595 1466 1773 1562 perlicere
1790 1464 1885 1539 istud

712 1605 861 1660 sacrum
886 1606 989 1681 opus,
1017 1593 1112 1659 ianm
1137 1589 1237 1659 clt'io
1261 1590 1447 1681 manifesti,
1473 1588 1576 1683 idest,
1596 1589 1774 1683 explicem
1792 1587 1885 1662 scri·

713 1714 833 1804 ptura,
860 1707 1019 1781 iomdru
1044 1708 1101 1781 del
1123 1713 1182 1780 tuo
1210 1728 1337 1803 regno,
1369 1708 1516 1803 scilicet,
1550 1708 1726 1803 coelestis,
1753 1715 1791 1783 et
1816 1729 1884 1782 no-

712 1833 832 1904 tanter
857 1828 942 1903 dicit
968 1828 1151 1920 umbram,
1173 1827 1260 1921 quia
1277 1848 1405 1903 reram
1423 1829 1618 1904 essentiam
1637 1850 1705 1905 nec
1725 1828 1793 1903 scit
1813 1847 1882 1903 nec

712 1935 829 2045 potest
848 1948 1164 2041 reteneamus
1185 1951 1243 2022 nel
1265 1952 1335 2022 nuo
1359 1969 1462 2043 copo,
1484 1949 1585 2044 idest,
1603 1948 1821 2045 descriptam
1845 1950 1882 2024 in

711 2089 793 2144 mea
812 2069 1015 2144 memoriali
1030 2068 1172 2163 cellula,
1186 2071 1357 2142 vedro’mi
1372 2073 1490 2144 occure
1504 2067 1611 2164 alpia*
1623 2072 1683 2144 del
1696 2077 1755 2144 tuo
1767 2073 1882 2145 dilata>

708 2193 823 2282 legno,
850 2187 953 2282 idest,
978 2189 1075 2283 apud
1101 2189 1274 2264 arborem
1302 2189 1463 2283 laurum,
1489 2212 1602 2285 quarn
1629 2192 1739 2285 paulo
1770 2211 1882 2287 supra

702 2312 852 2386 roravit
868 2316 1050 2386 amatam:
1069 2317 1106 2385 et
1125 2312 1234 2405 paulo
1252 2316 1333 2405 post
1351 2310 1448 2385 dicet
1459 2311 1646 2405 quomodo
1668 2313 1748 2387 lraec
1767 2313 1881 2386 arbor

708 2433 817 2507 luerit
841 2431 970 2506 dilecta
996 2431 1162 2528 Apollini,
1189 2454 1208 2504 e
1231 2436 1439 2505 coronarant
1461 2435 1550 2507 delle
1574 2434 1696 2527 sopite,
1721 2433 1817 2508 sicut
1838 2439 1879 2507 iu

708 2558 745 2627 te
770 2552 953 2627 coronasti
979 2559 1015 2628 et
1040 2552 1190 2626 ornasti*
1205 2551 1394 2626 frondibus
1413 2553 1518 2626 lauri.
1536 2553 1613 2628 lloc
1628 2559 1754 2628 autern
1776 2537 1880 2649 opta-

706 2671 769 2747 bat
790 2680 898 2767 poeta
924 2672 1046 2748 facere
1064 2671 1101 2746 in
1118 2671 1301 2747 Florentia
1319 2672 1413 2747 sicut
1433 2673 1509 2768 ipse
1538 2673 1654 2771 tangit
1679 2695 1755 2748 uno
1779 2675 1879 2770 capi-

706 2794 786 2867 tulo
811 2791 892 2867 libri
919 2793 1027 2867 huius
1054 2793 1162 2886 tertii,
1188 2795 1259 2884 cle,
1285 2792 1388 2886 idest,
1414 2793 1559 2888 quibus,
1576 2797 1614 2867 la
1634 2797 1784 2868 materia
1804 2817 1824 2868 e
1843 2803 1878 2868 tu

706 2917 755 2986 mi
775 2903 863 3009 sard
887 2916 1014 3005 degaro,
1041 2913 1145 3007 quasi
1171 2913 1277 3007 dicat,
1303 2933 1416 3008 opera
1443 2934 1525 2988 mea
1552 2902 1615 3008 qui
1631 2907 1667 3006 (¹)
1696 2917 1877 3010 assumpsi

705 3041 781 3108 tam
804 3033 960 3109 nobilem
981 3035 1173 3108 materiam
1192 3039 1230 3108 et
1253 3033 1373 3130 gratia
1390 3040 1454 3108 tua
1471 3034 1578 3110 iaciat
1598 3055 1659 3110 me
1680 3036 1875 3131 meritum;

704 3155 808 3250 quasi
833 3154 940 3247 dicat,
958 3153 988 3226 si
1009 3153 1137 3228 leceris
1164 3153 1252 3226 milri
1269 3154 1376 3228 istam
1391 3143 1428 3246 (³)
1445 3154 1615 3250 gratiam,
1634 3175 1705 3252 ego
1723 3156 1874 3231 reddam

703 3274 768 3348 tibi
793 3274 887 3349 hanc
902 3263 938 3366 (⁴)
966 3273 1133 3371 gloriam,
1151 3273 1251 3368 quod
1270 3293 1458 3347 assumam
1480 3274 1602 3349 statim
1626 3275 1792 3350 lauream
1811 3295 1875 3350 co·

703 3415 833 3469 ronam
859 3416 972 3489 quam
1000 3395 1122 3469 nullus
1142 3395 1221 3490 Jam
1247 3414 1314 3489 per
1339 3403 1393 3469 tot
1418 3396 1551 3470 secula
1573 3416 1758 3471 annorum
1784 3417 1875 3472 con-

702 3522 851 3592 secutus
876 3523 940 3591 est.
956 3507 1054 3590 -Sl
1077 3519 1168 3589 rode
1193 3519 1290 3590 volte.
1325 3516 1389 3591 llio
1424 3519 1558 3592 Dentes
1590 3524 1737 3612 sumpta
1766 3537 1876 3592 occa-

702 3637 804 3712 sione
834 3657 881 3711 er
910 3635 1013 3710 dictis
1043 3635 1126 3710 lacit
1155 3636 1392 3731 justissimam
1427 3637 1617 3731 querelam
1648 3637 1694 3713 de
1728 3623 1873 3734 ignavia

704 3755 978 3850 modernorum,
992 3776 1153 3851 quorum
1169 3756 1293 3831 nullus
1310 3757 1464 3853 porrigit
1480 3779 1633 3832 manum
1647 3758 1694 3833 ad
1711 3759 1873 3854 laurum,

701 3900 775 3954 non
800 3878 976 3974 princeps,
1003 3898 1077 3952 non
1102 3882 1220 3972 poeta.
1248 3877 1341 3952 llicit
1366 3899 1455 3974 ergo
1486 3878 1718 3974 indignanter
1742 3887 1781 3954 et
1806 3879 1874 3953 do-

701 4001 837 4074 lenter:
864 4001 1035 4091 opadre,
1061 3997 1208 4092 scilicet,
1233 3999 1371 4094 Apollo,
1397 3999 1459 4092 qui
1485 4005 1542 4073 est
1567 4019 1725 4094 maguus
1756 4005 1871 4093 pater,

699 4121 846 4214 dequo
871 4118 955 4193 dicit
979 4117 1138 4213 capitulo
1164 4118 1274 4192 huius
1301 4118 1382 4193 libri
1412 4119 1521 4213 tertii,
1546 4121 1637 4193 colui
1666 4122 1725 4193 cle
1755 4122 1872 4211 padre

699 4243 831 4332 d’opni
847 4242 978 4312 mortui
997 4241 1088 4312 vim:
1104 4230 1134 4311 si
1151 4242 1241 4313 rade
1257 4241 1347 4312 oolte
1363 4262 1400 4312 se
1415 4260 1459 4313 aa
1474 4243 1598 4333 cogite,
1618 4239 1665 4313 de
1679 4238 1871 4312 frondibus

698 4361 805 4454 lauri,
825 4381 894 4454 per
918 4362 1093 4453 trionsare
1120 4363 1259 4452 Cerere,
1289 4358 1425 4452 quide
1456 4358 1580 4432 multis
1610 4358 1713 4434 bellis
1744 4357 1870 4432 claris·

698 4483 790 4558 sime
808 4478 1053 4575 triumphavit.
1070 4481 1183 4554 Vocat
1199 4487 1326 4553 autem
1346 4501 1496 4555 ornnem
1515 4479 1776 4574 imperatorem
1790 4478 1871 4552 Cae-

697 4623 818 4678 sarem
844 4601 993 4697 abipso
1024 4601 1168 4674 cesare
1198 4601 1329 4695 primo,
1362 4601 1457 4675 sicut
1483 4601 1609 4675 volunt
1637 4600 1715 4675 iere
1739 4619 1870 4673 omnes

697 4730 846 4798 autores
870 4721 1042 4818 gentiles3
1061 4720 1123 4794 sed
1141 4720 1325 4795 christiani
1344 4720 1469 4795 dicunt
1489 4720 1594 4815 quasi
1618 4741 1749 4795 omnes
1761 4719 1869 4814 ¹quod

697 4843 891 4938 imperium
919 4841 1026 4936 coepit
1052 4843 1099 4916 ab
1124 4841 1302 4938 Augusto,
1321 4841 1408 4935 quia
1431 4841 1511 4936 plus
1536 4842 1641 4915 auxit
1667 4840 1868 4936 rempubli-

759 5031 786 5092 ('l
804 5029 833 5080 E.
850 5029 956 5087 scilicet,
972 5042 1004 5080 ex
1020 5030 1212 5092 propagatione.
1365 5086 1369 5094 ι
1399 5027 1425 5087 (¹)
1442 5027 1472 5077 E.
1490 5029 1558 5090 quia.

758 5106 785 5168 t't
801 5108 832 5158 E
848 5107 922 5158 nano.
1398 5106 1425 5162 r)
1442 5105 1473 5153 Ε.
1489 5106 1573 5155 isram.
