4575 6842
684 961 753 1027 194
1015 971 1223 1027 consanum
1248 969 1468 1026 runoaronu

681 1138 701 1190 e
724 1117 893 1190 onerate
921 1119 1025 1189 siam
1048 1118 1087 1189 in
1108 1123 1227 1190 eterno
1258 1119 1289 1190 la
1316 1115 1464 1188 bellezze
1481 1119 1545 1186 tue.
1561 1151 1610 1166 -
1624 1113 1760 1184 Poseio.
1788 1111 1853 1184 llic

681 1242 801 1332 poeta,
819 1237 906 1332 quia
924 1237 1150 1335 figuraverat
1172 1243 1278 1312 retus
1295 1239 1557 1310 testamentum
1575 1231 1675 1327 quod
1699 1231 1737 1305 in
1755 1231 1855 1306 libris

682 1355 808 1451 viginti
817 1357 1205 1451 quotuoroonlinetur,
1216 1377 1314 1430 nuno
1326 1353 1476 1429 intendit
1485 1352 1694 1428 describere
1703 1373 1855 1445 novum,

684 1475 782 1569 quod
800 1477 991 1551 ordinatur
1007 1497 1074 1572 per
1092 1477 1203 1550 libros
1221 1476 1405 1571 quinque:
1423 1480 1461 1549 et
1483 1473 1602 1568 primo
1623 1473 1771 1566 quidem
1789 1473 1856 1548 de·

683 1595 808 1671 scribit
821 1604 982 1691 quatuor
998 1597 1249 1693 evangelistas.
1269 1596 1313 1669 Et
1329 1595 1376 1670 ad
1392 1589 1665 1690 intelligentiam
1685 1593 1795 1666 huius
1812 1592 1857 1666 li-

685 1722 777 1792 terae
789 1723 844 1791 est
856 1717 1057 1811 sciendum,
1068 1717 1167 1811 quod
1179 1716 1346 1791 Ezechiel
1361 1723 1486 1789 narrat
1499 1735 1539 1789 se
1552 1715 1684 1788 vidisse
1696 1720 1858 1807 quatuor

686 1837 869 1933 animalia,
888 1857 1048 1932 quorum
1070 1836 1181 1910 unius
1207 1837 1331 1911 vultus
1355 1843 1435 1911 erat
1455 1835 1564 1911 iacies
1582 1835 1750 1929 hominis,
1767 1823 1859 1910 alle-

688 1958 765 2032 rius
785 1956 910 2052 leonis,
929 1957 1080 2032 alterius
1096 1957 1211 2052 bovis,
1230 1941 1380 2031 alteriu's
1397 1956 1541 2049 aquilae.
1563 1956 1663 2030 Hanc
1680 1951 1867 2031 visionem

688 2077 836 2171 exponit
861 2077 1061 2173 Gregorius
1081 2099 1148 2172 pro
1169 2076 1399 2173 evangelistis
1420 2076 1550 2171 primo,
1568 2083 1606 2152 et
1626 2076 1675 2151 ita
1696 2076 1859 2170 loquitur

687 2197 746 2271 hio
771 2203 880 2291 poeta
909 2204 1044 2273 noster.
1077 2198 1266 2271 llatthaeus
1297 2197 1393 2272 enim
1425 2195 1535 2290 ooepit
1550 2189 1587 2288 (¹)
1619 2197 1667 2270 ab
1696 2197 1860 2271 humana

688 2318 937 2413 generatione,
963 2317 1045 2393 ideo
1071 2318 1180 2393 habet
1207 2316 1335 2392 faciem
1362 2315 1541 2391 hominis:
1568 2316 1713 2390 llarcus
1737 2335 1759 2389 a
1785 2316 1861 2390 ola-

689 2429 844 2531 morel¹t
873 2439 909 2512 in
934 2439 1091 2533 deserto,
1117 2439 1200 2513 ideo
1231 2438 1342 2512 habet
1368 2437 1497 2512 faciem
1530 2437 1663 2512 leonis:
1689 2437 1807 2511 Lucas
1822 2427 1859 2529 (³)

690 2579 780 2634 vero
798 2560 908 2635 habet
932 2560 1062 2635 faciem
1090 2559 1193 2633 rituli
1219 2558 1307 2653 quia
1332 2558 1480 2652 inooepit
1499 2579 1522 2632 a
1539 2557 1734 2632 sacrificio:
1753 2558 1863 2632 loan-

692 2698 757 2753 nes
781 2679 891 2754 habet
916 2679 1045 2753 faciem
1069 2679 1203 2773 aquilae
1230 2677 1316 2773 quia
1342 2678 1490 2774 inooepit
1506 2699 1528 2753 a
1545 2678 1733 2753 divinitate
1759 2678 1861 2754 verbi

691 2800 775 2894 Ilei,
801 2800 883 2874 ideo
908 2821 1015 2876 more
1039 2800 1172 2894 aquilae
1198 2799 1313 2873 infixit
1330 2801 1457 2874 oculos
1474 2799 1511 2874 in
1533 2801 1659 2874 solem.
1678 2799 1783 2874 Nune
1800 2819 1864 2872 or-

692 2922 777 2997 dina
801 2921 944 2996 literam
977 2921 1048 2995 sio:
1079 2926 1226 3008 (inultm
1255 2922 1413 3013 ammoli,
1441 2921 1588 3014 scilieet,
1619 2911 1864 3016 evangelistae,

692 3049 862 3115 coronato
878 3044 1019 3115 amaon
1036 3044 1073 3114 di
1088 3043 1193 3114 verde
1206 3043 1355 3134 frunda,
1369 3039 1455 3134 quia
1474 3045 1579 3115 erant
1597 3039 1813 3114 virentiores
1825 3026 1863 3130 (⁴)

694 3169 732 3238 et
755 3163 984 3238 florentiores
1010 3182 1123 3257 quam
1155 3161 1204 3234 illi
1237 3161 1411 3256 seniores,
1437 3162 1523 3256 quia
1551 3161 1736 3256 juniores3
1768 3161 1866 3236 nude

694 3283 782 3357 fides
813 3284 894 3378 plus
924 3284 1071 3380 vigebat
1103 3282 1141 3355 in
1176 3283 1238 3377 eis,
1275 3303 1427 3356 vennere
1459 3304 1628 3376 oppresso
1663 3285 1732 3377 lor,
1765 3284 1867 3378 idest,

694 3411 776 3499 post
804 3405 883 3478 illos
912 3403 1038 3499 viginti
1073 3411 1236 3498 quatuor
1268 3425 1290 3478 a
1324 3403 1444 3496 simili,
1482 3424 1578 3476 come
1611 3407 1683 3478 lure
1715 3409 1869 3480 secondo

695 3526 781 3617 luae,
810 3523 912 3618 idest,
937 3522 1106 3617 sequitur
1131 3523 1266 3617 lucem,
1283 3526 1322 3595 in
1346 3525 1428 3616 oie&
1450 3529 1487 3597 et
1512 3528 1567 3598 est
1592 3524 1738 3619 propria
1764 3545 1869 3600 oom-

696 3642 848 3738 paratio,
874 3643 961 3736 quia
985 3643 1079 3716 sicut
1103 3642 1140 3716 in
1167 3643 1262 3717 ooelo
1287 3664 1361 3716 una
1383 3643 1486 3717 stella
1510 3643 1628 3717 oritur
1653 3651 1733 3740 post
1758 3645 1867 3719 aliam

697 3764 745 3838 ad
777 3763 1056 3838 illuminandum
1094 3763 1274 3836 mundum
1309 3771 1476 3858 tempore
1506 3765 1633 3858 nortia,
1667 3765 1717 3840 ita
1749 3767 1869 3861 primo

698 3884 780 3958 libri
806 3884 945 3977 antiqui
962 3885 1138 3958 luxerunt
1156 3883 1193 3957 in
1211 3884 1350 3958 mundo
1369 3884 1405 3958 in
1422 3892 1590 3980 tempore
1607 3886 1869 3982 tenebrarum3

698 4011 823 4100 postea
849 4010 1032 4080 venerunt
1057 4005 1216 4078 maiores
1241 4004 1342 4079 luces
1368 4005 1403 4078 in
1430 4011 1597 4100 tempore
1617 4007 1757 4103 gratiae,
1774 4009 1870 4083 soili-

699 4131 758 4200 oet
785 4125 868 4198 libri
896 4125 1217 4220 evangelistarum.
1249 4124 1309 4198 lsti
1329 4117 1364 4217 (⁵)
1396 4125 1479 4201 dico
1518 4137 1717 4223 venerunt,
1746 4113 1872 4222 posoio

699 4249 775 4319 olr'i
795 4249 881 4339 fiori
895 4268 915 4319 e
931 4249 1055 4320 tolera
1071 4249 1207 4339 sresolw
1228 4246 1364 4335 arbella,
1387 4247 1522 4340 quibus
1543 4256 1623 4323 erat
1642 4250 1749 4345 plena
1768 4258 1869 4327 terra

700 4371 838 4458 sancta,
864 4365 931 4459 ibi:
955 4366 1150 4459 surliberi,
1179 4387 1246 4460 pro
1271 4365 1425 4459 liberati,
1446 4371 1494 4440 do
1519 4371 1628 4460 quelle
1651 4374 1745 4462 gerni
1763 4375 1869 4466 olette,

701 4486 804 4580 idest,
824 4486 872 4560 ab
889 4484 956 4558 illis
981 4484 1106 4580 viginti
1129 4492 1343 4579 quotenne
1368 4489 1527 4578 nupero
1544 4491 1582 4562 di
1606 4509 1672 4582 nra,
1695 4482 1872 4585 contral⁶l

702 4606 831 4681 faeiem
851 4626 985 4698 meam,
999 4609 1184 4679 dollaltro
1200 4608 1351 4699 morale,
1370 4606 1473 4700 idest,
1486 4607 1523 4680 in
1542 4609 1708 4685 ulteriori
1728 4612 1805 4707 ripa
1823 4601 1874 4706 (⁷),

763 4779 792 4841 (¹)
807 4778 838 4830 B.
854 4779 952 4842 incipit.
1266 4776 1293 4840 ι’)
1310 4779 1341 4828 Ε.
1358 4793 1372 4828 a
1389 4779 1518 4830 clamante
1535 4781 1569 4832 lu.

764 4855 791 4917 (⁸)
806 4856 837 4905 Ε.
853 4856 936 4906 Luem
946 4870 961 4906 a
972 4856 1105 4914 umiflelo,
1122 4857 1180 4908 ldso
1195 4856 1273 4908 habet
1289 4855 1380 4907 faciem
1399 4858 1482 4908 ritull.
1493 4858 1605 4909 loannes
1614 4860 1703 4923 inoluit
1715 4875 1730 4911 a
1742 4859 1875 4912 dlriultuts

703 4930 774 4981 uerbi
791 4931 847 4991 liei,
863 4932 921 4982 ideo
937 4934 1015 4982 habel
1030 4933 1122 4984 lactem
1139 4933 1241 4997 aquilo,
1258 4935 1318 4997 quia
1335 4947 1409 4983 more
1425 4934 1493 4986 illius
1509 4935 1591 4986 lnllxit
1606 4937 1698 4987 oculos
1714 4938 1740 4986 iu
1756 4936 1848 4988 solem.

766 5007 793 5068 (⁵)
809 5007 841 5056 li.
856 5009 1016 5059 nitentiorer.
1266 5007 1294 5068 (¹)
1310 5007 1340 5058 E.
1357 5009 1408 5058 lsla
1424 5009 1491 5061 dico.

767 5083 795 5146 (⁸)
812 5084 842 5136 E.
857 5085 923 5137 idest
938 5091 1037 5138 eontra.
1268 5083 1296 5148 (i)
1313 5089 1367 5148 117,
1384 5087 1441 5152 rlpr
1457 5087 1580 5152 llumiuir,
1596 5089 1664 5156 quin.
