4575 6842
1495 986 1566 1053 417

394 1264 560 1335 canitis
584 1265 759 1346 SEXTUS,
783 1268 819 1331 in
842 1286 902 1349 qno
923 1267 1136 1333 introducitur
1157 1266 1363 1335 ‘Iustininmts
1384 1270 1565 1351 imperator,

529 1399 672 1445 nonam
691 1378 793 1443 mutto
814 1398 884 1460 qtcae
904 1383 994 1461 pecto
1016 1384 1091 1443 stent
1111 1378 1169 1444 snb
1192 1379 1283 1462 eipso
1307 1382 1431 1463 aqndae.

465 1636 637 1805 Poscis
666 1732 1139 1822 coementatorum
1173 1733 1277 1804 cone.
1306 1730 1503 1823 Postquam
1530 1731 1566 1804 in

391 1851 610 1948 precedenti
636 1851 795 1948 capituto
811 1851 946 1926 Dantes
963 1850 1165 1925 introduxit
1185 1849 1353 1945 spiritum
1375 1850 1565 1924 iustiniani

391 1971 438 2045 ad
464 1970 689 2066 loquendum
716 1991 856 2065 secum,
877 1990 976 2046 nunc
995 1976 1265 2064 consequenter
1284 1969 1321 2043 in
1343 1969 1510 2066 presenti
1528 1965 1564 2062 (¹)

391 2091 550 2187 capitulo
563 2091 609 2164 vi
629 2092 730 2187 ponit
754 2091 957 2166 orationem
977 2098 1015 2165 et
1030 2091 1282 2165 narrationem
1300 2089 1396 2183 eius3
1414 2096 1452 2163 et
1469 2110 1566 2185 prae-

391 2232 476 2287 sens
500 2212 701 2307 capitutum
727 2210 774 2285 ad
799 2212 922 2286 minus
946 2210 1118 2286 dividitur
1133 2202 1170 2303 (ἰ)
1196 2211 1233 2284 in
1259 2217 1335 2285 tres
1360 2216 1482 2306 partes
1498 2231 1566 2307 ge-

391 2332 604 2407 normania
629 2332 748 2427 prima
774 2352 935 2426 quarum
952 2330 1177 2405 lastinianus
1194 2330 1356 2405 breviter
1381 2330 1565 2425 percurrit

391 2458 538 2547 tempus
553 2452 612 2527 sui
629 2451 783 2547 imperii,
801 2472 908 2526 suam
925 2451 1206 2526 conversionem
1224 2457 1262 2525 et
1281 2471 1393 2546 opera
1419 2470 1564 2547 magna.

389 2572 431 2647 ln
455 2571 617 2648 secunda
649 2571 834 2647 succincte
866 2570 1077 2667 perstringit
1104 2570 1344 2646 memoranda
1369 2577 1472 2667 gesta
1505 2591 1567 2645 ro-

391 2712 588 2767 manorum
615 2691 710 2765 iacta
740 2690 810 2765 sub
837 2690 1032 2765 victorioso
1061 2690 1166 2787 signo
1191 2690 1324 2784 aquiiae
1350 2711 1417 2786 per
1450 2690 1565 2765 multa

390 2812 537 2905 saecuia,
555 2810 623 2885 ibi:
655 2814 708 2885 Or
732 2814 792 2901 put
814 2812 889 2884 atta
913 2809 1133 2902 quinimmo
1159 2809 1267 2883 tertia
1292 2815 1329 2884 et
1355 2810 1483 2885 ultima
1506 2830 1565 2885 re·

391 2929 544 3027 spondet
567 2929 615 3004 ad
641 2949 753 3004 unam
780 2928 991 3025 petitionem
1026 2930 1165 3004 autoris
1194 2938 1231 3003 et
1261 2930 1425 3004 nominat
1454 2930 1562 3005 aiiam

390 3052 553 3127 animam
580 3050 795 3124 modernam
817 3049 946 3124 desua
965 3070 1084 3145 spera,
1102 3049 1170 3124 ibi:
1193 3054 1320 3139 Quanta
1333 3053 1490 3145 poncio.
1509 3050 1563 3124 nd

389 3173 553 3269 primum
578 3191 670 3268 ergo
694 3169 775 3245 dico
801 3170 900 3264 quod
925 3170 1150 3245 Iustinianus
1179 3178 1306 3246 narrat
1335 3177 1481 3267 tempus
1506 3171 1563 3245 sui

390 3292 545 3388 imperii,
571 3291 849 3367 conversionem
875 3296 913 3365 et
946 3310 1083 3386 opera:
1110 3299 1148 3365 et
1181 3291 1300 3387 primo
1332 3292 1412 3366 vuit
1442 3292 1565 3368 dicere

390 3413 490 3509 quod
516 3433 712 3487 romanum
744 3412 940 3506 imperium
966 3412 1044 3507 jam
1075 3418 1228 3487 steterat
1257 3413 1294 3485 in
1323 3412 1464 3489 Graecia
1494 3414 1565 3489 du·

389 3533 504 3608 centis
529 3532 634 3608 annis
658 3540 696 3608 ct
721 3533 802 3627 pins
827 3537 908 3625 post
933 3531 1208 3607 translationem
1234 3531 1366 3609 iactam
1386 3554 1453 3629 per
1469 3534 1566 3609 Gon-

389 3652 590 3726 stantinum
617 3650 764 3745 quando
789 3650 956 3746 pervenit
979 3651 1026 3725 ad
1053 3673 1186 3726 manus
1211 3674 1307 3727 snas.
1334 3654 1428 3729 Dicit
1453 3675 1564 3753 ergo:

389 3774 535 3848 L'ocoel
557 3776 596 3847 di
615 3774 698 3862 Ιὶίο,
724 3771 828 3865 idest,
853 3772 976 3865 aquila
1001 3772 1147 3867 signum
1175 3771 1311 3847 ducum
1340 3781 1377 3849 et
1403 3775 1565 3871 impera·
1598 3802 1602 3812 ¹

390 3901 514 3971 torum
534 3913 788 3986 romanorum,
805 3912 918 3985 quam
937 3892 1094 3987 appeiiat
1119 3913 1228 3968 avem
1258 3893 1337 3987 Dei,
1363 3896 1450 3988 quia
1467 3897 1565 3991 apud

390 4036 520 4092 omnes
536 4020 662 4111 poetas
674 4012 844 4105 antiquos
856 4011 980 4105 aquiia
996 4011 1129 4086 dicitur
1145 4012 1223 4085 avis
1236 4011 1346 4107 iovis,
1360 4015 1447 4108 quia
1465 4015 1565 4089 dedit

390 4134 458 4210 sibi
481 4135 621 4209 bonum
648 4132 850 4229 augurium
876 4131 1051 4225 rictoriae,
1075 4131 1173 4205 sicut
1202 4133 1408 4227 expositum
1440 4140 1495 4209 est
1525 4135 1562 4208 in

390 4253 621 4351 Purgatorio,
651 4260 689 4328 et
723 4252 908 4327 mirabiles
945 4251 1101 4326 virtutes
1133 4251 1268 4345 aquiiae
1294 4252 1439 4360 scriptae
1477 4262 1563 4329 sunt

390 4373 511 4469 primo
527 4372 686 4468 capitulo
711 4372 822 4446 huius
839 4370 1011 4466 Paradisi,
1026 4371 1073 4446 de
1085 4392 1159 4465 qua
1173 4370 1259 4445 dicit
1271 4371 1449 4468 iosephns
1462 4372 1560 4467 quod

391 4493 514 4590 aquiia
530 4502 586 4568 est
608 4494 754 4590 signum
781 4512 1035 4585 romanorum,
1051 4491 1137 4585 quia
1157 4493 1417 4567 universarum
1435 4493 1560 4569 avium

390 4614 501 4689 habet
526 4634 697 4711 regnum,
722 4619 760 4687 et
796 4611 1004 4705 fortissima,
1032 4614 1065 4685 si
1095 4614 1241 4705 mentm,
1280 4612 1382 4707 idest,
1418 4634 1563 4688 moram

390 4735 485 4829 iecit,
518 4735 598 4807 neit
610 4739 757 4806 ostreno
781 4734 819 4806 di
842 4737 1002 4824 Europa,
1027 4731 1130 4826 idest,
1155 4732 1193 4805 in
1218 4732 1364 4808 civitate
1389 4734 1565 4809 Constan-

390 4854 552 4951 tinopoli,
577 4859 675 4927 codo
699 4875 719 4926 c
742 4859 840 4927 cento
865 4855 953 4926 anni
976 4847 1091 4946 epiri,
1119 4851 1223 4946 idest,
1249 4854 1346 4928 ultra
1367 4853 1563 4928 ducentos:

455 5113 664 5179 ‹os-equor
976 5111 1203 5175 ornarentur.

526 5222 565 5266 Π·
1403 5220 1429 5265 aa
