4575 6842
702 903 773 969 242
1066 910 1271 965 couunruu
1294 907 1513 963 runeamau

705 1336 873 1405 CANTUS
900 1334 1160 1402 TRIGESIMUS
1189 1330 1423 1413 SECUNDUS,
1447 1332 1484 1397 io
1505 1350 1565 1414 pato
1587 1333 1705 1396 emtas
1725 1330 1807 1396 sicut
1826 1348 1876 1395 se·

780 1454 869 1516 enus
900 1452 947 1513 est
977 1468 1104 1513 summ
1135 1466 1205 1513 uem
1234 1444 1420 1511 dominabus
1450 1448 1482 1509 ct
1511 1442 1708 1523 senonim
1740 1447 1770 1507 et
1795 1443 1877 1507 sicud

784 1560 893 1644 opeda
909 1559 1069 1641 pmuusit
1097 1578 1233 1636 morrona,
1257 1562 1288 1622 et
1309 1556 1348 1621 de
1372 1554 1472 1637 culpe,
1495 1560 1527 1620 ct
1553 1554 1592 1619 de
1617 1574 1694 1619 ono
1714 1553 1876 1637 munificu-

784 1673 883 1752 tionc,·
908 1676 938 1735 et
958 1670 994 1734 in
1010 1670 1075 1750 fine
1089 1668 1128 1735 de
1141 1669 1271 1753 piperato
1285 1672 1315 1733 et
1329 1666 1550 1744 demeretn‘co,
1566 1670 1597 1731 et
1613 1665 1653 1731 de
1668 1663 1776 1729 mutus
1791 1662 1875 1729 obis.

795 1923 957 2093 muro
982 2039 1070 2091 mun
1094 2020 1145 2109 pb·
1168 2018 1264 2091 occid
1293 2018 1373 2090 miei
1394 2020 1479 2110 fissi.
1505 2016 1702 2109 Postquam
1729 2014 1766 2088 io
1791 2034 1878 2109 pro-

706 2142 805 2216 xime
823 2140 1041 2238 praecedenti
1059 2138 1219 2233 capituto
1237 2144 1343 2233 poeta
1360 2144 1485 2212 noster
1501 2136 1657 2213 ostendit
1673 2136 1819 2231 plenam
1841 2143 1879 2211 et

706 2260 905 2357 perfectam
931 2259 1215 2355 pulcritudinem
1233 2257 1419 2351 Beatricis,
1437 2278 1536 2331 nunc
1552 2263 1821 2351 consequenter
1841 2257 1880 2330 iu

706 2379 877 2475 praesenti
902 2378 1061 2474 capituto
1079 2378 1212 2451 XXXti
1231 2376 1403 2453 describit
1423 2376 1672 2452 reversionem
1694 2376 1881 2450 militantis

709 2501 870 2577 ecclesiae
897 2500 933 2573 in
960 2499 1125 2596 patriam.
1152 2499 1195 2571 Et
1221 2490 1393 2590 totum(¹)
1414 2496 1510 2571 istud
1533 2496 1736 2592 capitutum
1762 2502 1880 2591 potest

707 2622 869 2696 breviter
885 2619 993 2695 dividi
1011 2619 1047 2692 iu
1065 2626 1226 2713 quatuor
1245 2626 1367 2715 partes
1382 2618 1586 2714 generales.
1601 2616 1642 2691 ln
1656 2617 1772 2713 prima
1786 2637 1881 2710 qua-

711 2762 794 2815 rum
820 2740 989 2816 describit
1015 2738 1284 2834 dispositionem
1312 2739 1408 2813 itlius
1432 2738 1627 2814 exercitus.
1653 2738 1694 2811 ln
1719 2738 1881 2814 secunda
1979 2816 1983 2823 ,

710 2860 958 2936 fundationem
977 2859 1170 2956 primitivae
1191 2859 1367 2951 ecclesiae,
1385 2860 1451 2933 ibi:
1471 2864 1581 2932 Forse
1603 2862 1641 2932 in
1666 2866 1719 2933 tre
1743 2862 1822 2933 ooli
1840 2858 1882 2932 ln

710 2982 816 3055 tertia
844 2980 1001 3055 reditum
1029 2980 1123 3054 iilius
1149 2978 1334 3054 exercitus
1359 2978 1406 3053 ad
1431 2979 1580 3072 coeium,
1606 2979 1672 3053 ibi:
1689 2983 1731 3051 Io
1754 3000 1828 3051 noo
1847 2981 1882 3051 to

709 3105 818 3177 toton.
837 3104 877 3174 ln
895 3108 1026 3195 quarta
1053 3106 1090 3174 et
1115 3100 1245 3173 ultima
1269 3098 1438 3175 describit
1463 3099 1532 3173 sub
1556 3098 1676 3195 figura
1707 3098 1883 3173 notabiles

711 3222 983 3319 persecutiones
1009 3241 1100 3315 quas
1126 3241 1230 3315 passa
1256 3230 1312 3298 est
1337 3221 1405 3293 ista
1435 3220 1593 3295 militans
1622 3218 1787 3313 ecclesia,
1814 3217 1883 3292 ibi:

716 3344 782 3431 Qui
800 3344 902 3414 serui
918 3348 963 3413 tu.
990 3340 1044 3414 Ad
1064 3340 1226 3435 primum
1244 3360 1335 3437 ergo
1352 3338 1433 3415 dico
1458 3340 1557 3434 quod
1583 3345 1690 3435 poeta
1714 3338 1885 3413 describit

711 3460 981 3555 dispositionem
1001 3459 1103 3533 istius
1117 3459 1311 3534 exercitus.
1330 3460 1374 3533 Et
1391 3458 1509 3555 primo
1528 3480 1595 3554 pro
1612 3458 1885 3533 continuatione

712 3579 899 3676 praemittit
924 3601 1030 3654 suam
1059 3570 1232 3676 magnam
1259 3579 1497 3655 attentionem
1529 3580 1575 3655 ad
1600 3580 1823 3673 Beatricem;
1848 3585 1886 3654 et

714 3701 751 3774 in
777 3700 910 3775 effectu
936 3721 1009 3774 non
1036 3701 1115 3774 vuit
1140 3700 1239 3774 aliud
1265 3700 1400 3795 dicere,
1419 3700 1486 3774 uisi
1511 3700 1611 3795 quod
1637 3706 1718 3776 erat
1742 3706 1884 3774 tantum

713 3822 882 3896 firmatus
908 3826 1046 3896 ettam
1077 3812 1234 3914 avide(²)
1263 3820 1300 3894 in
1324 3820 1441 3896 oculis
1466 3820 1651 3915 Beatricis,
1677 3819 1777 3915 quod
1803 3820 1887 3895 nui-

714 3942 787 4016 iam
814 3942 924 4015 aliam
951 3962 1029 4016 rem
1057 3946 1201 4036 poterat
1235 3942 1360 4017 ridere
1395 3941 1454 4015 vei
1478 3940 1618 4016 audire.
1645 3940 1738 4016 Dicit
1769 3961 1885 4037 ergo:

718 4065 773 4136 Gli
792 4064 888 4135 occbt
911 4064 1002 4154 mici,
1028 4062 1267 4157 perspicaces,
1293 4082 1383 4135 man
1414 4068 1511 4135 tuoto
1532 4065 1609 4155 fissi
1632 4069 1667 4135 et
1688 4066 1820 4154 amno,
1850 4062 1887 4136 in

715 4181 939 4277 respiciendo
973 4183 1100 4257 oculos
1131 4183 1317 4276 beatricis,
1353 4204 1378 4255 a
1411 4183 1646 4257 disbramorsi
1675 4186 1712 4257 lc
1740 4187 1888 4258 dmonne

713 4312 796 4397 sate,
828 4303 931 4398 idest,
962 4302 1008 4377 ad
1041 4303 1238 4377 sedandam
1273 4302 1483 4378 aviditatem
1514 4304 1644 4379 decem
1678 4326 1863 4380 annorum
1878 4330 1897 4400 ;·

715 4430 753 4498 et
782 4443 870 4497 vere
904 4423 1124 4498 desiderium
1160 4423 1303 4498 videndi
1340 4423 1546 4499 Beatricem
1578 4432 1659 4500 erat
1691 4426 1890 4502 decennale

574 4628 577 4633 ¹
715 4542 752 4615 in
778 4542 908 4635 MCCC,
935 4543 1081 4637 quando
1112 4549 1220 4638 poeta
1249 4543 1432 4618 inchoavit
1466 4545 1535 4619 boc
1567 4566 1672 4641 opus,
1706 4545 1793 4640 quia
1823 4567 1890 4643 per

717 4663 844 4738 decem
871 4685 987 4738 annos
1013 4669 1098 4739 ante
1123 4663 1270 4739 Beatrir
1292 4670 1440 4740 mortua
1457 4665 1655 4758 erat;·ideo
1672 4672 1773 4741 tauta
1792 4688 1891 4742 nunc

718 4789 799 4856 erat
825 4783 899 4856 sitis
924 4783 1003 4858 eius
1030 4784 1127 4878 quod
1147 4783 1183 4857 iu
1200 4783 1377 4859 decennio
1395 4804 1469 4858 non
1489 4784 1616 4859 suisset
1635 4786 1813 4881 extincta3
1831 4790 1891 4861 obe

780 5038 809 5105 (¹)
825 5039 1006 5091 mittebam
1023 5054 1136 5105 presens
1152 5041 1228 5093 istud.
1417 5042 1443 5106 (¹)
1460 5043 1491 5094 Ε.
1508 5044 1605 5096 aridus.
