4575 6842
717 942 789 1009 rat
1108 952 1313 1008 conanruu
1339 952 1505 1007 rnnnnrsr

716 1119 796 1173 rem
830 1097 897 1171 nisi
926 1104 1123 1194 cognoscat
1160 1118 1200 1174 se
1237 1098 1493 1197 ignorantem3
1528 1098 1651 1174 nullus
1682 1099 1888 1177 adiutorem

714 1216 782 1291 nisi
805 1223 1002 1314 cognoscat
1026 1238 1068 1292 se
1092 1217 1349 1314 impotentem
1376 1220 1488 1293 bomo
1514 1217 1611 1293 enim
1638 1226 1719 1314 post
1745 1221 1886 1316 lapsum

713 1337 834 1412 adbuc
859 1336 1094 1432 superbiebat
1117 1337 1165 1414 de
1189 1338 1339 1414 seientia
1370 1347 1407 1414 et
1436 1339 1592 1414 virtute:
1623 1340 1706 1415 ideo
1730 1347 1812 1437 post
1836 1341 1890 1417 ie-
1993 1390 1995 1393 -

713 1478 798 1553 gem
835 1464 978 1532 naturae
1012 1464 1049 1532 et
1083 1460 1274 1554 scripturae
1314 1460 1489 1555 subsequi
1523 1460 1649 1535 debuit
1686 1462 1889 1538 incarnatio

714 1577 835 1651 Verbi.
862 1577 954 1651 Dicit
978 1598 1087 1674 ergo:
1113 1582 1205 1653 ondc
1230 1583 1393 1654 damona
1421 1583 1532 1673 speu'c
1554 1583 1708 1675 informo
1729 1586 1887 1675 pianum,

713 1695 818 1792 gravi
850 1695 1060 1771 infirmitate
1088 1698 1424 1794 animorumque
1453 1700 1556 1795 peior
1590 1702 1705 1776 multo
1721 1694 1757 1795 (¹)
1784 1702 1887 1777 intir-

713 1816 840 1892 mitate
864 1836 1075 1914 corporum,
1100 1820 1137 1891 in
1161 1822 1301 1909 pronde
1324 1840 1463 1911 errore,
1489 1840 1634 1916 magnae
1658 1821 1885 1917 ignorantiae,

713 1943 750 2010 et
774 1936 980 2032 periculose
1004 1945 1160 2034 agnocat
1185 1939 1248 2031 qui
1275 1960 1315 2014 se
1339 1946 1522 2036 aegrotare
1550 1939 1705 2036 ignorat,
1722 1938 1794 2033 yid,
1814 1941 1884 2015 sci-

712 2056 807 2151 ticet,
834 2056 871 2131 in
896 2057 1035 2131 mundo
1056 2053 1217 2154 mortali,
1235 2081 1302 2153 per
1326 2062 1430 2133 secoli
1445 2062 1554 2151 motti,
1575 2058 1667 2135 idest
1684 2081 1750 2156 per
1769 2062 1882 2135 multa

711 2176 921 2251 centenaria
941 2197 1139 2272 annorum,
1158 2201 1242 2274 quae
1260 2179 1396 2255 iaciunt
1413 2179 1579 2274 quinque
1599 2180 1712 2255 millia
1733 2170 1883 2256 centum

711 2296 907 2393 nonaginta
935 2319 1080 2393 novem,
1107 2300 1189 2375 ideo
1214 2307 1295 2375 erat
1320 2320 1413 2397 opus
1438 2321 1586 2375 summo
1605 2300 1767 2395 medico,
1787 2301 1884 2376 unde

709 2415 811 2491 dicit:
834 2419 887 2509 fin
911 2420 1010 2491 ob'ot
1032 2420 1141 2493 Verbo
1166 2422 1204 2494 di
1219 2423 1302 2511 Dio,
1320 2421 1423 2515 idest,
1446 2420 1554 2495 unico
1570 2412 1607 2515 (¹)
1635 2420 1722 2515 tilio,
1737 2425 1885 2515 pineam

710 2539 748 2611 di
770 2541 928 2630 scandar,
946 2539 1093 2634 scilicet,
1114 2541 1151 2614 in
1179 2541 1358 2616 mundum
1374 2532 1427 2637 (Β),
1445 2542 1509 2635 qui
1536 2541 1675 2635 ubique
1699 2548 1765 2636 ost,
1782 2548 1884 2617 certe

710 2658 809 2732 venit
834 2664 877 2730 ut
902 2658 1050 2734 visibilis
1074 2667 1281 2756 appareret.
1295 2666 1390 2735 —E
1416 2665 1453 2737 to
1477 2668 1620 2736 namra.
1646 2662 1711 2736 iiic
1736 2660 1880 2736 beatrix

709 2785 805 2854 tacta
840 2779 1075 2855 damnatione
1107 2782 1265 2857 bominis
1295 2782 1466 2857 describit
1497 2782 1783 2857 incarnationem
1815 2801 1882 2877 per

709 2921 822 2995 quam
850 2900 943 2976 iacta
969 2908 1024 2977 est
1049 2903 1232 2997 reparatio
1257 2903 1356 2979 eius:
1384 2904 1483 2977 solus
1500 2903 1598 2978 enim
1616 2902 1680 2996 qui
1696 2902 1764 2977 init
1781 2902 1882 2997 prin·

708 3022 844 3117 cipium
862 3022 1092 3097 causativum
1111 3030 1166 3098 est
1183 3023 1400 3119 principium
1424 3024 1684 3116 recreativum,
1702 3023 1880 3116 Verbum,

708 3142 843 3218 scilieet
868 3142 985 3217 Patris
1010 3149 1206 3237 aeternum,
1228 3143 1326 3238 quod
1347 3150 1402 3219 est
1428 3144 1592 3219 Cbristus
1609 3144 1714 3219 iesus
1740 3144 1880 3219 media.

707 3268 765 3337 tor
790 3262 855 3336 Dei
882 3268 918 3337 et
944 3262 1146 3337 bominum.
1172 3264 1214 3337 Et
1231 3264 1277 3337 ad
1295 3264 1405 3338 huius
1422 3263 1537 3339 iiterae
1556 3264 1657 3338 tortis
1677 3263 1881 3359 intelligen-

706 3383 795 3456 tiam
821 3388 877 3457 est
900 3382 1192 3478 praenotandum,
1219 3382 1317 3477 quod
1348 3382 1445 3457 Patri
1474 3403 1547 3457 non
1574 3382 1743 3457 convenit
1773 3381 1879 3477 mitti,

706 3502 892 3597 quianon
917 3508 973 3578 est
996 3504 1044 3578 ab
1069 3503 1141 3598 ilio,
1169 3524 1237 3579 nec
1262 3503 1409 3599 Spiritui
1435 3509 1572 3598 sancto,
1592 3522 1638 3587 ne
1664 3508 1786 3577 essent
1805 3502 1880 3578 dno

705 3621 767 3697 iiiii
792 3622 829 3695 in
856 3622 1027 3717 trinitate,
1055 3646 1153 3697 unus
1180 3624 1216 3697 in
1242 3624 1483 3718 humanitate,
1508 3623 1603 3698 alius
1624 3624 1659 3697 in
1680 3623 1876 3699 divinitate.

703 3744 866 3819 Persona
892 3744 1005 3839 igitur
1031 3743 1093 3817 diii
1119 3750 1174 3819 est
1199 3744 1399 3839 incarnata,
1418 3751 1461 3819 ut
1485 3744 1582 3819 idem
1603 3744 1765 3837 quierat
1784 3743 1877 3817 titius

704 3862 964 3958 indivinitate,
991 3870 1087 3939 esset
1112 3864 1207 3939 tilius
1231 3864 1268 3938 in
1295 3865 1533 3940 humanitate.
1564 3866 1651 3939 Erat
1676 3865 1786 3939 etiam
1811 3864 1878 3939 de·
1956 3952 1958 3961 Ι

704 4004 792 4063 cens
818 3991 859 4057 ut
883 3983 978 4059 sicut
1003 3989 1108 4079 pater
1133 3984 1313 4058 mundum
1341 3984 1424 4060 fecit
1440 4004 1507 4079 per
1523 3984 1737 4079 sapientiam
1757 4004 1876 4075 suam,

703 4104 754 4180 ita
779 4125 844 4199 per
879 4104 1049 4180 eamdem
1083 4104 1283 4180 redimeret
1309 4104 1450 4199 ipsnm;
1476 4111 1513 4179 et
1542 4104 1629 4200 quia
1660 4104 1696 4177 in
1728 4104 1876 4178 bomine

703 4234 864 4321 utraque
890 4232 1021 4299 natura
1047 4230 1129 4301 erat
1154 4231 1341 4320 corrupta,
1358 4225 1493 4301 scilicet
1518 4225 1643 4300 anima
1668 4234 1707 4300 et
1730 4244 1875 4319 corpus,

701 4348 785 4423 ideo
809 4346 967 4441 suscepit
992 4353 1198 4441 utrumque
1229 4352 1271 4419 ut
1306 4353 1509 4441 utrumque
1538 4346 1722 4422 liberaret.
1749 4346 1793 4421 Et
1818 4355 1874 4419 ta·

701 4489 789 4544 men
818 4469 917 4542 Deus
942 4467 1117 4561 Verbum,
1144 4466 1348 4541 secundum
1378 4467 1624 4562 angustinum
1650 4467 1697 4542 de
1730 4467 1800 4541 tide
1827 4466 1873 4540 ad

701 4589 865 4681 Petrum,
887 4606 960 4660 non
977 4585 1116 4681 accepit
1141 4606 1335 4681 personam
1363 4586 1519 4661 bominis
1544 4586 1608 4661 sed
1631 4592 1815 4661 naturam.
1834 4587 1873 4660 ln

701 4707 843 4783 Christo
867 4707 966 4783 enim
992 4708 1076 4781 duae
1101 4714 1246 4781 nature
1270 4713 1366 4802 sunt,
1393 4707 1525 4801 divina,
1551 4706 1699 4802 seilicet,
1732 4712 1770 4782 et
1801 4708 1872 4781 bu-

702 4850 830 4922 mana3
857 4837 895 4904 et
919 4835 995 4903 tres
1019 4827 1243 4921 substantie,
1260 4848 1359 4921 caro,
1384 4829 1507 4903 anima
1533 4835 1570 4902 et
1598 4828 1781 4923 Verbum3
1807 4828 1870 4903 sed

764 5014 790 5073 (¹)
807 5014 838 5063 Ε.
853 5013 939 5064 multo
954 5018 994 5065 ert
1008 5014 1166 5065 infirmitate.
1354 5010 1382 5073 (¹)
1398 5012 1427 5063 ii.
1444 5014 1523 5064 unico
1538 5012 1586 5063 Dei
1603 5012 1664 5063 tilio.

764 5088 792 5152 (⁸)
808 5090 838 5139 B.
853 5090 881 5141 tn
897 5091 1032 5141 mundum.
1049 5089 1099 5140 Sed
1114 5090 1246 5155 quomodo
1261 5090 1333 5141 vonit
1347 5091 1373 5140 in
1390 5090 1517 5139 mundum
1532 5089 1578 5153 qui
1594 5088 1690 5153 ubique
1705 5093 1760 5139 estt
1776 5092 1855 5140 oenc.
