4575 6842
719 934 790 1001 274
1079 943 1283 999 Gemmarum
1306 944 1526 999 concanora

717 1088 877 1182 parentis
902 1094 983 1183 post
1007 1096 1112 1185 terga
1137 1110 1216 1163 sua.
1242 1088 1320 1163 lloc
1348 1094 1475 1163 autem
1508 1108 1723 1184 responsum
1754 1092 1888 1167 obscu-
1948 1108 1955 1118 ·

717 1228 802 1281 rum
829 1209 1029 1285 Deucalion
1055 1211 1315 1305 interpretatus
1346 1216 1401 1284 est
1430 1210 1477 1284 de
1509 1210 1687 1306 lapidibus
1713 1214 1889 1307 quisunt

716 1348 799 1403 ossa
825 1336 936 1404 terrae
962 1338 1029 1406 etc.
1057 1331 1151 1405 sicut
1175 1330 1299 1405 scribit
1323 1330 1474 1405 Ovidius
1496 1331 1616 1425 primo
1640 1333 1687 1407 de
1712 1336 1890 1410 transfor-

718 1449 835 1524 matis.
868 1452 1005 1547 Sphinx
1021 1444 1071 1547 (¹),
1101 1452 1196 1526 sicut
1220 1450 1345 1525 scribit
1369 1452 1505 1527 Statius
1531 1454 1651 1548 primo
1675 1455 1891 1551 Thebaidos,

719 1570 785 1644 luit
811 1573 995 1667 quoddam
1022 1572 1184 1647 terribile
1210 1578 1429 1667 monstrum,
1447 1572 1548 1665 idest,
1567 1579 1609 1647 ut
1626 1575 1731 1649 multi
1754 1575 1890 1670 dicunt,

720 1692 869 1787 quidam
897 1701 1151 1768 monstruosus
1175 1693 1270 1767 latro
1300 1693 1337 1767 in
1368 1696 1494 1768 monte
1522 1695 1620 1788 apud
1645 1696 1798 1791 Thebas,
1825 1699 1891 1791 qui

720 1812 868 1887 cuilibet
895 1813 1096 1889 transeunti
1121 1812 1348 1908 proponebat
1371 1834 1489 1888 unum
1512 1815 1702 1909 problema
1719 1836 1805 1890 cum
1828 1818 1890 1893 tali

721 1931 803 2029 lege
828 1939 865 2006 et
888 1933 1141 2027 conventione,
1161 1932 1259 2026 quod
1279 1931 1309 2006 si
1335 1933 1394 2007 ille
1419 1934 1578 2008 solveret
1603 1935 1793 2028 problema
1826 1957 1891 2013 oc·

720 2052 858 2127 cideret
882 2054 1021 2148 ipsum,
1048 2053 1077 2128 si
1103 2072 1193 2127 vero
1218 2053 1362 2128 solvere
1379 2072 1453 2126 non
1475 2058 1597 2149 posset
1621 2054 1891 2132 interficeretur

720 2171 879 2266 abipso.
908 2174 1100 2248 Problema
1126 2180 1253 2248 autem
1285 2179 1366 2247 erat
1395 2173 1486 2247 tale:
1517 2172 1582 2247 llic
1613 2174 1700 2247 mihi
1732 2176 1819 2269 quid
1846 2177 1892 2251 sit

719 2290 854 2365 animal
867 2283 904 2385 (²)
939 2294 1037 2388 quod
1067 2293 1187 2389 primo
1218 2293 1350 2367 incedit
1380 2299 1541 2387 quatuor
1571 2294 1735 2389 pedibus,
1760 2296 1892 2373 deinde
1979 2310 1982 2313 ’

719 2409 876 2505 duobus,
908 2420 1033 2507 postea
1066 2414 1182 2487 tribus
1216 2419 1253 2487 et
1285 2412 1414 2486 ultimo
1441 2418 1632 2506 quatuor?
1660 2416 1751 2503 Quae
1776 2418 1893 2493 verba

719 2528 878 2625 OEdipus
896 2532 1156 2627 interpretatus
1172 2539 1227 2607 est
1243 2532 1290 2608 de
1307 2532 1479 2606 bomine:
1504 2538 1541 2606 et
1557 2534 1702 2609 solvens
1720 2538 1893 2630 quaestio·

721 2670 806 2725 nem
833 2651 1018 2743 interiecit,
1039 2658 1259 2726 monstrum.
1277 2651 1383 2725 Modo
1408 2652 1455 2726 ad
1480 2652 1719 2749 propositum,
1741 2656 1820 2729 vult
1838 2655 1893 2730 di-

721 2793 807 2847 cere
832 2772 990 2867 beatrix,
1016 2774 1110 2848 lorte
1135 2772 1274 2847 dictum
1303 2793 1430 2847 meum
1463 2794 1538 2847 non
1569 2782 1694 2849 movet
1725 2776 1890 2850 animum

723 2898 830 2967 tuum
851 2895 897 2969 ad
923 2894 1152 2989 prophetiam
1175 2914 1308 2987 meam,
1327 2893 1415 2987 quia
1432 2914 1505 2967 non
1522 2900 1578 2969 est
1594 2893 1834 2991 intelligibile,
1853 2903 1891 2972 et

721 3020 846 3088 tamen
871 3015 938 3087 luit
964 3014 1188 3089 intellectum
1215 3020 1252 3089 et
1276 3012 1507 3088 veridicarum
1533 3034 1599 3108 per
1624 3021 1799 3090 eventum
1827 3017 1891 3092 rei.

721 3137 806 3211 Ideo
830 3135 934 3210 dicit:
958 3130 1097 3227 percit,
1123 3135 1199 3229 ipsa
1224 3134 1386 3208 narratio
1411 3154 1496 3209 mea
1516 3139 1639 3228 aona,
1659 3136 1763 3231 idest,
1782 3138 1893 3212 obtu-

723 3264 779 3330 rat
804 3261 841 3330 et
866 3256 1050 3348 obscurat,
1077 3257 1284 3346 tintcttctto,
1314 3253 1460 3349 scilicet,
1492 3260 1613 3349 tuum,
1643 3277 1668 3329 a
1692 3260 1749 3329 lor
1774 3260 1892 3347 modo,

723 3375 867 3470 scilicet,
894 3374 1074 3451 Themidis
1100 3380 1137 3449 et
1162 3374 1339 3470 Sphingis.
1361 3375 1405 3447 Et
1425 3374 1483 3449 hic
1508 3382 1594 3457 neta
1619 3377 1718 3470 quod
1742 3386 1893 3473 compa·

723 3496 816 3570 ratio
842 3502 896 3570 est
925 3496 1191 3592 propriissime:
1225 3496 1320 3570 sicut
1353 3494 1452 3570 enim
1484 3497 1679 3570 oraculum
1710 3498 1892 3573 Themidis

722 3618 859 3691 eratin
885 3638 925 3691 se
950 3618 1163 3711 obscurum,
1190 3622 1376 3692 ettamen
1401 3615 1602 3691 Deucalion
1626 3616 1744 3712 ipsum
1769 3617 1893 3694 decla—

610 3792 615 3801 ,
724 3738 818 3812 ravit
843 3743 881 3811 et
905 3737 1090 3831 reparavit
1105 3757 1224 3833 genus
1242 3737 1468 3830 humanum,
1486 3734 1534 3810 ita
1553 3756 1651 3809 nunc
1673 3756 1890 3832 responsum

723 3858 896 3933 beatricis
921 3864 1001 3932 erat
1026 3858 1227 3931 obscurum
1253 3856 1367 3951 inse,
1393 3856 1457 3931 sed
1484 3856 1651 3951 princeps
1682 3857 1830 3932 iuturus
1855 3859 1893 3932 in

722 3976 826 4053 brevi
843 3977 1041 4051 declarabit
1059 3976 1178 4071 ipsum
1201 3977 1435 4052 reformando
1452 3975 1648 4052 mundum:
1666 3978 1761 4053 sicut
1780 3979 1892 4054 etiam

722 4098 911 4193 problema
938 4095 1103 4194 Sphingis
1129 4102 1210 4172 erat
1234 4095 1400 4190 dubium,
1425 4105 1464 4172 et
1488 4104 1613 4173 tamen
1637 4097 1798 4194 OEdipus
1828 4100 1894 4174 de-

723 4218 875 4292 claravit
892 4217 979 4292 illud
997 4224 1034 4292 et
1054 4218 1235 4293 interiecit
1251 4225 1475 4311 monstrum3
1493 4217 1543 4292 ita
1562 4218 1701 4292 dictum
1718 4220 1894 4296 Beatricis

724 4358 823 4412 nunc
848 4344 928 4411 erat
952 4337 1118 4432 dubium,
1136 4343 1173 4411 et
1194 4344 1318 4410 tamen
1343 4337 1509 4432 princeps
1526 4339 1675 4413 tuturus
1691 4339 1810 4435 ipsum
1828 4340 1894 4416 de-

723 4458 875 4533 clarabit
900 4457 1121 4533 destruendo
1147 4464 1366 4550 monstrum,
1387 4458 1534 4553 scilicet,
1552 4459 1671 4553 capita
1692 4467 1729 4535 et
1749 4482 1894 4537 cornua

723 4599 869 4672 currus,
895 4599 979 4673 quae
1007 4578 1214 4673 extirpabit,
1239 4585 1277 4653 et
1302 4577 1443 4652 sanabit
1474 4579 1665 4654 ecclesiam
1691 4582 1893 4659 aulerendo

723 4698 790 4771 sibi
815 4698 968 4793 plumas.
992 4698 1076 4773 ldeo
1093 4700 1189 4775 bene
1210 4698 1352 4773 subdit:
1370 4720 1430 4772 mn
1447 4706 1535 4773 tosto
1547 4703 1619 4793 fian
1639 4704 1670 4775 le
1682 4705 1775 4795 scta,
1792 4703 1894 4799 idest,

723 4820 1025 4912 constellationes,
1046 4842 1065 4893 c
1088 4822 1120 4893 ic
1137 4822 1288 4911 Nciadc,
1309 4819 1412 4914 idest,
1432 4819 1528 4895 dicta
1547 4822 1724 4917 dearum3
1742 4823 1895 4900 Naiadas

786 5083 814 5147 (t)
830 5086 883 5142 117,
900 5081 995 5145 Sphinx
1011 5088 1106 5145 autem,
1124 5084 1198 5134 slent.
1342 5078 1371 5145 (¹)
1388 5087 1442 5144 117,
1458 5082 1554 5133 animal
1570 5082 1635 5134 illnd
1651 5084 1722 5147 qnod
1738 5084 1831 5147 primo.
