4575 6842
724 973 795 1044 316
1114 988 1318 1045 counnruu
1342 990 1510 1044 ranlmsr

720 1141 831 1208 autor
855 1134 1002 1208 intravit
1027 1133 1086 1208 nic
1111 1135 1248 1208 coelum
1278 1154 1346 1230 per
1373 1153 1519 1230 speram
1550 1133 1654 1230 ignis,
1680 1132 1779 1227 quod
1805 1131 1893 1206 milri

723 1251 867 1328 videtur
892 1254 1076 1348 frivolum,
1103 1254 1190 1348 quia
1223 1254 1412 1350 paradisus
1435 1252 1664 1346 deliciarum,
1690 1252 1894 1327 seeundum

722 1373 904 1448 fictionem
930 1375 1081 1468 autoris,
1101 1381 1157 1448 est
1182 1395 1293 1469 supra
1319 1395 1464 1470 speram
1490 1374 1697 1449 activorum
1723 1380 1761 1449 et
1781 1373 1897 1470 passi-

721 1515 867 1589 vorum,
885 1495 981 1568 sicut
1005 1514 1102 1589 saepe
1121 1494 1238 1589 patuit
1258 1493 1354 1569 eirca
1376 1493 1486 1569 linem
1505 1493 1724 1590 Purgatorii.
1739 1533 1788 1548 -
1803 1499 1897 1566 Bea-

722 1619 815 1688 nv'ce.
842 1616 907 1689 Hic
932 1621 1038 1710 poeta
1065 1602 1200 1688 Dentes
1229 1615 1352 1709 incipit
1383 1636 1481 1690 nuuc
1512 1615 1706 1690 ostendere
1736 1615 1896 1708 qualiter

723 1735 839 1812 lactus
856 1741 911 1810 est
933 1733 1061 1809 habilis
1078 1734 1124 1809 ad
1142 1734 1413 1810 ascendendum
1431 1737 1589 1829 ooelum3
1608 1744 1645 1810 et
1662 1735 1782 1830 primo
1799 1755 1896 1831 prae-

723 1857 832 1930 mittit
857 1855 1013 1950 qualiter
1039 1855 1205 1930 Beatrice
1229 1855 1367 1930 intenta
1400 1857 1559 1932 totaliter
1593 1857 1793 1932 in‘coelum
1818 1856 1896 1951 ipse

723 1977 869 2051 reduxit
894 1977 1020 2051 oculos
1046 1975 1082 2048 in
1110 1995 1219 2070 eam3
1246 1975 1345 2050 unde
1370 1976 1474 2051 dicit:
1500 1980 1660 2052 Beatn‘ce
1682 1984 1785 2050 staua
1810 1982 1896 2050 tum

718 2099 805 2188 fissa
831 2117 895 2168 con
921 2099 973 2186 pli
996 2097 1104 2188 occti,
1124 2095 1230 2190 idest,
1250 2096 1499 2190 speculatione
1515 2103 1553 2172 et
1577 2095 1896 2191 contemplatione,

721 2219 800 2290 nctt’
813 2223 927 2290 cume
951 2221 1063 2307 route,
1082 2215 1186 2308 idest,
1205 2235 1330 2310 speras
1355 2217 1534 2311 coelestes,
1560 2216 1648 2310 quia
1668 2216 1716 2290 ibi
1734 2216 1898 2291 maxime

721 2337 880 2410 miratur
905 2343 1111 2411 creatorem
1147 2357 1272 2430 suurn,
1297 2343 1331 2409 ct
1361 2339 1396 2408 io
1424 2340 1513 2429 fissi,
1546 2336 1649 2430 idest,
1681 2336 1837 2431 firmavi,
1864 2340 1896 2410 lc

723 2461 790 2531 tuci
813 2461 937 2530 rtmote
961 2459 999 2530 dt
1023 2451 1131 2549 lassa,
1160 2456 1263 2550 idest,
1289 2457 1417 2531 oculos
1444 2477 1546 2532 meos
1573 2464 1735 2532 remotos
1759 2478 1782 2534 a
1808 2457 1896 2550 sole,

661 2605 665 2613 ¹
721 2582 758 2652 tn
783 2579 839 2669 tet,
865 2583 1062 2673 expectans
1089 2577 1196 2652 tacite
1222 2577 1309 2671 quid
1327 2577 1395 2652 ista
1412 2577 1607 2672 imperiosa
1624 2578 1771 2654 domina
1789 2579 1893 2654 dein·

723 2719 808 2794 ceps
833 2704 929 2774 esset
953 2708 1093 2773 actura.
1119 2698 1163 2770 Et
1187 2698 1309 2772 subdit
1325 2698 1501 2772 continuo
1517 2698 1691 2774 ellectum
1712 2699 1823 2774 huius
1840 2700 1896 2774 in-

722 2818 926 2914 spectionis
952 2817 1098 2911 scilicet,
1126 2818 1331 2892 mirabilem
1349 2810 1385 2910 (¹)
1414 2819 1757 2894 transmutationem
1788 2839 1896 2894 suam

722 2959 791 3036 per
809 2961 920 3014 unam
940 2938 1266 3034 comparationem,
1284 2959 1369 3033 quae
1385 2939 1601 3014 mirabiliter
1618 2940 1702 3016 lacit
1718 2941 1765 3015 ad
1782 2961 1894 3014 suurn

723 3060 970 3157 propositum;
988 3065 1025 3132 et
1043 3060 1121 3134 vult
1141 3060 1404 3134 sententialiter
1420 3060 1554 3154 dicere,
1568 3061 1666 3155 quod
1681 3081 1727 3136 ex
1746 3061 1897 3135 homine

722 3182 839 3256 lactus
865 3187 920 3255 est
946 3180 1036 3255 deus
1061 3179 1172 3255 *sive
1197 3181 1351 3275 divinus,
1369 3202 1415 3256 eo
1436 3182 1546 3258 modo
1567 3203 1642 3277 quo
1659 3183 1819 3258 Glaucus
1840 3184 1894 3258 la·

722 3307 803 3376 ctus
827 3307 883 3376 est
908 3292 1095 3394 deus*(²).
1114 3301 1167 3376 Ad
1188 3301 1299 3376 huius
1323 3303 1439 3378 literae
1462 3303 1735 3400 intelligentiam
1758 3305 1842 3379 volu
1859 3311 1898 3379 te
1972 3371 1975 3374 .

721 3422 827 3516 scire,
862 3422 960 3516 quod
986 3429 1096 3498 autor
1126 3423 1456 3518 congruentissime
1482 3423 1584 3520 lingit
1608 3445 1649 3499 se
1677 3424 1714 3498 in
1744 3430 1894 3519 aspectu

722 3543 896 3618 Beatricis
922 3543 1059 3619 lactum
1087 3542 1198 3617 luisse
1223 3543 1379 3618 similem
1397 3544 1548 3638 Glauco,
1567 3545 1642 3639 qui,
1660 3545 1754 3620 sicut
1771 3546 1897 3622 scribit

724 3663 874 3738 Ovidius
900 3661 979 3736 lllll
1005 3663 1061 3736 sui
1087 3663 1243 3758 Maioris,
1273 3685 1318 3738 ex
1351 3665 1500 3739 homine
1525 3666 1670 3740 mortali
1696 3666 1813 3741 lactus
1842 3673 1900 3742 est

725 3784 817 3859 deus
842 3784 1069 3860 immortalis.
1097 3783 1233 3858 Fuerat
1259 3785 1356 3859 enim
1384 3785 1540 3881 piscator
1563 3807 1720 3883 graccus,
1744 3789 1808 3883 qui
1834 3791 1896 3866 diu
2022 3831 2025 3834 ·

724 3903 761 3976 in
779 3903 871 3978 mari
890 3909 1048 3999 angusto
1062 3903 1223 3977 Euboico
1237 3903 1396 3998 piscatus
1413 3905 1535 3980 iuerat
1551 3905 1678 4002 pisces,
1693 3928 1791 3984 nunc
1808 3929 1895 3984 cum

723 4029 803 4099 rete
829 4045 927 4098 nunc
952 4043 1038 4097 cum
1066 4025 1203 4118 ham03
1229 4026 1378 4100 tandem
1398 4025 1512 4101 semel
1538 4028 1654 4123 pisces
1679 4036 1803 4124 captos
1829 4050 1897 4126 po-

722 4149 848 4218 suerat
873 4143 910 4216 in
936 4143 1051 4218 herba
1076 4144 1182 4238 prati,
1200 4145 1300 4237 quod
1320 4146 1443 4219 nullus
1461 4146 1663 4222 intraverat
1687 4155 1774 4224 ante
1794 4170 1896 4246 eum,

722 4262 828 4337 cuius
862 4262 976 4337 herba
1011 4284 1202 4356 nunquam
1237 4265 1358 4341 suerat
1391 4273 1487 4342 tacta
1517 4267 1628 4343 dente
1660 4269 1802 4366 bestia,
1837 4273 1897 4346 vel

722 4401 834 4457 manu
864 4382 1038 4477 nominis,
1059 4383 1105 4457 de
1131 4404 1205 4477 qua
1224 4385 1339 4478 pisces
1355 4393 1545 4481 gustantes
1561 4396 1755 4484 coeperunt
1771 4392 1894 4466 statim

723 4502 864 4578 moveri
891 4509 928 4576 et
953 4502 1109 4598 vigorati
1136 4502 1363 4580 saltaverunt
1392 4505 1428 4580 in
1460 4529 1583 4602 mare3
1615 4531 1691 4604 quo
1717 4511 1896 4587 miraculo

721 4623 882 4697 Glaucus
903 4623 1139 4718 stupetactus,
1161 4629 1199 4698 et
1219 4625 1297 4720 ipse
1316 4628 1478 4722 gustavit
1495 4627 1541 4702 de
1558 4629 1672 4704 herba
1690 4630 1760 4726 illa,
1778 4639 1816 4706 et
1833 4655 1898 4708 su·

723 4741 800 4816 bito
825 4748 948 4816 motus
973 4741 1126 4816 interius
1152 4745 1310 4838 quadam
1348 4767 1443 4820 nova
1474 4747 1666 4824 dulcedine
1689 4751 1834 4827 saltavit
1859 4754 1895 4827 in

721 4881 826 4936 mare
851 4869 888 4936 et
914 4863 1031 4937 lactus
1058 4869 1112 4937 est
1138 4865 1257 4938 statim
1285 4865 1375 4940 deus
1396 4866 1555 4961 desuper
1572 4869 1703 4962 partim
1725 4872 1831 4967 piscis
1848 4874 1895 4949 ab

784 5043 812 5106 (¹)
829 5045 859 5094 E.
876 5045 1020 5096 mirabilem
1037 5047 1178 5110 inspectum
1196 5053 1446 5104 transmutationem.

785 5121 811 5184 (¹)
827 5122 863 5172 Le
879 5121 968 5186 parole
984 5123 1023 5174 ira
1040 5125 1047 5173 l
1064 5125 1114 5176 due
1130 5129 1262 5177 asterisclri
1278 5141 1325 5178 son
1340 5129 1451 5193 supplico
1467 5133 1536 5196 dagli
1551 5133 1612 5184 altri
1629 5139 1669 5185 tro
1683 5134 1779 5188 Codirl.
