4575 6842
703 937 751 1002 72
1065 943 1270 999 counururt
1293 945 1513 1000 annuarumr

705 1091 750 1165 rit
774 1089 869 1166 filius
894 1089 1059 1164 Ubaldini
1084 1089 1262 1185 praedicu:
1287 1099 1327 1166 et
1350 1091 1522 1166 describit
1544 1113 1632 1168 eum
1649 1093 1699 1168 ab
1715 1092 1872 1190 insignio

701 1209 877 1306 singulari
904 1229 1049 1308 magnae
1073 1211 1256 1306 dignitatis
1280 1231 1370 1306 suae,
1394 1211 1536 1288 dicens:
1561 1216 1622 1288 cle
1640 1205 1794 1307 posunt
1816 1215 1873 1286 col

700 1354 805 1406 rocco
829 1335 932 1406 owltc
955 1335 1072 1425 genti5
1089 1331 1178 1425 quia
1193 1331 1486 1428 archiepiscopus
1502 1355 1684 1410 ravennas
1708 1342 1766 1412 est
1790 1353 1871 1407 ma·

701 1475 797 1550 gnus
828 1461 963 1548 pastor,
998 1450 1061 1547 qui
1096 1451 1207 1526 habet
1236 1452 1307 1526 sub
1338 1473 1380 1528 se
1410 1455 1546 1530 multos
1571 1456 1760 1551 episcopos
1793 1453 1872 1528 sui-

703 1574 897 1672 fraganeos
930 1573 978 1646 ab
1011 1571 1176 1647 Arimino
1214 1593 1335 1667 usque
1370 1575 1570 1651 Parmam:
1589 1586 1644 1655 ct
1675 1575 1779 1670 dicit,
1815 1575 1873 1646 ool

702 1716 829 1788 rocco;
842 1713 927 1768 nam
942 1714 1028 1768 cum
1046 1693 1172 1769 caeteri
1190 1702 1353 1788 pastores
1369 1696 1528 1772 habeant
1545 1698 1688 1795 virgam
1704 1702 1871 1791 pastora-

703 1817 777 1892 lem
808 1821 999 1908 retortam,
1028 1813 1096 1888 iste
1127 1815 1238 1890 habet
1270 1821 1384 1891 totam
1414 1818 1559 1915 virgam
1589 1825 1727 1894 rectam
1762 1824 1801 1892 et
1833 1816 1871 1888 in

704 1935 917 2011 summitate
933 1934 1128 2008 rotundam
1154 1934 1201 2008 ad
1227 1936 1379 2010 modum
1404 1938 1546 2031 calculi,
1572 1939 1650 2014 sive
1675 1936 1872 2012 rocchi—
1979 2004 1981 2007 ,

711 2059 785 2130 Vidi
809 2076 947 2128 messer.
974 2054 1039 2128 llic
1065 2053 1195 2129 ultimo
1218 2062 1327 2150 poeta
1359 2057 1524 2131 nominat
1554 2057 1669 2132 alium
1684 2049 1721 2149 (¹)
1748 2056 1868 2131 virum

703 2181 908 2270 potentem3
935 2180 973 2250 et
1001 2173 1131 2249 transit
1161 2174 1208 2250 de
1239 2176 1415 2250 Ravenna
1445 2176 1658 2271 Forlirium,
1688 2176 1752 2250 uhi
1784 2182 1872 2248 sunt

703 2295 873 2370 meliores
899 2301 1083 2390 potatores
1107 2302 1147 2371 et
1171 2295 1323 2370 meliora
1350 2296 1445 2371 rina.
1469 2296 1543 2372 lste
1562 2297 1631 2371 luit
1654 2296 1784 2372 nobilis
1801 2294 1873 2368 mi-

705 2415 756 2490 les
776 2414 823 2490 de
838 2415 1098 2512 Arighoglosiis
1112 2405 1150 2507 (²)
1174 2413 1222 2490 dc
1245 2415 1415 2510 Forlivlo,
1440 2421 1546 2511 pater
1568 2416 1726 2492 domiuae
1749 2418 1871 2507 Laetae,

704 2554 788 2628 quae
814 2533 882 2608 luit
905 2540 1025 2609 mater
1051 2533 1189 2609 domini
1214 2535 1430 2612 Bernardini
1453 2536 1500 2611 de
1528 2538 1689 2630 Poleuta,
1714 2534 1778 2630 qni
1804 2534 1873 2607 lurit

701 2645 943 2749 Dionysius(³)
961 2661 1217 2728 ravennatum.
1235 2655 1319 2729 Fuit
1335 2656 1404 2732 iste
1419 2657 1476 2731 vir
1492 2657 1639 2732 curialis
1656 2663 1693 2731 et
1709 2654 1873 2750 placidus

706 2776 876 2848 multum.
904 2773 1005 2850 Unde
1034 2794 1119 2849 cum
1151 2776 1267 2850 semel
1293 2775 1482 2852 adiutaret
1506 2776 1718 2872 pincernam
1744 2794 1871 2866 suum,

705 2901 746 2968 ut
770 2894 837 2968 sibi
863 2893 1012 2988 diecret,
1038 2893 1125 2987 quid
1150 2893 1335 2970 diceretur
1351 2895 1399 2969 de
1412 2916 1475 2990 θος
1492 2901 1530 2970 el
1545 2896 1608 2971 illo
1624 2894 1870 2990 respondente

703 3014 862 3111 trepide:
888 3016 1050 3104 Domine,
1076 3016 1213 3108 dictum
1241 3018 1336 3106 prtod
1363 3035 1553 3106 numquam
1580 3018 1696 3110 [scits
1724 3017 1793 3087 πίει·
1817 3013 1871 3085 di-

702 3135 803 3227 dere;
819 3134 910 3208 dixit
934 3132 1112 3208 ridentur:
1130 3139 1176 3208 Et
1189 3155 1301 3225 qnare
1315 3155 1506 3227 numnam
1520 3139 1650 3231 dicum,
1670 3138 1765 3228 mou
1780 3153 1872 3207 ccm-

699 3278 768 3348 pcr
792 3257 898 3328 sitio?
922 3254 1013 3328 Dicit
1037 3275 1128 3350 ergo
1153 3254 1362 3330 describens
1385 3275 1474 3330 eum
1490 3276 1514 3330 a
1532 3255 1680 3330 nomine
1701 3254 1869 3350 proprio:

712 3377 787 3448 Vidi
809 3395 940 3447 messer
964 3377 1154 3448 Marciam.
1181 3374 1273 3448 Cum
1304 3382 1415 3450 autor
1446 3375 1609 3451 nominet
1634 3381 1709 3449 tarn
1736 3375 1873 3448 multos

703 3495 836 3569 milites
861 3494 898 3568 in
923 3499 999 3568 toto
1024 3500 1194 3589 poemate
1219 3515 1299 3588 suo,
1325 3515 1530 3589 numquam
1560 3496 1645 3570 lacit
1669 3496 1781 3568 istum
1806 3495 1873 3568 ho-

704 3635 834 3688 norem
848 3601 884 3705 (ἢ
904 3617 1048 3705 mount,
1066 3614 1133 3686 nisi
1150 3614 1307 3709 duobus,
1326 3615 1463 3691 scilicet
1485 3616 1634 3690 domiuo
1650 3614 1807 3689 (luidoni
1825 3613 1873 3687 de

703 3735 816 3828 Fano,
848 3742 884 3808 et
917 3735 973 3808 isti
1003 3733 1153 3810 domino
1181 3734 1391 3829 llarclresio,
1425 3736 1511 3830 quia
1543 3736 1611 3809 luit
1644 3742 1721 3810 tam
1746 3735 1873 3809 valens

705 3854 743 3932 in
768 3853 973 3928 bibacitate.
1006 3854 1051 3927 Et
1075 3873 1162 3928 ecce
1193 3854 1403 3947 quomodo:
1433 3858 1485 3928 ct'
1498 3857 1579 3928 eote
1600 3858 1725 3948 spnzto
1749 3845 1812 3945 put
1835 3857 1875 3926 di

704 3973 785 4046 dere
816 3994 841 4046 n
871 3966 982 4066 Fortl,
1014 3973 1101 4068 quia
1133 3973 1234 4048 dives
1266 3980 1304 4047 et
1335 3975 1532 4068 potensin
1563 3976 1677 4069 patria
1702 3993 1783 4067 sua,
1809 3972 1874 4046 ubi

704 4097 792 4166 sunt
817 4092 903 4168 vina
929 4113 1063 4188 magna
1089 4099 1127 4166 et
1152 4093 1307 4185 fumosa,
1331 4113 1398 4166 cort
1423 4114 1502 4166 mco
1528 4095 1727 4184 scociezza,
1758 4113 1872 4187 quam

704 4211 828 4305 modo,
853 4213 940 4305 quia
974 4218 1063 4286 tunc
1096 4212 1255 4286 habehat
1279 4212 1421 4306 copiam
1447 4213 1533 4306 viui,
1559 4219 1596 4288 et
1625 4212 1874 4308 praeveniehat

704 4329 826 4424 sitim,
862 4352 960 4404 nunc
998 4351 1088 4406 vcro
1126 4330 1164 4404 in
1195 4335 1295 4404 tanta
1331 4330 1389 4404 siti
1422 4353 1497 4406 uon
1530 4338 1647 4426 polest
1665 4323 1703 4424 (⁵)
1737 4333 1875 4406 trabem

707 4469 819 4525 unam
846 4457 988 4546 guttam
1014 4471 1135 4543 aquae.
1162 4449 1206 4523 lit
1228 4449 1330 4524 dicit:
1354 4472 1375 4521 e
1398 4442 1490 4545 sisu
1519 4453 1582 4542 tut,
1611 4451 1756 4545 scilicet,
1783 4450 1875 4525 bibi-

705 4573 776 4661 tor,
810 4571 871 4642 cde
907 4589 979 4642 non
1015 4573 1046 4642 si
1081 4561 1168 4642 senti
1194 4572 1311 4659 sunio,
1348 4569 1494 4664 scilicet,
1531 4591 1709 4663 unquam.
1739 4571 1785 4644 Et
1815 4570 1876 4645 llic

706 4694 793 4760 nota
818 4685 930 4780 quod,
956 4687 1049 4762 sicut
1073 4688 1261 4783 eleganter
1283 4687 1369 4762 dicit
1395 4689 1542 4783 Plinius,
1572 4691 1650 4763 lraec
1678 4690 1875 4765 necessitas

770 4903 796 4963 (¹)
812 4901 843 4952 Ε.
860 4901 942 4952 allum
959 4904 1010 4954 riui
1026 4909 1167 4968 potentem.
1421 4904 1449 4966 (¹)
1464 4905 1496 4954 R
1511 4906 1545 4956 ao
1561 4904 1734 4970 magum,

771 4977 797 5041 (⁸)
814 4979 845 5028 E.
861 4980 906 5042 qui
923 4979 973 5030 luit
988 4981 1107 5031 dominus
1121 4986 1291 5032 ravennatum

772 5055 799 5116 (¹)
815 5055 846 5106 E.
865 5056 991 5106 honorem
1007 5071 1117 5116 mosera,
1134 5058 1200 5108 idest
1214 5016 1357 5109 dominum.
1419 5059 1562 5122 (¹)1l.nou
1576 5066 1661 5124 potest
1676 5059 1774 5110 hibern
