4575 6842
739 937 810 1006 m
1128 948 1333 1004 counnruu
1358 948 1524 1003 ronanus

731 1112 802 1185 per
819 1094 964 1183 pruzia,
977 1090 1040 1185 qui
1062 1090 1201 1167 fecerat
1218 1112 1280 1168 me
1296 1091 1550 1185 christianum,
1567 1112 1634 1187 per
1653 1094 1811 1189 gratiam
1828 1093 1913 1169 iecit

740 1232 801 1286 me
816 1212 955 1286 moram
974 1222 1221 1307 operatorem,
1248 1232 1313 1308 per
1333 1212 1668 1308 gratiamneque
1684 1216 1723 1287 di
1743 1216 1913 1307 speum

738 1335 845 1407 totto
870 1336 1009 1426 lavoro,
1038 1331 1130 1407 idest
1155 1332 1316 1407 arduum
1343 1339 1381 1407 et
1407 1332 1630 1406 immensum
1655 1353 1749 1428 opus
1775 1334 1913 1430 legum,

737 1460 857 1529 etutto
873 1459 911 1529 itt
931 1457 1045 1528 inimi
1058 1456 1165 1545 diedi,
1194 1460 1235 1528 ut
1263 1453 1415 1528 liberius
1442 1473 1625 1547 vacarem,
1641 1476 1671 1549 ,e
1695 1458 1914 1529 commendat

738 1579 876 1668 tornd,
902 1573 1007 1667 idest,
1032 1581 1071 1649 et
1095 1573 1263 1648 commisi
1288 1594 1418 1649 curam
1445 1573 1628 1648 bellorum
1648 1575 1913 1671 gerendorum,

738 1700 778 1771 ai
800 1700 870 1770 mio
894 1696 1101 1787 eumaem
1122 1696 1217 1769 bene
1238 1694 1412 1789 competit
1437 1693 1504 1769 sibi
1530 1715 1686 1789 nomen3
1704 1695 1913 1771 Beitisarius

739 1817 838 1893 euim
857 1816 1001 1890 videtur
1024 1834 1157 1888 sonare
1178 1814 1281 1908 quasi
1310 1814 1412 1889 bottis
1437 1821 1474 1889 et
1498 1815 1613 1889 armis
1638 1816 1846 1891 instructus.
1868 1818 1912 1891 Et

738 1938 843 2012 dicit:
868 1940 925 2010 cui
948 1937 985 2008 io
1008 1936 1128 2007 desan
1152 1938 1211 2009 del
1231 1937 1297 2009 orel
1317 1938 1358 2030 fu
1382 1929 1413 2009 si
1436 1940 1641 2030 conponam
1667 1937 1771 2030 quasi
1795 1937 1909 2013 dicat:

738 2058 799 2131 cai
826 2077 958 2130 manus
983 2054 1125 2128 Domini
1152 2056 1217 2129 Dei
1243 2055 1475 2131 exercituum
1495 2056 1545 2131 ita
1562 2056 1665 2150 savit3
1684 2072 1768 2131 nam
1787 2059 1911 2132 audivi

738 2178 837 2273 quod
862 2176 1072 2250 Bellisarius
1098 2176 1225 2249 habuit
1253 2175 1377 2273 viginti
1404 2183 1543 2271 septem
1567 2176 1737 2249 victorias
1761 2196 1912 2269 campa-

738 2300 815 2375 tes:
834 2298 933 2373 unde
954 2298 990 2371 in
1013 2296 1087 2372 tine
1103 2296 1434 2372 veniensRomam
1462 2316 1613 2371 crucem
1643 2316 1799 2370 auream
1824 2315 1912 2371 cen-

738 2428 817 2494 tum
845 2420 1024 2493 tibrarum
1051 2417 1088 2490 in
1115 2438 1189 2511 qua
1216 2418 1419 2512 sculpserat
1444 2438 1530 2493 suas
1561 2416 1731 2491 victorias
1755 2416 1912 2512 gemmis

738 2539 1005 2637 pretiosissimis
1020 2532 1058 2630 (¹)
1085 2544 1302 2613 exornatam
1330 2538 1462 2612 obtulit
1479 2538 1588 2611 beato
1606 2538 1716 2611 Petro
1741 2558 1807 2632 per
1832 2556 1913 2611 ma-

738 2680 808 2735 aus
842 2680 945 2756 papas
977 2658 1113 2755 vigitii;
1148 2660 1208 2731 cde
1237 2678 1345 2750 sopato
1371 2661 1412 2753 su
1440 2660 1492 2730 ct'
1505 2660 1540 2731 io
1571 2660 1708 2731 dooessi
1734 2660 1910 2751 posormi,

737 2782 840 2875 idest,
872 2788 915 2853 ut
947 2799 1037 2875 pace
1069 2787 1168 2855 terra
1203 2780 1373 2874 marique
1398 2786 1501 2874 parta
1527 2800 1671 2875 possem
1700 2800 1834 2855 vacare
1859 2781 1912 2855 ie-

736 2904 845 3001 gibus
858 2894 908 2995 (²).

815 3028 868 3097 Or
892 3026 952 3113 poi
976 3024 1049 3095 otta
1074 3024 1239 3111 quodum
1264 3022 1333 3095 {sta
1355 3027 1410 3095 est
1429 3020 1590 3095 secunda
1609 3041 1694 3116 pars
1718 3020 1911 3117 generalis,

737 3144 774 3217 in
800 3164 874 3237 qua
900 3142 1123 3215 Justioiauus
1153 3162 1218 3235 per
1253 3141 1405 3215 modum
1435 3140 1669 3237 digressionis
1703 3141 1913 3237 perstringit

737 3264 900 3339 breviter
925 3262 1164 3337 memoranda
1190 3269 1292 3358 gesta
1311 3263 1406 3337 sacta
1426 3262 1619 3358 subsigno
1637 3262 1770 3356 aquilae
1791 3262 1912 3337 diver-

737 3386 785 3459 sis
811 3384 1048 3479 temporibus.
1076 3382 1120 3454 Et
1145 3382 1265 3476 primo
1282 3382 1499 3457 continuans
1525 3384 1621 3459 dicta
1642 3384 1801 3458 dicendis
1822 3384 1912 3457 assi-

736 3514 825 3605 gnat
849 3525 1001 3579 causam
1026 3513 1240 3580 moventem
1269 3503 1389 3597 ipsum
1419 3502 1465 3577 ad
1497 3502 1604 3577 istam
1635 3504 1909 3601 digressionem,

736 3627 879 3702 diceus:
920 3630 972 3699 Or
996 3626 1056 3714 qui
1087 3626 1124 3695 io
1158 3626 1229 3695 mro
1258 3626 1412 3715 rasposto
1445 3626 1657 3719 supputato,
1690 3626 1795 3719 idest,
1828 3626 1912 3700 iacit

737 3747 846 3821 tinem
874 3752 912 3821 et
936 3751 1126 3839 punctum,
1144 3746 1218 3817 odo
1240 3748 1394 3835 poetam
1413 3748 1548 3837 primo,
1570 3746 1672 3841 idest,
1695 3747 1823 3841 primae
1849 3768 1911 3842 pe·

737 3868 850 3942 titioui
878 3886 990 3961 quam
1017 3865 1149 3959 iecisti3
1176 3866 1280 3959 quasi
1306 3866 1414 3961 dicat,
1436 3867 1522 3941 satis
1547 3867 1622 3941 dixi
1648 3869 1711 3943 tibi
1733 3869 1814 3962 quis
1833 3870 1912 3943 iue-

737 3988 820 4082 rim,
846 4008 905 4061 mo
929 4006 992 4059 aua
1015 3989 1233 4078 condicione,
1262 3986 1375 4081 ipsius
1400 3987 1545 4083 aquiiae,
1568 3992 1616 4061 mi
1638 3992 1785 4083 etiope,
1807 3990 1909 4083 idest,

735 4108 960 4204 constringit,
975 4130 998 4179 o
1014 4108 1170 4198 septim·
1187 4109 1314 4179 alcuna
1334 4109 1469 4200 picoto,
1494 4108 1595 4202 idest,
1615 4110 1661 4183 ad
1684 4130 1911 4204 prosequen-

735 4230 825 4305 dum
856 4229 902 4303 de
930 4229 1010 4303 aliis
1036 4226 1194 4301 victoriis
1218 4226 1353 4320 aquilae
1377 4234 1464 4301 ante
1490 4248 1552 4303 me
1581 4236 1618 4303 et
1649 4236 1729 4325 post
1761 4250 1833 4323 me,
1861 4231 1909 4304 ita

734 4350 834 4444 quod
852 4350 981 4424 inciam
997 4368 1168 4444 magnam
1190 4346 1412 4423 additionem
1429 4348 1475 4423 ad
1488 4366 1537 4423 ¹ea
1558 4372 1642 4444 quae
1659 4352 1749 4445 dixi3
1770 4358 1807 4427 et
1824 4372 1911 4427 occe

734 4490 898 4561 causam,
915 4464 1044 4561 perede*
1058 4476 1095 4541 tu
1111 4470 1214 4559 coppi
1228 4488 1294 4540 oon
1314 4476 1449 4559 quanta
1472 4473 1635 4561 ragione,
1662 4471 1748 4565 quia
1774 4473 1911 4547 scilicet

733 4606 819 4664 cum
848 4589 960 4683 uuila,
985 4593 1017 4662 si
1041 4610 1163 4663 moneo
1193 4596 1319 4663 curura
1339 4592 1365 4662 ’t
1387 4599 1596 4665 sacrosanta
1625 4614 1746 4685 sepno,
1774 4594 1908 4687 aquilae

734 4708 944 4804 imperialis,
963 4712 1089 4784 ectt't
1110 4713 1139 4782 s'
1149 4714 1358 4803 oppropm'o,
1380 4711 1481 4805 idest,
1503 4712 1561 4787 iiie
1579 4713 1642 4806 qui
1662 4714 1771 4787 trahit
1789 4715 1908 4809 ipsum

733 4830 770 4903 iu
795 4838 950 4926 partem,
969 4831 1063 4905 sicut
1088 4830 1226 4905 iaciunt
1251 4830 1449 4926 ghibellini,
1475 4852 1494 4904 e
1518 4835 1572 4904 odi
1596 4852 1622 4904 o
1645 4836 1695 4907 toi
1718 4837 1908 4927 coppam,
2053 4858 2061 4871 ·

1313 5000 1333 5005 *²
1339 5000 1347 5005 ·
1357 5000 1508 5007 —·-—-·-·—
1515 5002 1586 5009 -—--
1597 5003 1612 5007 —
1618 4998 1903 5011 --------——--—-——

795 5088 825 5150 (¹)
841 5090 871 5139 R
887 5090 1013 5152 pretio*-
1326 5088 1354 5155 ζ’)
1371 5092 1401 5143 E.
1418 5092 1517 5157 legibus
1533 5093 1680 5145 condendis.
