4575 6842
739 980 880 1036 caurus
905 981 1096 1036 vronsrrrus
1120 980 1291 1036 nennius.
1528 968 1595 1036 181

426 1148 517 1225 gere
542 1125 713 1222 Virgilius
737 1126 831 1200 libro
856 1126 1136 1222 Georgicorum,
1159 1125 1220 1198 ubi
1251 1125 1459 1201 describens
1490 1146 1598 1222 egre·

425 1247 485 1345 gie
510 1247 616 1321 istam
634 1253 794 1338 aetatem,
819 1245 928 1318 dicit:
954 1247 1044 1318 lonc
1068 1247 1151 1317 olim
1177 1247 1283 1317 odom
1309 1253 1439 1319 uetmcs
1462 1247 1599 1318 colum

426 1370 556 1443 Sabini.
595 1368 639 1440 Et
673 1364 866 1458 concludit,
899 1364 998 1458 quod
1030 1365 1112 1440 talis
1140 1373 1196 1440 est
1229 1364 1302 1439 vita
1335 1365 1598 1440 ruricularum.

426 1490 530 1563 Nunc
554 1487 601 1561 ad
630 1484 795 1578 liternm3
821 1484 906 1558 dicit
932 1484 1132 1561 blatbildis:
1166 1487 1276 1573 (loelli
1300 1488 1352 1558 cb’
1366 1488 1599 1560 anticameme

420 1615 583 1702 poetaro,
610 1605 713 1697 idest,
739 1603 880 1698 poetice
900 1604 1172 1699 descripserunt
1190 1613 1264 1680 tam
1282 1607 1395 1702 graeci
1412 1627 1526 1700 qnam
1544 1605 1598 1679 la-

427 1729 504 1821 tini,
529 1730 552 1800 t'
564 1716 620 1800 eol
643 1728 722 1800 delt'
735 1745 815 1817 oro,
846 1725 994 1819 scilicet,
1027 1746 1182 1801 auream
1213 1747 1359 1822 semper
1392 1728 1597 1820 florentem,

426 1851 483 1924 εἰ
503 1867 568 1920 suo
593 1867 687 1918 esser
715 1848 813 1939 selue
839 1850 938 1939 forse
970 1866 1141 1937 sopnoro,
1176 1845 1278 1940 idest,
1309 1847 1597 1942 somniaverunt,

428 1975 466 2043 et
496 1967 681 2041 somnium
714 1966 782 2039 luit
812 1987 962 2058 rerum,
993 1967 1052 2040 vel
1084 1969 1233 2057 donoro
1262 1975 1333 2040 esto
1362 1970 1451 2058 loco,
1484 1989 1598 2062 quem

428 2086 567 2162 ostendi
585 2107 666 2160 esse
689 2085 843 2179 felicem,
860 2089 899 2158 in
916 2091 1096 2177 Parnaco,
1113 2085 1216 2180 idest,
1234 2085 1395 2160 Parnaso
1406 2079 1442 2178 ι’)
1462 2094 1598 2181 monte,

428 2207 489 2281 ubi
517 2214 634 2302 poetae
658 2205 874 2280 dicebantur
899 2206 1095 2300 somniare,
1123 2212 1165 2278 ut
1188 2206 1274 2281 dicit
1295 2207 1451 2282 Persius.
1474 2209 1517 2282 Et
1534 2229 1599 2281 su-

427 2327 635 2422 perextollit
659 2326 865 2401 felicitatem
893 2327 1003 2400 buius
1029 2326 1202 2420 viridarii,
1220 2327 1361 2402 dicens:
1383 2332 1454 2421 qui,
1472 2329 1509 2401 in
1530 2328 1598 2403 isto

428 2447 608 2542 paradiso,
631 2451 672 2540 su
696 2449 876 2521 momente
900 2450 1062 2520 ldmona
1086 2449 1220 2540 radice,
1247 2447 1393 2541 scilicet,
1419 2449 1533 2523 Adam
1562 2456 1599 2523 et

426 2569 514 2661 Eva,
533 2568 595 2656 sed
617 2568 741 2662 paucis
758 2567 878 2662 boris3
899 2575 936 2642 et
955 2575 996 2640 ut
1012 2567 1098 2642 dicit
1114 2569 1311 2663 Iosephus:
1330 2569 1596 2664 simplicitatem

427 2710 501 2784 qua
527 2689 698 2762 vivebant
723 2688 890 2763 bomines
905 2687 992 2763 Cain
1010 2688 1130 2762 statim
1152 2689 1329 2784 pervertit
1349 2690 1396 2764 ad
1421 2690 1596 2765 malitiam

427 2817 466 2884 et
490 2807 656 2903 rapinam
683 2815 751 2883 etc.
777 2810 822 2882 Et
846 2808 948 2882 dicit:
976 2811 1036 2900 qui
1048 2812 1256 2902 ptimoncra
1275 2830 1423 2902 semprc,
1446 2813 1491 2883 ed
1509 2814 1595 2902 opoi

424 2933 557 3023 [rutto;
578 2929 647 3001 boc
668 2934 792 3001 tamen
818 2935 874 3002 est
898 2927 1117 3023 impossibile
1134 2949 1201 3024 per
1223 2935 1393 3004 naturam
1412 2930 1449 3003 in
1471 2937 1597 3005 nostro

379 3062 381 3065 ’
428 3049 579 3141 ιιιιιιιιιο,
605 3049 681 3121 imo
705 3047 735 3120 si
760 3054 856 3122 esset
880 3067 1026 3143 semper
1052 3069 1119 3123 ver
1143 3049 1306 3144 perirent
1332 3050 1492 3145 lructus;
1517 3051 1599 3126 ideo

428 3175 546 3264 poetoe
571 3167 760 3242 moraliter
783 3168 997 3262 loquuntur,
1017 3175 1059 3241 ut
1074 3169 1212 3242 dictum
1231 3177 1304 3264 est,
1330 3191 1349 3243 e
1374 3179 1503 3264 questo,
1528 3171 1598 3245 sci·

427 3289 522 3381 licet,
548 3289 661 3382 riuus,
686 3284 708 3361 e*
735 3295 868 3361 oetture
898 3290 936 3362 di
964 3290 1024 3362 cto
1041 3291 1194 3363 ciascun
1223 3291 1310 3382 dccc,
1344 3290 1430 3384 quia
1459 3291 1598 3384 dicunt,

428 3409 528 3504 quod
552 3429 649 3504 aqua
674 3416 756 3484 erat
781 3417 869 3484 tnnc
894 3409 1036 3483 dulcior
1062 3416 1221 3484 nectare.
1257 3411 1389 3484 Nectar
1419 3411 1516 3484 enim
1544 3419 1600 3486 est

428 3530 523 3604 idem
550 3529 648 3624 quod
676 3530 849 3625 mulsum,
870 3529 973 3622 idest,
997 3529 1123 3604 vinum
1150 3529 1337 3604 conditum
1359 3531 1598 3626 aromatibus,

427 3648 474 3723 de
499 3669 575 3742 quo
599 3649 804 3742 loquuntur
825 3669 955 3723 omncs
972 3656 1109 3744 poetae3
1129 3650 1227 3724 unde
1243 3649 1412 3724 Ovidius:
1436 3655 1599 3726 Flumina

419 3770 503 3860 jnm
528 3771 639 3860 lucto,
657 3771 741 3860 jnm
759 3772 905 3862 tamdiu
928 3772 1081 3842 motoris
1104 3771 1211 3842 ibant.
1231 3771 1274 3843 Et
1290 3772 1475 3845 concludit
1491 3779 1599 3867 poeta

429 3889 600 3964 ellectum
628 3889 722 3963 illius
747 3890 843 3983 dicti,
869 3888 1012 3964 dicens:
1030 3893 1072 3962 lo
1097 3892 1146 3962 mi
1169 3892 1292 3962 rivolo
1306 3892 1456 3964 indicto
1482 3895 1600 3966 allora

428 4019 513 4086 mtto
537 4014 574 4084 oi
597 4013 677 4083 orio
698 4014 802 4103 poeti,
828 4010 933 4104 idest,
955 4010 1003 4084 ad
1030 4010 1219 4105 Virgilium
1248 4019 1285 4085 et
1310 4011 1479 4104 Statium,
1506 4035 1600 4106 quos

429 4152 497 4226 pro
523 4130 614 4205 meis
638 4130 842 4224 specialiter
868 4150 1013 4224 semper
1039 4129 1162 4222 babai,
1191 4129 1294 4224 quasi
1325 4131 1448 4205 dicens
1474 4132 1598 4207 tacite:

429 4251 525 4324 istud
550 4249 666 4346 tangit
690 4270 756 4324 vos
775 4250 946 4345 antiquos
963 4255 1108 4343 poctas;
1126 4271 1146 4322 e
1163 4253 1235 4323 vidi
1250 4253 1309 4323 cllo
1325 4271 1391 4323 con
1407 4254 1495 4342 riso,
1513 4252 1599 4346 quia

430 4370 565 4466 placuit
588 4371 641 4444 eis
666 4392 779 4444 sonus
803 4371 1017 4462 verborum,
1043 4374 1138 4444 udilo
1168 4391 1305 4444 coenan
1336 4374 1489 4445 luttimo
1514 4394 1600 4446 con-

428 4499 566 4580 sereno,
600 4491 747 4584 scilicet,
780 4489 1018 4565 corollarium
1053 4491 1293 4586 predictum3
1328 4498 1365 4567 ct
1398 4492 1505 4567 dicit:
1538 4497 1601 4584 poi

429 4615 504 4686 olla
532 4615 620 4684 bellu
650 4615 771 4686 donno
804 4614 922 4684 torum
953 4613 981 4683 il
1013 4615 1102 4702 orso,
1134 4608 1281 4706 scilicet,
1311 4613 1358 4687 ad
1391 4613 1599 4708 blatbildim,

429 4736 524 4828 quae*
539 4741 689 4808 cantare
713 4733 824 4828 coepit
848 4732 944 4805 sicut
966 4732 1003 4804 in
1029 4733 1197 4825 sequenti
1223 4739 1332 4806 cantu
1359 4733 1558 4828 apparebit.

491 4935 519 4999 (¹)
538 4941 592 4997 ur,
609 4937 741 4986 studentes
756 4937 783 4986 in
799 4935 920 4984 Parnaso.
