4575 6842
706 970 845 1028 murus
869 972 1060 1028 ucrsmus
1084 930 1252 1038 oumrus.
1516 958 1561 1026 91

391 1137 466 1212 sus,
492 1137 566 1190 non
592 1119 692 1190 coba
715 1120 863 1210 ctorpto,
888 1117 990 1213 idest,
1016 1115 1331 1212 impedimentum,
1351 1116 1427 1192 imo
1445 1115 1565 1213 potius
1692 1155 1694 1158 ·

391 1236 650 1332 festinantiam,
667 1237 754 1332 quia
779 1244 860 1314 erat
876 1237 972 1313 inter
993 1235 1184 1312 meridiem
1203 1245 1240 1311 et
1260 1256 1449 1332 vesperas,
1468 1236 1566 1312 unde

392 1359 496 1436 dicit:
523 1354 585 1434 clte'
603 1359 630 1432 tl
646 1360 733 1450 sole,
753 1358 818 1452 qui
843 1363 932 1433 tune
957 1363 1038 1432 erat
1059 1357 1097 1430 in
1117 1356 1243 1452 ariete,
1260 1377 1350 1430 coeo
1376 1337 1521 1432 luscinio
1541 1359 1568 1432 tl

321 1565 324 1568 ,
391 1481 526 1555 cercltio
543 1482 582 1554 di
599 1481 768 1570 merique,
785 1478 889 1573 idest,
907 1478 1088 1553 circulum
1106 1477 1363 1573 meridianum,
1385 1483 1424 1552 nt
1447 1487 1565 1572 muro,

392 1603 456 1698 qui
473 1601 641 1696 sequitur
656 1599 822 1695 arietem,
847 1621 866 1673 e
882 1602 919 1673 tn
934 1607 1039 1691 noue,
1059 1597 1198 1694 supple,
1221 1598 1423 1694 reliquerat
1444 1599 1564 1693 ipsum

393 1722 586 1816 circulum,
606 1723 678 1794 ultr
693 1723 847 1814 scorpio,
865 1720 965 1815 quod
982 1726 1038 1796 est
1053 1719 1200 1817 signum
1219 1719 1426 1815 oppositum
1444 1726 1565 1814 tauro,

392 1842 443 1917 ita
468 1841 567 1937 quod
592 1848 707 1936 quota
730 1841 823 1916 hora
848 1840 920 1916 diei
944 1847 1025 1917 erat
1045 1840 1106 1936 ibi,
1123 1846 1201 1916 tota
1226 1841 1318 1915 hora
1344 1841 1459 1915 noctis
1485 1847 1566 1917 erat

391 1962 461 2038 bic.
487 1962 591 2038 Unde
615 1961 736 2037 subdit
760 1983 974 2059 processum
1000 1982 1132 2036 eorum
1151 1981 1218 2056 per
1236 1982 1351 2036 unam
1371 1981 1565 2058 compara-

391 2081 529 2158 tionem
547 2082 733 2179 propriam
752 2088 791 2156 et
806 2083 957 2175 claram,
974 2080 1116 2156 dicens:
1134 2103 1202 2174 per
1222 2083 1281 2155 cle
1296 2083 1358 2154 noi
1371 2085 1564 2154 indemne

386 2223 456 2296 per
493 2205 531 2276 tc
568 2204 712 2293 codam,
743 2201 845 2296 idest,
884 2201 1019 2276 scalam
1049 2207 1218 2275 cavatam
1248 2200 1393 2296 septimi
1420 2200 1560 2296 circuli,

391 2343 462 2396 mro
480 2325 629 2396 innanzi
644 2325 752 2414 cibo,
770 2322 889 2417 primo
906 2321 1089 2416 Virgilius,
1107 2319 1269 2396 secundo
1290 2319 1438 2416 Statius,
1456 2321 1564 2396 tertio

391 2443 544 2520 Dentes:
571 2462 640 2518 nec
664 2447 833 2539 poterant
858 2441 1017 2516 transire
1033 2461 1163 2516 omnes
1188 2440 1296 2515 simul
1322 2447 1471 2537 propter
1496 2461 1565 2517 an·

391 2563 549 2661 gustiam
576 2563 665 2658 loci3
692 2562 790 2638 unde
815 2561 918 2636 dicit:
940 2563 1148 2654 prendendo
1174 2564 1210 2634 ta
1234 2563 1346 2655 scuta,
1380 2561 1562 2656 ultimam,

392 2686 452 2758 cde
483 2686 637 2778 disputa,
669 2682 773 2778 idest,
809 2682 992 2777 diseparat
1005 2673 1056 2776 (¹),
1087 2684 1278 2774 tlsalttor,
1305 2681 1408 2775 idest,
1433 2701 1564 2757 ascen·

392 2824 527 2896 sorem,
545 2802 633 2898 quia
658 2824 732 2878 non
756 2801 934 2897 permittit
956 2801 1076 2896 ipsum
1101 2800 1157 2876 ire
1182 2821 1310 2896 parem
1336 2821 1424 2875 eum
1450 2801 1562 2896 socio,

389 2947 457 3019 per
481 2932 643 3015 urtezza,
660 2922 762 3016 idest,
787 2913 904 3017 per(¹)
931 2920 1188 2996 arctitudinem
1215 2927 1253 2997 et
1273 2921 1506 2997 stricturam:
1526 2927 1564 2997 et

393 3066 467 3120 non
483 3045 593 3139 dicas,
604 3065 674 3136 per
688 3049 845 3134 crtczzc,
862 3042 964 3132 idest,
985 3041 1226 3136 altitudinem,
1243 3042 1337 3117 sicut
1354 3041 1564 3117 communi-

392 3171 451 3240 ter
475 3164 611 3239 babent
629 3168 769 3257 tertus5
788 3182 875 3236 nam
893 3160 1046 3236 altitudo
1063 3161 1171 3236 scnlre
1190 3182 1263 3236 non
1287 3160 1479 3257 impediret
1497 3182 1563 3256 pa-

392 3285 551 3377 ritatem,
572 3282 683 3358 etiam
700 3281 729 3356 si
747 3281 974 3378 pertingeret
990 3301 1110 3375 usque
1126 3280 1174 3355 ad
1190 3282 1327 3355 coelum
1345 3282 1404 3356 vel
1421 3280 1560 3356 Deum:

392 3411 430 3480 et
445 3405 516 3481 boc
533 3403 697 3499 lecimus,
711 3395 783 3476 cosi
799 3423 895 3476 come
907 3406 950 3497 fa
967 3405 1081 3476 t’uom
1100 3404 1161 3475 cde
1184 3423 1257 3476 non
1273 3405 1446 3494 sempe,
1459 3401 1562 3497 idest,

392 3546 466 3600 non
491 3524 615 3600 firmat
639 3544 692 3618 se,
717 3544 777 3597 ma
801 3526 898 3596 cassi
921 3526 994 3597 atla
1019 3527 1078 3598 vta
1099 3544 1179 3615 sna,
1196 3519 1338 3598 eberone*
1350 3525 1401 3615 pn·
1416 3524 1562 3615 apparo,

392 3645 497 3742 quasi
520 3645 627 3739 dicat,
648 3644 837 3720 continuat
853 3643 923 3718 iter
939 3664 1063 3736 suum,
1080 3643 1256 3738 quicquid
1281 3649 1454 3718 occurrat
1478 3639 1562 3735 sibi;

391 3787 428 3840 sc
451 3767 588 3839 stimulo
612 3767 650 3840 di
673 3767 818 3856 bisopm
841 3766 871 3836 il
892 3766 1055 3855 trufippc
1081 3761 1186 3855 idest,
1214 3763 1245 3836 si
1271 3783 1408 3859 urgens
1433 3781 1562 3838 neces-

392 3886 479 3961 sitas
503 3885 633 3983 pungit
658 3906 757 3980 eum,
775 3885 870 3959 sicut
886 3904 954 3958 nos
977 3881 1087 3957 modo
1112 3882 1176 3978 qui
1201 3883 1429 3958 habebamus
1447 3881 1564 3956 mulla

393 4011 431 4082 et
455 4026 590 4103 magna
606 4005 732 4080 videre
749 4005 786 4078 in
803 4010 879 4079 tam
896 4002 1000 4078 brevi
1017 4002 1133 4099 spatio
1150 4003 1433 4099 temporis-E
1449 4004 1562 4095 quob.

392 4126 459 4202 llic
471 4131 579 4222 poeta
595 4124 767 4200 describit
781 4143 890 4198 suam
906 4123 1176 4218 dispositionem
1195 4120 1293 4197 circa
1309 4122 1563 4217 quaestionem,

394 4267 478 4342 quae
503 4246 685 4321 afficiebat
709 4243 876 4319 animum
901 4242 993 4338 eius,
1018 4263 1085 4338 per
1110 4262 1224 4318 unam
1250 4242 1563 4338 comparationem

394 4365 643 4460 manifestam3
677 4363 759 4439 ideo
792 4362 920 4438 ordina
935 4352 973 4456 (³)
1006 4369 1149 4438 tantum
1181 4362 1325 4438 literam
1356 4383 1404 4437 ne
1432 4362 1564 4457 perdas

393 4494 551 4584 tempus,
568 4493 605 4562 et
625 4485 743 4585 dicas:
770 4489 812 4557 lo
836 4505 901 4557 erc
926 4485 988 4575 tul,
1005 4504 1072 4557 con
1097 4486 1215 4576 oopliu
1240 4505 1361 4558 acrem
1387 4505 1406 4556 e
1429 4489 1564 4575 specta,

392 4608 496 4704 idest,
521 4612 630 4682 acuta
662 4611 701 4680 et
725 4603 896 4698 extincta,
927 4606 966 4676 di
995 4606 1202 4697 dincndar,
1232 4611 1271 4679 et
1300 4604 1352 4678 sic
1381 4602 1466 4677 dicit
1490 4601 1565 4676 duo

394 4728 578 4804 contraria
603 4725 749 4801 diverso
773 4729 962 4818 respectu3
988 4729 1025 4799 et
1056 4743 1143 4799 ecce
1173 4723 1380 4818 quomodo:
1412 4723 1566 4796 cenendo

392 4851 501 4942 infirm
518 4850 577 4921 ctl’
587 4853 671 4936 atto,
692 4843 799 4941 quasi
814 4843 922 4938 dicat,
936 4843 1113 4918 trahendo
1132 4843 1244 4918 verba
1263 4841 1445 4937 usquead
1462 4862 1565 4916 sum-

456 5109 485 5172 t't
497 5107 524 5160 8·
539 5111 650 5173 epure
775 5105 803 5172 (¹)
820 5111 874 5168 11⁷,
891 5111 1006 5170 propter.
1129 5105 1158 5170 (⁸)
1174 5105 1205 5158 n
1222 5105 1313 5157 oraru·
1328 5104 1439 5156 curam.
