4575 6842
728 965 800 1032 462
1116 974 1321 1030 contemnunt
1345 974 1513 1028 nannomr

727 1120 876 1195 nomine
899 1126 1075 1215 corrupto
1101 1140 1174 1195 non
1200 1120 1368 1216 integr03
1395 1138 1481 1193 nom
1507 1116 1651 1191 Beatrin
1688 1136 1775 1191 cum
1806 1124 1901 1191 esset

727 1241 902 1316 infantula
929 1240 1132 1317 recabatur
1159 1240 1360 1337 vulgariter
1390 1243 1471 1313 Βίου
1495 1238 1678 1313 vocabulo
1703 1242 1900 1333 syncopato

726 1361 928 1437 secundum
955 1360 1260 1436 consuetudinem
1287 1360 1425 1456 patrie,
1451 1359 1545 1434 sicut
1571 1359 1743 1434 Bononiae
1768 1357 1904 1432 dicitur

727 1503 824 1579 scepe
852 1486 978 1557 Colono
1002 1502 1070 1577 pro
1094 1481 1254 1557 Nicoleo.
1273 1481 1358 1557 ldeo
1378 1481 1482 1557 dicit:
1499 1500 1650 1573 perper
1667 1480 1700 1573 b,
1720 1499 1822 1572 oper
1836 1481 1900 1569 icc,

728 1604 831 1698 quasi
858 1604 966 1697 dicat,
995 1602 1108 1677 bubui
1132 1603 1171 1677 in
1199 1622 1332 1699 magna
1359 1600 1678 1694 reverentiaque
1703 1605 1757 1674 est
1783 1600 1901 1673 honor

728 1745 815 1799 cum
843 1724 986 1818 umore,
1004 1724 1111 1797 istam
1136 1722 1322 1797 dominam
1343 1743 1366 1798 a
1384 1722 1539 1818 pueritia
1567 1721 1603 1794 in
1629 1728 1739 1814 terra,
1761 1726 1900 1818 quanto

728 1845 859 1921 sorbus
883 1844 997 1939 ipsam
1025 1842 1224 1938 perlectam
1260 1842 1298 1916 in
1328 1843 1434 1935 coelo,
1459 1844 1509 1915 mi
1532 1842 1727 1932 modove,
1752 1839 1899 1934 seilicet,

728 1963 775 2039 ad
808 1984 860 2057 se,
891 1984 986 2037 come
1018 1964 1129 2036 tuom
1160 1964 1211 2035 clt¹
1224 1982 1394 2053 osseam,
1424 1962 1511 2057 quia
1545 1960 1677 2035 flebam
1709 1960 1829 2035 lentus
1862 1967 1901 2034 et

729 2082 833 2177 quasi
859 2082 1110 2156 somnolentus
1134 2100 1183 2155 en
1213 2081 1413 2175 timiditate,
1444 2102 1512 2156 nec
1541 2080 1724 2156 audebam
1758 2080 1902 2154 solvere

730 2202 891 2298 linguam
920 2221 968 2275 ne
993 2201 1224 2276 incurrerem
1252 2200 1508 2276 temeritatem.
1523 2206 1689 2274 -Poco
1711 2199 1776 2273 llic
1793 2205 1903 2275 autor

728 2322 884 2396 ostendit
909 2320 1097 2415 utromodo
1121 2321 1269 2396 Beatrix
1296 2321 1531 2417 explicaverit
1549 2320 1788 2415 quaestionem
1810 2319 1902 2414 eius,

729 2442 872 2517 dicens:
909 2444 1077 2533 Boccor,
1110 2462 1196 2536 quae
1230 2462 1302 2516 non
1337 2447 1418 2517 erut
1452 2441 1609 2536 amplius
1634 2444 1728 2535 llice,
1756 2445 1900 2534 soffcrsc

726 2582 816 2656 poco
841 2583 896 2635 otc
919 2565 1024 2653 colat,
1049 2561 1152 2656 idest,
1179 2581 1252 2635 non
1278 2560 1442 2657 permisit
1467 2561 1624 2656 emplius
1650 2580 1711 2635 me
1738 2560 1901 2653 torqueri

729 2683 787 2758 siti
814 2703 897 2759 men
924 2684 1018 2759 sicut
1042 2683 1130 2758 olim
1156 2684 1193 2758 in
1219 2690 1318 2759 terra
1345 2705 1407 2759 me
1420 2666 1496 2759 'diu
1528 2664 1633 2759 torsit
1661 2704 1791 2759 amore
1820 2704 1901 2776 suo,

729 2796 954 2897 ccomiocid,
980 2806 1109 2900 supple
1133 2804 1246 2899 loqui,
1272 2808 1524 2897 rapotendomi
1553 2808 1588 2879 d
1600 2826 1648 2879 uo
1678 2808 1766 2898 ltro,
1799 2804 1901 2898 idest,

730 2923 864 3019 letitia,
892 2930 933 2998 ut
958 2925 1064 3000 daret
1081 2925 1169 3001 mibi
1187 2946 1301 3021 spem,
1320 2929 1382 3018 tol,
1398 2928 1458 2999 circ
1474 2929 1532 2999 nel
1546 2930 1651 3020 firoco
1664 2928 1765 3019 sorio
1789 2928 1901 2999 tuom

727 3046 838 3138 selice,
866 3047 1037 3140 quamvis
1061 3046 1154 3144 ignis
1180 3048 1225 3121 sit
1251 3048 1410 3123 multum
1437 3048 1609 3143 poenalis3
1635 3047 1698 3123 sed
1722 3048 1753 3121 si
1778 3048 1900 3124 animo

730 3164 846 3258 posita
870 3165 908 3240 in
937 3166 1022 3262 igne
1052 3166 1219 3240 infernali
1245 3167 1386 3243 rideret
1418 3168 1537 3242 Deum
1572 3173 1667 3241 esset
1701 3167 1805 3243 beuta
1833 3169 1903 3243 du·

731 3292 836 3359 rante
862 3285 999 3359 visione
1024 3286 1098 3360 tali.
1124 3287 1169 3360 Et
1193 3306 1280 3361 eece
1305 3287 1392 3381 quid
1417 3287 1526 3361 dixit:
1553 3306 1649 3361 come
1677 3290 1793 3378 pineto
1819 3309 1902 3361 ocn-

730 3406 836 3497 dettc,
861 3405 955 3481 lacta
980 3427 1046 3502 per
1072 3414 1231 3481 mortem
1258 3407 1388 3483 Christi
1405 3407 1452 3483 de
1472 3413 1621 3503 peccato
1642 3408 1750 3502 primi
1771 3429 1903 3503 paren·

731 3525 787 3620 tis,
811 3528 935 3617 punita
956 3530 1052 3621 [osec
1074 3531 1313 3619 ptusluotcntc,
1333 3528 1468 3603 scilicet
1484 3548 1551 3624 per
1567 3526 1701 3621 Titum,
1719 3530 1797 3602 tta
1816 3533 1903 3604 mbo

730 3648 768 3717 io
788 3648 942 3740 porcio,
971 3646 1073 3741 idest,
1100 3650 1220 3743 posuit
1247 3656 1282 3723 te
1308 3650 1344 3723 in
1371 3668 1513 3743 curam,
1544 3648 1648 3742 quasi
1680 3649 1794 3724 dicat:
1821 3650 1904 3725 lecit

734 3772 769 3840 te
794 3766 980 3860 dubitare3
1007 3775 1045 3843 et
1068 3768 1174 3844 dicit:
1192 3773 1342 3844 secondo
1359 3774 1429 3844 mio
1448 3770 1627 3865 infallibtlc
1648 3772 1782 3861 avebo,
1800 3770 1903 3865 idest,

732 3886 936 3962 secundum
958 3888 1137 3983 judicium
1165 3909 1293 3964 meum
1323 3890 1421 3983 quod
1452 3890 1525 3965 lalli
1557 3911 1631 3966 nou
1662 3896 1791 3986 potest,
1817 3891 1903 3986 quia

731 4027 837 4082 sacra
862 4006 1041 4103 scriptura
1067 4028 1141 4082 non
1168 4009 1354 4084 mentitur.
1382 4011 1425 4083 Et
1450 4010 1627 4105 promittit
1657 4010 1723 4085 sibi
1753 4011 1902 4085 solutio·

733 4146 831 4221 uem,
857 4132 895 4201 et
924 4127 1008 4202 lucit
1042 4149 1130 4203 eum
1156 4134 1349 4224 edentum,
1380 4129 1523 4205 dicens:
1557 4150 1616 4203 mo
1645 4134 1680 4204 io
1710 4134 1735 4203 ti
1766 4122 1934 4206 rolocrd·

732 4254 821 4320 tosto
845 4248 881 4320 lo
905 4255 1029 4340 mente,
1055 4270 1138 4342 quae
1164 4248 1273 4345 ligata
1300 4256 1356 4324 est
1379 4256 1481 4325 tanto
1505 4249 1629 4343 dubio,
1654 4272 1673 4323 c
1697 4258 1733 4323 tu
1758 4254 1915 4341 asculta,-

732 4368 835 4464 ideet,
860 4375 998 4443 attente
1024 4375 1122 4463 nota,
1147 4366 1210 4444 elui
1232 4373 1262 4443 le
1287 4374 1353 4443 mio
1373 4373 1500 4463 parole
1532 4374 1559 4445 ti
1587 4374 1701 4465 sorae
1732 4379 1901 4465 presente,

733 4487 836 4582 idest,
863 4508 1012 4581 munus,
1037 4488 1114 4563 sive
1147 4488 1285 4565 donum
1322 4511 1510 4588 magnum,
1541 4490 1589 4565 ita
1620 4490 1718 4584 quod
1747 4499 1906 4585 preeunte

734 4616 789 4682 est
806 4608 865 4683 bic
882 4628 1018 4685 nomeu
1036 4631 1109 4684 non
1126 4610 1371 4705 participium,
1384 4614 1422 4685 di
1432 4632 1529 4704 pron
1545 4616 1721 4687 senceum
1726 4640 1742 4707 ;
1758 4619 1796 4689 et
1812 4614 1906 4689 bene

733 4725 830 4821 dicit,
848 4749 936 4803 nam
955 4729 984 4803 si
1002 4730 1228 4805 iustinianus
1245 4730 1280 4805 in
1300 4731 1519 4826 precedenti
1546 4732 1705 4827 capitulo
1718 4732 1807 4807 lecit
1824 4733 1906 4828 pul-

735 4866 842 4920 cmm
868 4848 1007 4923 donum
1032 4850 1156 4925 autori
1181 4849 1228 4925 de
1248 4851 1403 4926 materie
1429 4851 1560 4926 morali
1584 4872 1670 4927 cum
1697 4852 1805 4927 claris
1821 4872 1906 4948 per·

735 4966 976 5064 suasionibus,
989 4969 1135 5045 Beatrin
1153 4970 1191 5043 in
1211 4971 1380 5066 praeseuti
1398 4972 1557 5067 capitulo
1574 4970 1659 5047 lecit
1676 4971 1709 5047 ei
1727 4992 1904 5070 magnum

735 5084 873 5160 donum
900 5088 946 5163 de
972 5090 1126 5165 materia
1145 5090 1268 5166 divina
1293 5111 1380 5166 cum
1405 5093 1656 5167 subtilioribus
1682 5092 1903 5193 rationibus3
