4575 6842
723 968 794 1035 ²⁷⁶
1080 976 1287 1033 consumar
1311 974 1533 1032 vuaoavomr

721 1124 850 1217 Adam,
877 1123 1040 1198 secundo
1069 1118 1118 1199 ab
1150 1124 1283 1219 aquila.
1317 1125 1362 1197 ot
1390 1122 1450 1198 hic
1480 1129 1568 1197 nota
1598 1122 1698 1219 quod
1727 1142 1793 1220 per
1824 1124 1894 1199 hoe

721 1244 868 1320 Beatrin
899 1264 975 1318 non
1003 1244 1084 1317 vult
1114 1245 1215 1319 aliud
1243 1244 1368 1320 dicere
1398 1243 1484 1319 nisi:
1508 1244 1659 1338 quando
1692 1252 1733 1319 tu
1761 1244 1897 1319 Dentes

722 1364 888 1440 narrabis
913 1364 1122 1445 homiuibus
1148 1365 1345 1440 vindictam
1370 1386 1485 1459 quam
1513 1364 1613 1440 llens
1643 1372 1750 1461 parat
1775 1365 1899 1441 iacere

676 1530 678 1541 =
723 1492 851 1563 contra
877 1486 981 1560 illum
1007 1485 1193 1582 gigantem
1220 1486 1284 1581 qui
1309 1492 1451 1561 temere
1471 1487 1662 1561 attentavit
1678 1486 1818 1562 violare
1834 1506 1899 1561 ec-

724 1608 872 1683 clesiam
897 1606 974 1699 Dei,
995 1606 1163 1681 narrabis
1188 1628 1256 1702 pro
1275 1607 1416 1702 optimo
1436 1608 1606 1702 exemplo
1623 1608 1783 1702 qualiter
1796 1608 1898 1682 ilaus

725 1728 810 1803 iecit
822 1728 932 1803 altam
943 1719 979 1819 (¹)
991 1724 1188 1801 vindictam
1204 1726 1252 1802 de
1268 1726 1388 1822 primo
1405 1732 1558 1822 parente
1574 1726 1638 1822 qui
1657 1734 1798 1802 temere
1816 1733 1898 1802 ten·

722 1848 813 1924 tavit
847 1846 1002 1942 spoliare
1032 1846 1206 1921 arborem
1239 1847 1533 1942 divinamque
1564 1868 1655 1945 ergo
1687 1848 1782 1923 iacta
1814 1855 1896 1923 erat

722 1966 823 2041 arida
847 1987 915 2061 per
939 1964 1066 2061 Adam,
1092 1966 1189 2041 lacta
1214 1974 1296 2043 erat
1320 1966 1447 2042 dorida
1471 1987 1538 2063 per
1561 1966 1759 2063 Christum,
1783 1967 1896 2042 etita

722 2087 792 2163 erit
816 2086 888 2160 cito
912 2085 959 2161 de
984 2087 1147 2161 ecclesia.
1173 2088 1279 2176 Quod
1295 2094 1421 2162 autem
1441 2089 1522 2163 hee
1541 2086 1587 2161 sit
1607 2088 1758 2163 intentio
1776 2093 1894 2183 poetae

722 2206 884 2283 declarat
910 2208 1031 2281 statim
1058 2208 1164 2283 litera
1190 2228 1360 2303 sequens,
1386 2208 1423 2282 in
1448 2230 1523 2303 qua
1545 2208 1694 2284 Beatrin
1719 2208 1780 2283 dat
1803 2228 1896 2283 con·

722 2328 924 2405 elusionem
959 2330 1185 2423 generalem,
1218 2328 1354 2423 dicens,
1380 2329 1479 2425 quod
1511 2349 1585 2404 non
1616 2329 1735 2404 solum
1766 2328 1895 2421 Adam,

723 2450 787 2526 sed
812 2449 931 2523 omnis
955 2448 1050 2523 alius
1074 2449 1230 2523 violator
1258 2450 1402 2523 arboris
1431 2449 1586 2523 incurrit
1611 2448 1894 2545 indignationem

722 2571 811 2663 llei3
842 2569 941 2643 unde
974 2568 1081 2643 dicit:
1113 2571 1310 2662 pruinaque
1338 2570 1431 2642 mdo
1456 2571 1583 2662 padio,
1613 2569 1758 2663 scilicet,
1789 2569 1896 2664 piam

722 2699 810 2785 tam,
848 2689 941 2764 sicut
977 2687 1091 2764 Adam
1129 2690 1260 2785 primo,
1289 2690 1413 2785 aquila
1450 2689 1622 2785 secundo,
1662 2690 1765 2787 gigas
1796 2710 1895 2763 nuno

722 2810 840 2904 tertio,
866 2831 888 2882 o
913 2811 1027 2900 puello
1051 2813 1221 2901 scitante,
1247 2809 1341 2885 sicut
1356 2810 1458 2907 gigas
1475 2810 1538 2904 qui
1559 2809 1666 2884 solvit
1691 2830 1844 2884 currum
1871 2830 1894 2883 a

721 2932 854 3026 planta,
890 2950 956 3003 con
990 2930 1185 3003 destonmt'o
1220 2932 1258 3004 di
1291 2930 1385 3024 sotto
1415 2932 1551 3023 offendo
1582 2932 1674 3023 Dio;
1706 2949 1792 3003 nam
1828 2929 1894 3022 qui

722 3050 871 3126 ollendit
897 3051 1086 3126 ecclesiam
1113 3051 1263 3125 ollendit
1293 3052 1424 3146 Deum,
1457 3053 1516 3125 clue
1544 3054 1620 3124 solo
1650 3052 1710 3124 all
1723 3072 1787 3123 uso
1815 3072 1893 3142 suo,

724 3192 797 3245 non
823 3177 865 3245 ut
890 3172 1044 3247 serviret
1070 3171 1220 3268 regibus
1244 3176 1366 3265 terrae,
1385 3175 1421 3245 lo
1445 3163 1527 3244 cred
1546 3176 1663 3263 santo,
1684 3170 1762 3245 sine
1786 3190 1890 3266 ruga.
1928 3218 1932 3223 ι

721 3291 797 3365 lloc
822 3290 1015 3365 confirmat
1040 3291 1127 3385 quia
1152 3291 1294 3386 primus
1318 3291 1479 3366 offensor
1495 3312 1561 3385 per
1579 3296 1631 3365 tot
1649 3290 1760 3365 millia
1777 3310 1894 3365 anno-

722 3432 807 3485 rum
833 3412 1038 3507 expectavit
1063 3411 1100 3484 in
1125 3412 1310 3486 anxietate
1340 3412 1611 3506 redemptorem
1639 3432 1769 3505 suum3
1795 3410 1895 3485 unde

720 3531 828 3604 dicit:
856 3532 1011 3603 lanima
1030 3534 1166 3624 pomo,
1197 3532 1343 3625 scilicet,
1377 3531 1473 3626 ndae,
1499 3522 1625 3605 dromo
1656 3534 1756 3623 colui,
1787 3530 1890 3625 idest,

721 3650 859 3746 optavit
876 3656 912 3725 et
929 3650 1074 3725 vocavit
1090 3650 1286 3745 Christum,
1304 3654 1364 3724 cie
1376 3654 1403 3725 'l
1417 3672 1537 3725 morso
1552 3654 1590 3725 in
1606 3642 1776 3744 seponto,
1804 3650 1894 3745 quia

722 3771 886 3845 Christus
899 3770 1039 3866 punivit
1053 3792 1219 3845 morsum
1233 3772 1320 3845 ndae
1332 3772 1369 3845 in
1382 3763 1417 3865 (¹)
1434 3794 1474 3847 se
1486 3773 1576 3868 ipso,
1590 3774 1795 3866 cinpuemv‘lo
1807 3774 1895 3845 unni

720 3912 740 3963 c
754 3887 830 3984 piri,
851 3891 995 3986 scilicet,
1014 3898 1163 3966 centum
1190 3892 1387 3989 nonaginta
1405 3913 1538 3967 novem
1556 3893 1650 3986 plus,
1666 3912 1733 3984 per
1748 3893 1894 3964 murder

720 4014 846 4103 puella,
873 4010 974 4107 idest,
996 4011 1082 4105 quia
1107 4010 1184 4107 ipse
1210 4011 1325 4087 Adam
1352 4012 1550 4086 momordit
1574 4012 1690 4107 ipsam
1717 4012 1888 4107 plantam.

793 4136 936 4205 Dormc.
964 4133 1034 4205 lsta
1060 4137 1114 4205 est
1139 4132 1246 4206 tertia
1273 4152 1359 4226 pars
1383 4132 1576 4227 generalis,
1594 4132 1632 4205 in
1650 4152 1724 4226 qua
1744 4130 1891 4206 Beatrin

720 4254 806 4348 quia
833 4254 1001 4328 noluerat
1032 4252 1221 4327 declarare
1251 4259 1369 4347 poetae
1403 4254 1561 4348 amplius
1595 4272 1701 4327 suam
1734 4253 1893 4347 prophe·

721 4374 821 4469 tiam,
848 4394 945 4448 nuno
970 4372 1132 4448 declarat
1157 4372 1328 4467 quedam
1354 4372 1449 4448 dicta
1474 4374 1521 4448 de
1546 4372 1681 4447 arbore
1705 4372 1781 4467 ipsa
1807 4392 1892 4466 quae

720 4494 938 4570 videbantur
963 4494 1138 4567 obscura:
1166 4498 1202 4567 et
1228 4492 1347 4587 primo
1372 4493 1496 4590 arguit
1515 4492 1636 4588 ipsum
1663 4492 1711 4567 de
1735 4490 1893 4565 ruditate

720 4622 755 4689 et
782 4614 1013 4712 negligentia,
1032 4614 1118 4709 quia
1145 4634 1219 4687 non
1245 4612 1438 4687 videbatur
1456 4612 1658 4709 intelligere
1677 4630 1744 4706 per
1768 4630 1819 4705 se,
1844 4630 1893 4685 ex

720 4735 762 4809 iis
788 4756 872 4830 que
897 4736 991 4809 dicta
1018 4740 1114 4829 sunt,
1140 4754 1258 4829 quare
1283 4734 1396 4808 arbor
1420 4733 1488 4808 ista
1511 4734 1557 4807 sit
1582 4739 1656 4807 tam
1683 4733 1756 4806 alta
1782 4736 1820 4806 et
1844 4730 1894 4803 ita

721 4874 860 4929 eversa.
887 4854 979 4929 Dicit
999 4874 1108 4950 ergo:
1132 4857 1333 4945 L'tnpepuo
1354 4860 1424 4948 too,
1445 4854 1543 4949 quod
1565 4851 1762 4948 aliquando
1782 4870 1893 4925 voca·

783 5114 810 5177 (¹)
826 5112 856 5165 Ε.
873 5114 950 5164 aliam
966 5114 1112 5165 vindictum.
1333 5113 1360 5174 (ι)
1376 5114 1450 5199 Eup„
1466 5114 1610 5177 „mim
