4575 6842
733 973 804 1039 1⁰2
1122 981 1327 1038 commun
1351 981 1517 1035 adamis!

731 1128 832 1223 idest,
860 1132 1066 1224 transpanet
1093 1126 1311 1202 umbraliter
1325 1117 1362 1218 (⁴)
1389 1125 1440 1199 ibi
1469 1124 1507 1199 in
1533 1125 1684 1221 mundo,
1709 1127 1798 1221 quia
1821 1113 1910 1200 nibil

730 1253 849 1343 potest
876 1248 997 1324 amari
1022 1247 1091 1322 nisi
1116 1245 1257 1321 bonnm
1284 1246 1343 1321 vel
1368 1265 1550 1341 apparens
1573 1244 1727 1339 bonnm,
1749 1252 1791 1318 ut
1814 1265 1910 1341 saepe

728 1366 867 1442 dictum
902 1374 958 1442 est
991 1373 1030 1441 et
1061 1367 1216 1442 dicetur.
1236 1407 1286 1420 -
1309 1371 1369 1439 tu.
1402 1366 1510 1440 Nune
1540 1365 1687 1441 Beatrix
1720 1367 1910 1462 praemisso

731 1487 884 1562 exordio
909 1488 1094 1564 deseendit
1119 1488 1167 1564 ad
1191 1486 1367 1580 dnbinm3
1389 1491 1428 1561 et
1444 1486 1564 1582 primo
1585 1487 1753 1583 proponit
1777 1487 1908 1583 ipsum,
1965 1491 1970 1500 '

734 1606 878 1682 dioens:
902 1614 952 1683 lu
968 1610 1050 1682 nuni
1063 1615 1185 1701 saper,
1201 1629 1240 1682 se
1260 1627 1326 1680 nou
1342 1609 1437 1680 altro
1453 1610 1618 1700 saviolo,
1636 1607 1782 1703 seilicet,
1800 1609 1908 1702 bono,

735 1731 767 1801 si
787 1723 860 1821 pud
882 1732 1014 1804 render
1038 1735 1149 1820 tunm,
1170 1726 1317 1822 scilieet,
1343 1727 1432 1821 Deo,
1451 1749 1521 1821 per
1545 1747 1671 1800 moneo
1696 1734 1789 1820 voto,
1805 1728 1908 1825 idest,

735 1847 967 1943 defectivum,
994 1848 1105 1942 quale
1130 1849 1198 1922 luit
1223 1854 1352 1923 votum
1370 1848 1557 1923 Piebardae
1574 1855 1611 1924 et
1628 1849 1857 1944 Constantia,
1878 1843 1911 1924 si

735 1970 795 2040 ebe
818 1971 926 2042 mouri
950 1971 1118 2059 damma,
1138 1967 1242 2061 idest,
1263 1974 1422 2062 secaret,
1439 1968 1499 2043 vel
1515 1990 1686 2045 securam
1705 1970 1813 2044 iaciat
1827 1970 1910 2046 ani-

736 2107 849 2183 mam,
876 2091 913 2162 di
936 2090 1057 2179 letoio,
1083 2088 1134 2162 ita
1162 2085 1261 2181 quod
1287 2108 1361 2162 non
1381 2086 1573 2163 obiiciatur
1598 2088 1666 2162 sibi
1690 2090 1735 2164 ad
1761 2090 1907 2185 culpam

737 2208 942 2304 injudicio
974 2209 1102 2284 aetemi
1123 2207 1268 2306 judicis.
1301 2208 1345 2281 Et
1377 2207 1498 2282 subdit
1526 2229 1738 2304 processum
1769 2211 1912 2286 beatri·

735 2327 786 2402 cis
810 2329 855 2403 ad
882 2329 1097 2404 solvendum
1118 2328 1288 2421 dubium,
1305 2327 1450 2403 dicens:
1467 2331 1627 2402 Baetice
1641 2323 1824 2426 oomduid,
1841 2331 1912 2405 sci-

736 2448 831 2544 lieet,
856 2471 880 2523 a
907 2449 1121 2544 repetitione
1146 2448 1230 2524 dicti
1256 2449 1368 2544 dubii,
1394 2456 1513 2541 questo
1546 2457 1662 2542 coum,
1688 2450 1791 2544 idest,
1817 2471 1913 2547 prae·

623 2629 633 2646 .
738 2589 821 2645 sens
846 2570 1060 2664 capitulum,
1080 2591 1099 2642 e
1124 2561 1287 2642 cootmd
1310 2561 1382 2642 oosl
1398 2572 1426 2642 il
1434 2590 1602 2661 processo
1620 2577 1735 2662 sunto,
1752 2593 1775 2646 a
1792 2569 1911 2666 simili,

737 2682 973 2763 sicom'uom
997 2691 1057 2762 ebe
1084 2711 1149 2764 suo
1176 2691 1307 2782 partor
1336 2709 1409 2762 noo
1439 2709 1580 2782 spazza,
1611 2689 1712 2785 idest,
1740 2690 1805 2784 qni
1837 2711 1912 2765 non

739 2809 944 2885 intermittit
957 2801 994 2902 (¹)
1023 2809 1272 2885 narrationem
1298 2829 1405 2882 suam
1432 2808 1696 2903 interponendo
1720 2810 1832 2904 aliud,
1853 2811 1912 2885 vel

739 2929 853 3005 alium
880 2949 1100 3004 sermonem.
1114 2933 1227 3002 —Lo
1251 2932 1426 3020 mappim.
1445 2929 1511 3002 llio
1527 2928 1674 3004 Bentrix
1696 2929 1822 3005 volens
1839 2931 1912 3005 sol-

739 3054 829 3125 vere
853 3050 1021 3144 dubium,
1047 3049 1236 3146 praemittit
1260 3049 1429 3144 quaedam
1457 3049 1661 3125 necessaria
1686 3049 1732 3124 ad
1757 3050 1912 3126 solutio-

740 3191 825 3245 nem
851 3169 946 3265 voti;
973 3178 1010 3245 et
1034 3171 1153 3266 primo
1178 3170 1384 3245 libertatem
1411 3170 1564 3264 arbitrii,
1582 3171 1620 3245 in
1636 3191 1712 3265 qua
1732 3177 1809 3246 tota
1829 3173 1913 3246 lun-

740 3290 849 3365 datnr
875 3296 1025 3365 votum:
1052 3289 1151 3364 unde
1175 3289 1222 3364 de
1246 3289 1334 3386 jure
1355 3289 1451 3364 civili
1476 3309 1607 3364 servus
1631 3311 1705 3364 non
1731 3298 1848 3386 potest
1872 3313 1913 3368 se

739 3409 914 3506 obligare,
947 3411 1034 3506 qnia
1068 3431 1142 3484 non
1174 3409 1284 3485 babet
1315 3410 1554 3504 voluntatem,
1590 3411 1688 3486 unde
1721 3419 1914 3507 reputatur

740 3535 910 3604 mortuus
944 3529 1107 3604 civiliter.
1145 3529 1293 3603 Extollit
1323 3550 1415 3626 ergo
1444 3530 1638 3627 magnifiee
1670 3531 1765 3607 istud
1793 3532 1915 3622 nobile

742 3650 972 3746 principium,
985 3650 1128 3724 dicens:
1144 3654 1195 3722 Lo
1207 3653 1373 3742 moppior
1385 3653 1480 3724 dono
1495 3653 1556 3724 ote
1572 3655 1642 3724 Dio
1655 3656 1746 3746 fessa
1760 3655 1914 3728 exeundo

738 3791 805 3863 per
829 3791 895 3843 suo
920 3771 1125 3862 turpitezza,
1153 3770 1254 3864 idest,
1282 3790 1415 3866 magna
1446 3770 1672 3865 liberalitate,
1699 3794 1718 3846 e
1745 3768 1806 3866 piri
1829 3795 1916 3848 eon-

740 3894 897 3984 formuto
921 3893 995 3964 adn
1018 3911 1084 3963 sua
1113 3892 1263 3983 bontute,
1293 3891 1381 3984 quia
1411 3891 1510 3965 Deus
1542 3897 1598 3965 est
1629 3891 1851 3988 liberrimus,
1878 3901 1916 3970 et

743 4009 858 4085 libere
882 4010 1014 4106 agite
1046 4015 1126 4104 quel
1147 4013 1244 4084 ob'ei
1262 4005 1326 4104 pid
1357 4031 1553 4103 opprezzu,
1579 4011 1665 4106 quia
1697 4031 1763 4109 per
1793 4014 1914 4110 ipsum

743 4131 854 4205 bomo
881 4129 920 4204 tit
945 4130 1150 4206 simillimus
1174 4131 1262 4224 beo,
1285 4133 1327 4223 su
1352 4133 1388 4202 ta
1414 4131 1569 4205 libertate
1588 4133 1680 4204 detto
1702 4127 1853 4207 would
1871 4135 1915 4208 lit

744 4250 803 4324 bie
821 4257 906 4325 nota
924 4251 1018 4324 bene
1035 4249 1133 4344 quod
1151 4249 1285 4324 Sextus
1301 4250 1576 4346 Pythagoricus,
1598 4258 1637 4325 ut
1656 4253 1768 4328 retent
1785 4254 1916 4350 dugu-

745 4369 871 4464 stinus,
889 4369 996 4443 dixit:
1015 4368 1221 4444 libertatem
1238 4367 1379 4443 arbitrii
1399 4370 1498 4444 dedit
1514 4371 1612 4446 Deus
1632 4373 1852 4470 bominibus,
1873 4381 1916 4447 nt

743 4509 838 4583 pure
862 4494 899 4563 et
923 4488 1001 4563 sine
1026 4495 1177 4583 peccato
1194 4489 1358 4564 viventes
1374 4489 1511 4565 similes
1532 4491 1620 4565 liant
1637 4492 1726 4568 Deo.
1746 4494 1853 4590 Nam,
1874 4501 1915 4568 ut

745 4607 841 4682 idem
868 4609 964 4703 dicit,
983 4609 1039 4684 vir
1059 4615 1181 4684 castus
1205 4619 1243 4686 et
1266 4610 1346 4684 sine
1364 4616 1515 4706 peocato
1531 4613 1672 4708 accepit
1686 4634 1710 4687 a
1726 4614 1803 4690 Deo
1820 4615 1915 4690 efflui

745 4729 840 4804 tilius
865 4730 950 4826 Dei,
976 4732 1156 4827 templum
1182 4731 1280 4804 enim
1308 4732 1452 4806 Domini
1470 4740 1525 4808 est
1542 4753 1647 4808 mens
1667 4755 1773 4831 pura,
1799 4743 1838 4811 et
1860 4736 1917 4811 al·

746 4855 826 4925 tare
850 4849 1030 4946 optimum
1057 4858 1112 4927 est
1126 4841 1163 4945 (ὓ)
1191 4851 1223 4926 ei
1250 4871 1315 4925 cor
1342 4851 1534 4926 mundum.
1557 4854 1667 4951 Ergo,
1683 4854 1730 4929 ad
1747 4855 1842 4930 bene
1861 4855 1917 4931 vi·

806 5037 833 5100 (⁸)
850 5037 881 5087 Ε.
897 5039 1079 5089 umbratiliter.
1204 5039 1232 5102 (¹)
1248 5039 1280 5089 E.
1296 5039 1452 5101 intermittit,
1469 5032 1544 5093 aliter
1559 5043 1683 5094 interimit
1700 5044 1883 5096 narrationem·

808 5110 836 5176 (¹)
851 5117 874 5175 t,
890 5118 929 5164 est
944 5114 1015 5165 enlm
1030 5129 1077 5167 eor
1092 5116 1228 5167 mnndum.
