4575 6842
704 967 749 1034 ld
1062 977 1267 1034 counurunr
1293 979 1513 1034 runonrunn

700 1125 785 1200 dam
812 1123 1000 1198 historiam
1027 1124 1190 1200 duorum
1222 1125 1379 1200 fratrum
1409 1125 1701 1223 describendam,
1727 1127 1773 1202 de
1801 1147 1874 1221 qua

701 1243 815 1318 multa
841 1243 937 1320 dicta
962 1251 1049 1318 sunt
1073 1245 1110 1318 in
1136 1245 1280 1320 lnlemo
1298 1253 1334 1321 et
1350 1244 1519 1320 dicentur
1544 1246 1582 1320 in
1606 1247 1675 1322 isto
1693 1249 1875 1344 Purgato·

700 1363 766 1439 rio.
781 1365 824 1438 Et
837 1363 953 1461 tangit
971 1365 1170 1440 secundam
1189 1366 1379 1441 historiam
1398 1366 1537 1441 dicens:
1555 1370 1651 1460 epol
1666 1370 1724 1442 del
1736 1369 1877 1461 prande

700 1484 953 1580 Achille,'quia
979 1484 1110 1560 deinde
1136 1485 1219 1561 lecit
1244 1486 1379 1561 librum
1413 1487 1606 1581 minorem,
1632 1487 1772 1582 inquo
1800 1495 1876 1562 tra·

699 1605 811 1680 ctavit
835 1604 882 1679 de
901 1605 1126 1701 juvenilibus
1151 1606 1262 1702 gestis
1282 1605 1439 1700 Achillis,
1456 1607 1503 1681 de
1523 1607 1657 1701 quibus
1669 1608 1746 1702 jam
1766 1606 1874 1702 pleno

700 1727 824 1822 scripsi
851 1726 1056 1823 Purgatorii
1072 1727 1121 1800 lll
1139 1728 1309 1822 capitulo.
1328 1727 1373 1802 Et
1388 1727 1527 1802 subdit:
1554 1749 1615 1802 mo
1633 1731 1739 1804 ceddi
1756 1733 1795 1801 in
1815 1733 1875 1802 oio

698 1867 764 1920 coa
798 1849 834 1920 la
867 1849 1019 1921 seconde
1047 1869 1158 1922 soma.
1192 1850 1236 1923 Et
1266 1850 1325 1923 bic
1358 1855 1454 1942 nota,
1481 1849 1608 1942 lector,
1642 1850 1740 1943 quod
1775 1849 1873 1924 circa

698 1965 805 2041 istam
831 1965 976 2041 literam
1004 1967 1108 2041 multi
1135 1968 1252 2043 multa
1276 1967 1463 2061 dixerunt,
1496 1968 1555 2043 alil
1580 1989 1647 2063 pro
1672 1975 1780 2064 poeta
1806 1989 1873 2042 no·

697 2091 786 2179 stro,
811 2086 870 2160 alii
896 2087 1162 2162 calumniantes
1187 2087 1283 2162 istud
1308 2087 1459 2181 dictum,
1497 2088 1583 2182 quia
1616 2087 1742 2162 dicunt
1772 2088 1871 2181 quod

697 2205 833 2281 Statius
859 2228 931 2281 non
957 2217 1012 2282 est
1038 2217 1210 2283 mortuus
1234 2209 1396 2286 sosarmo
1417 2210 1511 2284 libro
1531 2209 1756 2304 imperfecto.
1778 2209 1867 2298 Qui-

698 2327 767 2402 bus
792 2328 1085 2422 respondendum
1113 2338 1169 2405 est
1194 2331 1355 2405 breviter
1380 2337 1418 2405 et
1442 2332 1554 2424 clare,
1571 2331 1670 2424 quod
1694 2351 1784 2406 rere
1810 2349 1869 2404 se-

700 2447 866 2522 cundum
889 2468 982 2543 opus
999 2457 1054 2523 est
1071 2451 1309 2545 completum,
1327 2469 1396 2524 nec
1419 2451 1554 2524 llantes
1571 2451 1640 2525 boc
1660 2458 1789 2547 negat:
1807 2449 1871 2524 sed

700 2568 779 2642 vult
804 2567 938 2662 dicere,
964 2571 1063 2663 quod
1088 2570 1217 2645 cecidit
1242 2592 1328 2646 cum
1355 2570 1515 2646 secunda
1539 2571 1667 2664 salma,
1694 2571 1781 2665 quia
1807 2569 1872 2645 de·

699 2687 809 2764 bebat
833 2687 958 2764 subire
985 2690 1129 2764 tertiam
1151 2691 1352 2784 historiam,
1373 2691 1519 2784 scilicet,
1536 2699 1639 2788 gesta
1659 2690 1866 2783 Domitiani,

699 2809 794 2884 sicut
832 2809 906 2902 ipse
945 2816 1168 2903 protestatur
1205 2810 1242 2884 in
1280 2811 1470 2905 probamin
1502 2811 1559 2885 sui
1591 2810 1805 2904 Thebaidos,
1837 2817 1876 2884 et

700 2929 737 3003 in
770 2929 961 3024 pmhemio
991 2929 1216 3005 Achilleidos.
1253 2930 1355 3006 Unde
1384 2930 1530 3005 ridetur
1545 2927 1581 3023 (¹)
1614 2931 1750 3006 Statius
1784 2929 1872 3004 satis

699 3051 931 3124 excusandus
964 3051 992 3124 si
1023 3050 1192 3125 videatur
1221 3051 1327 3125 nimis
1358 3051 1501 3126 adulari
1526 3051 1741 3126 Domitiano.
1769 3050 1871 3126 Unde
2024 3058 2030 3075 '

700 3177 785 3244 nota
812 3171 923 3264 quod,
949 3169 1043 3245 sicut
1067 3170 1191 3244 scribit
1212 3171 1401 3266 Iosephus,
1418 3170 1647 3245 Domitianus
1663 3170 1790 3245 audito
1807 3192 1874 3243 rn-

700 3309 808 3364 more
832 3291 878 3365 de
902 3291 1105 3365 delectione
1132 3311 1399 3387 germanorum
1425 3312 1512 3365 curu
1538 3299 1634 3367 essct
1649 3291 1756 3366 valde
1780 3291 1869 3366 ado·

698 3412 849 3504 lescens,
876 3417 1014 3484 tautam
1044 3411 1095 3484 rei
1129 3408 1417 3508 magnitudinem
1450 3431 1523 3484 uon
1554 3411 1748 3504 recusavit,
1774 3411 1867 3485 sicut

699 3529 760 3605 alii
786 3529 972 3624 iecissent3
989 3529 1052 3604 sed
1069 3551 1090 3603 a
1109 3536 1214 3624 patre
1231 3531 1369 3605 habens
1393 3530 1592 3627 ingenitam
1617 3530 1865 3605 tortitudinem

696 3671 810 3745 supra
847 3657 1007 3744 aetatem,
1042 3651 1164 3724 statim
1200 3649 1369 3724 tendebat
1403 3651 1440 3724 in
1473 3651 1663 3726 barbaros.
1698 3649 1750 3723 llli
1785 3648 1867 3723 belli

680 3771 795 3845 “lama
821 3770 936 3845 territi
963 3771 1040 3844 sine
1065 3770 1140 3845 ullo
1173 3769 1308 3843 damno
1333 3790 1489 3843 romano
1516 3771 1610 3865 jugo
1638 3791 1680 3844 sc
1702 3768 1871 3842 subiece-

698 3899 795 3966 runt
823 3891 1049 3966 Domitianus
1075 3912 1166 3987 ergo
1191 3891 1313 3964 clarus
1326 3883 1363 3983 (²)
1386 3897 1424 3964 et
1448 3891 1609 3986 insignis,
1634 3896 1780 3964 aemlem
1809 3909 1874 3962 su-

697 4013 910 4109 perantibus
936 4012 1037 4086 lactis
1062 4018 1099 4086 et
1124 4010 1219 4106 patri
1244 4013 1424 4085 honorem
1445 4009 1695 4103 afferentibus,
1713 4009 1869 4082 Romam

698 4153 872 4209 reversus
898 4139 972 4226 est;
991 4131 1054 4226 qui
1072 4137 1109 4205 et
1126 4139 1325 4224 antequam
1343 4136 1447 4225 pater
1467 4129 1607 4205 veniret
1623 4132 1781 4204 Romam
1799 4127 1868 4202 ca·

698 4255 862 4352 pitolium
881 4252 1032 4328 viriliter
1049 4250 1262 4325 defenderat
1277 4251 1325 4324 ab
1343 4251 1516 4324 hostibus.
1535 4252 1620 4326 ldeo
1632 4251 1797 4345 juventae
1814 4247 1873 4319 in-

696 4378 797 4452 doles
814 4375 932 4472 potuit
949 4371 1119 4467 decipere
1136 4371 1292 4446 Statium
1311 4371 1603 4446 commendando
1621 4369 1870 4444 Domitianum

696 4499 744 4574 ab
770 4497 945 4570 iis--Al
967 4495 1047 4566 mio.
1074 4493 1138 4565 llic
1165 4490 1300 4566 Statius
1324 4491 1496 4566 describit
1525 4513 1566 4566 se
1594 4512 1617 4566 a
1648 4488 1870 4564 nobilissimo

697 4623 803 4712 poeta
830 4635 941 4710 quem
968 4631 1114 4707 semper
1140 4610 1279 4684 studuit
1303 4611 1450 4685 imitari.
1468 4611 1513 4684 Et
1532 4612 1600 4686 ista
1620 4610 1726 4684 litera
1750 4606 1871 4683 ambi-

697 4757 774 4834 gua
803 4735 941 4809 habere
971 4739 1088 4828 potest
1117 4731 1299 4826 duplicem
1332 4731 1576 4824 intellectum
1609 4749 1739 4821 unum,
1772 4725 1871 4820 qnod

699 4855 835 4929 Statius
860 4853 904 4928 sit
930 4853 1047 4926 lactus
1071 4857 1179 4946 poeta
1210 4869 1276 4944 per
1309 4850 1526 4946 Virgilium3
1551 4849 1665 4922 alium
1698 4846 1796 4941 qnod
1828 4845 1877 4918 sit

764 5122 790 5184 (Ἴ
808 5123 862 5179 117,
880 5117 982 5168 ridetur
998 5115 1070 5166 mihi.
1297 5163 1300 5170 ,
1323 5110 1352 5174 (¹)
1369 5117 1424 5172 ¹1⁷,
1440 5112 1535 5162 erm,
