4575 6842
859 969 1000 1026 conaus
1024 970 1171 1025 surus
1529 954 1600 1023 rtt

428 1134 549 1208 nsque
565 1113 684 1189 Gades
702 1134 875 1191 reversus
892 1122 949 1190 est
964 1114 1162 1210 llyspalirn,
1180 1134 1264 1207 quae
1282 1133 1380 1188 nuno
1397 1112 1519 1187 Sibilia
1536 1132 1603 1187 vo·

428 1240 547 1329 catur,
565 1239 602 1309 et
618 1234 894 1329 byspalensibns
920 1254 1093 1331 magnam
1114 1232 1386 1328 querimoniam
1406 1233 1491 1308 lecit
1515 1232 1601 1326 quia

429 1354 596 1430 laverant
619 1353 733 1448 Gneo,
768 1354 892 1429 dicens
916 1354 1076 1449 superbe
1107 1354 1207 1449 qnod
1233 1355 1390 1450 populus
1424 1372 1602 1428 romanas

429 1472 647 1549 immortalis
671 1474 830 1549 babebat
846 1475 973 1551 decem
992 1475 1154 1571 legiones
1174 1496 1259 1569 quae
1276 1474 1411 1550 coelunr
1430 1475 1603 1569 frangere

429 1599 552 1671 essent
564 1598 748 1688 potentes3
762 1593 814 1668 sio
827 1594 947 1668 solum
962 1594 1156 1670 nominans
1169 1614 1267 1688 suas,
1281 1598 1323 1668 ut
1336 1593 1440 1687 quasi
1457 1599 1610 1667 cetere·

430 1713 517 1789 nibil
542 1713 668 1789 valere
691 1714 915 1790 riderentur.
941 1716 986 1790 lit
1011 1715 1069 1792 bic
1094 1715 1162 1790 luit
1188 1714 1267 1793 linis
1288 1714 1373 1791 belli
1393 1713 1506 1789 civilis
1522 1713 1602 1787 Ge-

430 1832 522 1909 mris
547 1834 645 1928 quod
670 1834 817 1910 duravit
842 1841 1002 1930 quatuor
1026 1836 1141 1910 annis.
1170 1834 1223 1910 dd
1250 1835 1392 1911 literam
1420 1854 1512 1929 ergo
1537 1852 1602 1909 va·

430 1953 575 2049 aiendo,
599 1955 686 2030 dicit
710 1956 952 2031 lastinianus:
980 1961 1039 2030 lla
1061 1959 1166 2047 obde,
1191 1955 1327 2031 scilicet
1352 1962 1432 2051 post
1462 1955 1603 2029 bellona

431 2074 729 2165 Alexandrinum,
745 2098 850 2167 scesc,
867 2076 971 2171 idest,
987 2076 1174 2151 descendit
1201 2075 1288 2151 illud
1306 2075 1452 2172 signum
1469 2074 1602 2168 aquilae

430 2197 824 2293 portatnmaCresare,
834 2200 1227 2293 solporondoadiubo,
1236 2197 1372 2272 scilicet
1385 2196 1420 2270 in
1431 2194 1601 2289 biricanr,

423 2320 489 2411 poi
511 2320 544 2391 ri
566 2319 697 2391 rioobe
719 2319 778 2391 nel
798 2324 923 2391 nostro
947 2321 1130 2410 ooctdnrte,
1157 2317 1292 2393 scilicet
1318 2315 1355 2390 in
1381 2315 1601 2411 Hispaniam,

430 2457 515 2533 quae
540 2442 595 2511 est
619 2436 657 2510 in
683 2436 816 2511 finibus
841 2438 954 2513 nostri
980 2438 1187 2533 occidentis,
1206 2441 1293 2513 dove
1308 2441 1419 2511 sortia
1444 2439 1481 2510 lo
1503 2456 1604 2529 pom-

427 2560 559 2651 peiano
583 2557 676 2649 brba,
705 2558 792 2652 qnia
816 2559 891 2634 duo
917 2558 1077 2655 Pompeii
1098 2579 1167 2653 pro
1191 2578 1266 2633 nno
1285 2558 1401 2633 renati
1428 2556 1603 2632 videban-

430 2681 511 2751 tur:
538 2676 638 2751 unde
663 2676 796 2751 Sextus
820 2678 979 2753 evadens
1004 2680 1051 2753 ab
1076 2678 1147 2756 isto
1172 2678 1280 2773 bello,
1298 2684 1424 2773 postea
1444 2677 1601 2750 multum

431 2796 593 2893 fatigavit
618 2796 839 2893 Augustum,
866 2806 1045 2893 occupata
1070 2798 1190 2874 Sicilia
1215 2806 1253 2874 et
1278 2798 1453 2873 Sardinia.
1476 2798 1520 2871 Et
1545 2796 1602 2871 bic

431 2917 561 2992 ultimo
586 2923 685 3011 nota,
711 2918 837 3011 lector,
869 2919 969 3012 qnod
998 2918 1057 2994 bic
1088 2918 1200 2995 Gaius
1232 2920 1354 2995 Caesar
1382 2919 1475 2992 Lutii
1509 2917 1603 2993 filios

431 3039 537 3133 plura
563 3038 757 3113 laudabilia
774 3038 921 3113 ridetur
940 3040 1124 3136 babuisse,
1149 3062 1261 3135 quam
1282 3061 1446 3133 unquam
1472 3037 1603 3133 aliquis

430 3158 608 3255 princeps.
634 3159 727 3233 Nam
753 3158 820 3232 tuit
840 3159 1019 3256 sanguine
1039 3160 1285 3234 nobilissimus
1301 3160 1348 3235 de
1367 3159 1478 3234 domo
1495 3157 1601 3249 lulla,

431 3297 586 3373 corpore
604 3279 858 3374 pulcerrimus,
876 3278 962 3355 licet
986 3279 1055 3354 ista
1072 3300 1147 3354 non
1167 3279 1357 3355 conterant
1375 3298 1503 3353 veram
1522 3278 1604 3352 lan-

431 3397 536 3473 dam:
570 3397 639 3472 luit
670 3420 863 3474 armornm
899 3400 1141 3496 peritissimus
1174 3400 1253 3475 sine
1284 3400 1374 3495 pari,
1402 3399 1500 3474 unde
1531 3418 1605 3472 non

431 3518 609 3613 Pyrrhus,
623 3538 696 3593 non
709 3519 899 3613 Hannibal,
912 3541 987 3601 non
999 3520 1207 3596 Alexander
1224 3541 1392 3617 magnus,
1403 3540 1477 3594 non
1488 3518 1606 3613 Scipio

432 3637 551 3713 maior
576 3637 662 3712 buic
688 3637 852 3713 marimo
868 3639 952 3713 duci
972 3646 1124 3735 possunt
1137 3632 1175 3733 (¹)
1203 3640 1415 3731 assimilari;
1435 3639 1498 3735 qni
1523 3638 1606 3713 lecit

432 3758 511 3833 iere
536 3758 770 3854 impossibilia
795 3758 944 3834 bomini.
970 3760 1036 3834 llic
1066 3760 1135 3835 luit
1164 3760 1483 3855 eloquentissimus
1508 3759 1608 3855 prin·

432 3880 568 3975 cipum,
596 3880 694 3955 unde
717 3880 856 3953 Tullius
881 3886 1055 3955 numerat
1079 3902 1167 3955 eum
1186 3882 1281 3956 inter
1301 3881 1458 3977 optimos
1482 3886 1607 3956 orato·

433 4022 512 4097 res;
538 4002 606 4076 luit
630 4007 749 4097 poeta,
767 4000 867 4076 unde
893 4000 977 4075 lecit
1000 4000 1154 4077 metrice
1170 4002 1390 4098 opusculum
1417 4001 1515 4096 quod
1541 4022 1607 4095 ap·

432 4123 580 4219 pellavit
606 4122 676 4196 iter
692 4121 729 4195 in
746 4128 905 4218 angusto
923 4141 1050 4196 rernm
1068 4123 1236 4218 articulo,
1257 4122 1405 4217 quando
1424 4122 1461 4195 in
1479 4120 1605 4218 viginti

433 4250 596 4337 qnatnor
620 4242 749 4317 diebus
773 4242 821 4317 ab
843 4241 945 4317 ltalia
965 4241 1084 4317 ivitin
1101 4242 1320 4337 Hispaniam.
1339 4231 1605 4333 pistoriense),

433 4364 533 4438 unde
557 4384 626 4438 sua
650 4368 751 4459 gesta
777 4362 967 4459 descripsit
990 4364 1179 4439 luculento
1199 4362 1292 4457 stilo,
1309 4367 1352 4437 ut
1367 4362 1453 4437 dicit
1475 4361 1605 4435 sveno

433 4482 534 4577 nios3
560 4482 645 4559 tecit
668 4482 780 4558 ctiam
803 4483 1049 4579 Anticatones,
1065 4484 1229 4559 correxit
1254 4484 1436 4581 legessui
1461 4490 1606 4577 tempo-

433 4603 497 4695 ris,
522 4602 607 4677 iecit
628 4610 854 4698 compotum,
880 4602 1062 4679 ordinarit
1095 4624 1246 4698 annum,
1275 4603 1423 4678 invento
1451 4602 1605 4695 bisexto,

431 4722 593 4798 &tabat
616 4722 726 4797 simul
742 4723 909 4819 pluribus
928 4722 1178 4820 scriptoribus,
1197 4728 1238 4798 nt
1254 4722 1352 4798 idem
1370 4722 1466 4799 dicit.
1484 4723 1607 4798 Cera

433 4842 502 4919 tait
525 4841 820 4934 liberalissimas3
846 4863 932 4917 narn
957 4863 1006 4918 ex
1031 4848 1086 4918 tot
1111 4843 1272 4918 victoriis
1302 4842 1389 4917 nibil
1418 4842 1485 4918 sibi
1517 4841 1607 4919 reti·

497 5105 826 5170 flkmnttimllnl.
1075 5103 1390 5166 (dli-Militiam
