4575 6842
749 970 890 1026 caurus
914 973 1105 1028 rreusmus
1128 972 1298 1030 ocrtvus.
1541 956 1611 1023 175

435 1135 528 1188 cesse
552 1118 681 1190 abono
703 1136 838 1208 puerro
862 1119 1048 1208 altoomo,
1070 1115 1266 1190 habitatori
1286 1115 1396 1190 buius
1418 1114 1499 1209 loci,
1518 1113 1612 1190 sicut

435 1233 604 1309 videmus
633 1235 731 1330 quod
763 1234 841 1309 istae
871 1235 1127 1331 impressiones
1159 1234 1297 1309 iaciunt
1326 1235 1465 1310 bellum
1495 1234 1612 1310 couti-

436 1373 554 1427 uuum
582 1363 619 1430 et
649 1355 877 1430 inexorabile
905 1354 1045 1429 bomini
1076 1354 1252 1429 habitanti
1284 1354 1322 1427 in
1357 1359 1481 1428 nostra
1513 1361 1614 1430 terra

438 1473 633 1548 habitabili.
660 1475 762 1549 Unde
786 1475 891 1550 dicit:
917 1497 937 1548 e
966 1476 1157 1566 ldooonc,
1187 1475 1289 1568 idest,
1321 1474 1476 1549 altitudo
1509 1474 1612 1549 istius

439 1593 574 1668 montis
598 1594 766 1670 liberavit
791 1595 979 1671 bominem
1006 1603 1043 1670 et
1069 1615 1130 1671 me
1147 1601 1184 1670 et
1204 1613 1334 1668 omnes
1360 1595 1549 1669 tendentes
1566 1595 1613 1669 ad

439 1713 614 1790 virtutem
626 1735 693 1810 per
705 1721 824 1791 totum
839 1716 1096 1814 purgatorium
1109 1715 1158 1791 ab
1171 1715 1272 1790 omni
1287 1715 1564 1810 perturbatione
1576 1708 1613 1807 (¹)
1740 1721 1743 1726 ’

439 1833 513 1928 tali,
546 1838 594 1908 do
618 1837 707 1928 indi,
732 1837 834 1931 idest,
860 1836 909 1912 ab
938 1837 1016 1931 ipsa
1044 1843 1150 1932 porta
1181 1819 1384 1932 purgatorii
1414 1835 1518 1929 citra,
1551 1857 1616 1909 ove

438 1956 617 2049 cismo,-
642 1956 720 2053 ipse
734 1948 772 2050 (²)
799 1978 903 2032 mons
928 1957 976 2032 ab
1001 1957 1134 2054 angelo
1160 1955 1355 2052 clavigero.
1377 1955 1421 2028 ut
1447 1955 1506 2029 bic
1525 1959 1613 2029 nota

441 2074 540 2167 quod
557 2075 595 2148 in
620 2075 687 2151 ista
712 2077 891 2172 particula
917 2077 1000 2151 lorti
1025 2081 1133 2171 poeta
1159 2094 1233 2149 non
1259 2074 1338 2148 vult
1367 2073 1466 2148 aliud
1491 2073 1615 2150 dicere

439 2196 714 2297 sententialiter,
732 2198 799 2272 nisi
826 2197 925 2293 quod
951 2197 1019 2272 iste
1043 2197 1146 2271 locus
1167 2196 1283 2270 lactus
1309 2203 1364 2270 est
1384 2194 1614 2289 temperatis·

439 2314 555 2390 simus
580 2324 618 2392 et
642 2339 823 2413 amoenus,
842 2325 884 2393 ut
909 2318 1021 2392 bomo
1048 2317 1155 2391 nullis
1180 2314 1516 2412 perturbationibus
1542 2317 1615 2389 im·

439 2435 581 2530 peditus
610 2437 856 2532 spiritualibus
881 2437 1018 2523 deliciis
1050 2437 1238 2511 frueretur
1256 2426 1305 2528 (³).
1332 2475 1382 2488 -
1410 2439 1472 2508 Or.
1508 2434 1614 2509 Nunc

439 2556 615 2630 llatbildis
639 2565 786 2632 ostenso
806 2579 924 2653 quare
941 2564 1073 2634 ventus
1090 2563 1216 2632 noster
1233 2557 1292 2632 vel
1308 2555 1432 2650 aliqua
1455 2555 1527 2630 alia
1550 2575 1615 2651 pe-

441 2677 676 2772 regrinarum
703 2677 984 2774 impressionum
1009 2698 1084 2752 uon
1100 2676 1245 2774 attingit
1261 2677 1384 2751 locum
1403 2675 1513 2754 istum
1533 2695 1614 2750 ma·

442 2797 541 2870 xime
562 2797 750 2892 quietum;
767 2819 866 2873 nunc
881 2799 1041 2895 assignat
1058 2818 1186 2873 veram
1208 2817 1359 2872 causam
1380 2797 1483 2871 istius
1503 2797 1614 2891 venti,

441 2923 479 2992 et
504 2917 648 2993 ridetur
673 2919 767 2994 velle
790 2918 914 2994 dicere
938 2919 977 2992 in
1001 2917 1137 2994 ellectu
1170 2917 1268 3013 quod
1298 2917 1384 3012 quia
1416 2937 1521 2992 mons
1547 2917 1615 2992 iste

441 3037 717 3133 superextendit
741 3058 921 3113 cacumen
946 3059 1057 3111 suum
1075 3037 1113 3111 in
1129 3057 1218 3112 aere
1235 3037 1331 3132 vivo,
1349 3035 1413 3131 qui
1439 3035 1615 3111 continuo

442 3158 602 3232 volvitur
626 3179 714 3233 cum
740 3159 973 3234 firmamento
1004 3158 1107 3252 cmii,
1138 3157 1221 3232 ideo
1253 3157 1335 3232 talis
1364 3163 1487 3232 motus
1518 3156 1615 3232 aeris

442 3279 641 3374 superioris
668 3286 725 3355 est
754 3302 865 3356 causa
896 3279 976 3354 soni
1006 3280 1085 3355 sive
1116 3279 1225 3354 renti.
1252 3278 1305 3352 Ad
1332 3279 1476 3353 literam
1503 3299 1614 3375 erg03

443 3399 529 3493 qnia
558 3405 666 3494 poeta
697 3406 822 3474 noster
850 3405 993 3496 poterat
1022 3399 1147 3474 dicere
1175 3399 1232 3472 isti
1265 3398 1442 3474 dominre:
1469 3419 1492 3472 o
1518 3399 1616 3472 bona

442 3518 589 3614 femina,
615 3520 701 3594 satis
726 3519 846 3594 dixisti
871 3519 959 3593 mibi
986 3539 1104 3614 quare
1119 3525 1253 3594 ventus
1270 3525 1395 3593 noster
1416 3537 1489 3592 non
1505 3518 1615 3592 attin·

441 3639 494 3737 git
520 3639 626 3714 istam
651 3639 893 3735 altitudinem,
919 3639 983 3714 sed
1008 3641 1079 3713 boo
1103 3660 1178 3713 non
1204 3638 1384 3732 estquod
1410 3644 1507 3734 peto,
1540 3637 1616 3714 imo

443 3762 574 3837 vellem
600 3761 696 3854 scire
720 3782 872 3836 causam
897 3760 1001 3834 istius
1026 3758 1125 3834 venti
1148 3759 1206 3833 bie
1223 3759 1269 3834 de
1290 3779 1365 3853 quo
1383 3758 1509 3833 miror.
1531 3759 1617 3835 ldeo

443 3882 620 3958 blatbildis
644 3882 748 3958 dicit:
784 3885 837 3956 Or
866 3882 1065 3971 dometio,
1090 3878 1194 3974 idest,
1221 3878 1380 3954 circulus
1404 3877 1500 3953 aeris
1531 3878 1616 3973 viri,

443 4005 598 4092 sivolpc
620 4009 728 4094 rotto,
753 4000 856 4096 idest,
882 4000 1069 4095 velociter,
1093 3999 1180 4095 quia
1206 3997 1311 4091 quasi
1341 3998 1479 4072 nullam
1507 3997 1617 4072 babet

445 4121 699 4217 resistentiam,
730 4120 824 4196 sicut
855 4127 982 4195 noster
1011 4141 1078 4197 aer
1113 4117 1274 4212 interior,
1313 4118 1348 4192 d’
1361 4120 1465 4191 olom
1500 4124 1618 4208 cunm,

445 4261 558 4338 prope
582 4243 733 4338 coelum,
764 4237 938 4336 percld'n
961 4243 1117 4333 oronim,
1144 4240 1247 4333 idest,
1269 4237 1510 4333 circulariter,
1534 4244 1618 4312 nuo

445 4369 575 4454 quanto
591 4365 685 4436 door
700 4365 733 4437 si
749 4364 849 4455 volpe
863 4383 930 4435 con
946 4364 984 4434 lo
998 4363 1117 4454 primo
1137 4362 1244 4453 totto,
1262 4357 1365 4452 idest,
1391 4377 1477 4432 cum
1496 4356 1617 4452 primo

446 4482 589 4577 mobili3
614 4481 709 4577 ideo,
734 4484 785 4556 tat
804 4488 910 4573 moto,
927 4480 1062 4556 scilicet
1078 4479 1187 4575 aeris,
1207 4484 1369 4572 peremto
1393 4480 1431 4552 to
1449 4479 1619 4568 querat-

446 4608 560 4694 tczzo,
585 4602 688 4698 idest,
705 4603 743 4676 in
768 4604 921 4699 sylvam,
939 4622 1023 4696 quae
1040 4607 1096 4675 est
1113 4599 1150 4673 in
1167 4599 1235 4673 ista
1252 4596 1412 4694 planitie,
1438 4593 1519 4673 cb'd
1534 4603 1619 4672 utta

445 4724 616 4816 disnotm,
645 4723 747 4817 idest,
773 4726 901 4816 aperta
924 4726 963 4796 et
987 4741 1062 4795 uon
1081 4719 1207 4795 clausa
1227 4717 1306 4794 aliis
1325 4717 1524 4812 montibus,
1544 4721 1620 4794 ncl-

447 4845 566 4916 caere
589 4845 681 4933 otoo,
706 4842 809 4937 idest,
826 4861 933 4936 puro,
950 4839 1029 4915 sine
1048 4838 1208 4912 nubibus
1224 4826 1260 4931 (⁸)
1283 4837 1378 4933 ullis,
1404 4860 1424 4911 e
1444 4841 1488 4934 sa
1506 4859 1618 4914 conor

508 5031 537 5092 (¹)
553 5030 585 5080 B.
600 5029 756 5081 turbatione.
1008 5028 1037 5091 (¹1
1052 5028 1085 5080 ll.
1098 5028 1197 5078 eellloel
1213 5041 1289 5078 mom
1304 5029 1359 5090 ipre
1375 5027 1414 5077 rb.

509 5106 536 5170 (⁸)
553 5111 608 5169 117,
624 5107 711 5172 quiete
726 5105 868 5159 frueretur.
1010 5105 1037 5168 (⁸)
1054 5105 1085 5158 ll.
1100 5106 1156 5156 alno
1170 5105 1282 5157 nubibus
1297 5109 1325 5157 et
1340 5103 1450 5166 nebulis,
1465 5118 1479 5154 o
1494 5105 1533 5168 fo.
