4575 6842
724 994 795 1061 2110
1087 1000 1291 1056 counuruu
1315 1000 1534 1055 nonanromr

721 1150 784 1244 qui
809 1148 979 1243 quamvis
1000 1146 1110 1243 justi;
1128 1145 1180 1220 sic
1199 1151 1348 1241 propter
1366 1144 1611 1220 obedientiam
1633 1144 1763 1220 Christi
1782 1166 1892 1221 reno-

721 1275 805 1345 vata
831 1269 981 1344 luerunt
1006 1266 1090 1341 lolia
1107 1266 1144 1339 in
1166 1266 1288 1362 planta
1312 1265 1401 1362 ipsa,
1422 1285 1509 1339 cum
1530 1265 1806 1340 reconciliatum
1825 1266 1893 1340 luit

720 1410 837 1488 genus
861 1391 1068 1464 humanum
1094 1386 1236 1480 deitati3
1268 1393 1496 1461 nontamen
1527 1386 1576 1461 ita
1607 1388 1706 1482 quod
1737 1388 1893 1463 reduce-

720 1516 825 1585 retur
850 1510 896 1585 ad
922 1509 1078 1605 primam
1105 1506 1276 1605 gratiam,
1301 1505 1404 1601 idest,
1430 1507 1639 1581 ad'statum
1664 1507 1892 1601 innocentie,

720 1631 815 1706 sieut
846 1636 926 1705 erat
961 1628 1085 1724 prius3
1112 1627 1194 1701 ideo
1219 1626 1434 1721 benedicit,
1461 1627 1559 1721 quod
1585 1628 1668 1702 lolia
1698 1635 1804 1704 erant
1828 1648 1893 1703 co-

719 1751 838 1826 lorata
864 1770 937 1824 non
964 1755 1005 1822 ut
1030 1767 1135 1840 rosae,
1155 1746 1219 1821 sed
1239 1746 1432 1841 plusquam
1461 1748 1576 1821 violae.
1594 1748 1653 1822 Sic
1674 1768 1766 1845 ergo
1783 1768 1893 1822 reno-

720 1876 805 1945 vata
826 1876 881 1944 est
899 1869 1030 1966 planta,
1048 1888 1143 1941 come
1160 1872 1191 1941 lc
1207 1873 1325 1941 nostre
1336 1870 1468 1961 pionte,
1486 1868 1708 1964 generaliter
1728 1874 1766 1943 et
1789 1890 1894 1943 oom-

721 1990 892 2082 muniter,
911 1992 1008 2083 sunu
1032 1991 1180 2082 torpete,
1209 1988 1312 2081 idest,
1333 1987 1517 2082 indantur,
1537 1989 1838 2086 impregnantur,
1855 1996 1894 2064 et

720 2108 867 2204 pariunt
892 2110 1011 2203 liores,
1030 2112 1172 2201 quando
1190 2111 1225 2182 lc
1241 2129 1337 2199 prun
1359 2112 1445 2200 luce,
1461 2109 1555 2183 idest
1572 2111 1637 2204 sol,
1651 2131 1769 2201 casca,
1786 2109 1890 2204 idest,

719 2229 824 2323 cadit,
850 2230 928 2303 sive
956 2228 1152 2322 descendit,
1177 2224 1251 2320 piri,
1281 2228 1418 2303 scilicet
1451 2228 1497 2302 ad
1528 2239 1680 2322 terram,
1711 2233 1891 2303 normata

718 2369 785 2423 coo
809 2353 936 2444 quella,
961 2349 1062 2443 idest,
1089 2349 1284 2424 coniuncta
1301 2369 1388 2424 cum
1405 2349 1490 2425 luce
1508 2349 1632 2425 arietis
1647 2343 1698 2445 (¹),
1716 2353 1775 2424 cte
1799 2372 1889 2443 rap-

717 2474 779 2562 ptu
802 2470 914 2543 dictro
947 2472 1021 2544 ullu
1052 2472 1170 2543 celeste
1194 2471 1305 2562 lusco,
1335 2468 1438 2562 idest,
1470 2469 1616 2566 signum
1646 2469 1772 2565 piscis;
1803 2491 1890 2545 nam

718 2592 816 2666 lasea
841 2598 896 2666 est
920 2612 1038 2687 genus
1062 2590 1191 2685 piscis3
1221 2588 1318 2664 aries
1350 2590 1448 2664 enim
1482 2590 1694 2666 immediate
1722 2592 1890 2685 seqnitur

719 2712 865 2809 signum
885 2710 1049 2806 piscium,
1067 2732 1086 2783 c
1102 2712 1166 2803 poi
1181 2710 1346 2783 ciascuou
1365 2712 1397 2782 si
1419 2712 1592 2783 riuooella
1616 2713 1655 2783 di
1676 2731 1741 2783 suo
1757 2714 1886 2805 colore,

719 2831 922 2907 secundum
943 2852 1048 2905 suam
1076 2828 1246 2925 speciem,
1268 2833 1355 2922 prta
1380 2832 1476 2903 ctc'l
1498 2832 1570 2903 sote
1602 2832 1735 2922 ptango
1764 2832 1790 2903 li
1813 2834 1890 2904 suoi

718 2953 876 3041 corsicri,
902 2950 1004 3045 idest,
1031 2969 1148 3043 equos
1171 2956 1365 3024 currentes
1390 2949 1585 3044 plusquam
1610 2950 1722 3045 aliqui
1736 2940 1774 3044 (¹)
1802 2950 1887 3045 equi

718 3070 867 3145 barbari
892 3071 951 3144 vel
980 3070 1123 3164 arabes,
1148 3077 1237 3143 sotto
1261 3072 1357 3143 altra
1381 3072 1492 3161 stelin,
1517 3070 1620 3164 idest,
1647 3070 1891 3146 constellatio-

719 3212 816 3285 nem,
836 3191 939 3285 quasi
957 3190 1069 3264 dicat:
1088 3196 1286 3284 antequam
1308 3190 1419 3265 intret
1443 3189 1542 3264 alind
1568 3189 1726 3287 signum,
1744 3189 1890 3284 scilicet,

720 3315 883 3405 taurum,
910 3310 972 3405 qui
999 3308 1167 3403 sequitur
1192 3310 1357 3384 arietem.

793 3436 833 3505 lo
850 3452 922 3503 oon
940 3433 974 3503 lo
990 3434 1099 3504 inlesi.
1126 3431 1197 3505 lsta
1224 3436 1280 3505 est
1303 3429 1410 3505 tertia
1436 3450 1521 3525 pars
1545 3430 1738 3527 generalis,
1756 3431 1792 3504 in
1816 3450 1891 3525 qua

719 3559 827 3648 poeta
852 3551 1022 3627 describit
1047 3550 1298 3626 reversionem
1324 3550 1419 3624 illius
1436 3548 1532 3625 beati
1551 3550 1735 3625 exercitus
1751 3550 1797 3625 ad
1814 3570 1890 3625 cce·

718 3675 848 3749 testem
867 3672 1041 3768 patriam;
1060 3678 1097 3746 et
1114 3671 1235 3767 primo
1256 3677 1298 3744 ut
1324 3676 1503 3765 preparet
1521 3691 1561 3745 se
1577 3670 1623 3744 ad
1644 3672 1753 3745 talem
1774 3678 1892 3745 mate·

720 3794 813 3867 riam
834 3791 1004 3867 describit
1020 3791 1207 3885 quomodo
1221 3782 1258 3883 (³)
1274 3790 1496 3866 obdormivit
1516 3789 1566 3863 ibi
1587 3790 1633 3864 ad
1659 3790 1890 3865 dulcedinem

719 3919 860 4005 cantus,
871 3932 916 3987 eo
932 3909 1041 3984 modo
1055 3908 1260 4006 quodrgus
1274 3910 1495 3985 obdormivit
1506 3909 1552 3984 ad
1565 3909 1844 3986 delectationem
1852 3899 1890 4004 (ἢ

719 4032 798 4107 soni
815 4030 995 4106 Mercurii.
1014 4027 1068 4103 nd
1093 4029 1200 4104 cuius
1218 4020 1254 4121 (⁵)
1283 4028 1337 4104 rei
1357 4028 1577 4103 evidentiam
1602 4036 1746 4124 oportet
1773 4030 1891 4125 primo

719 4152 813 4227 scire
846 4151 945 4246 quod
970 4150 1045 4245 lsis,
1072 4170 1157 4245 quae
1190 4155 1300 4224 antea
1325 4158 1453 4224 vocata
1484 4150 1606 4224 luerat
1635 4151 1686 4245 lo,
1713 4150 1782 4225 luit
1803 4151 1888 4226 olim

720 4272 846 4369 regina
872 4271 1072 4346 clarissima
1098 4269 1354 4366 aegyptiorum,
1381 4274 1419 4344 et
1444 4274 1569 4365 postea
1599 4270 1823 4346 sanctissima
1853 4278 1891 4347 et

719 4391 937 4466 venerabilis
962 4390 1053 4465 dea:
1081 4389 1127 4464 de
1153 4389 1259 4463 cuius
1284 4395 1452 4484 ternpore
1476 4395 1515 4464 et
1539 4390 1751 4485 parentibus
1777 4392 1889 4466 variae

719 4516 758 4585 et
782 4530 887 4585 vanae
911 4508 1098 4604 opiniones
1123 4515 1210 4582 sunt
1240 4508 1337 4604 apud
1368 4508 1527 4585 illustres
1557 4517 1716 4585 autores.
1748 4510 1818 4586 Sed
1849 4516 1892 4586 ut

718 4630 845 4706 Ouidio
871 4630 1049 4723 faveatur,
1076 4630 1142 4702 luit
1175 4627 1246 4702 lilia
1271 4629 1393 4704 lnachi
1418 4629 1527 4725 primi
1554 4632 1650 4727 regis
1674 4631 1888 4729 argivorum

719 4757 757 4826 et
776 4770 882 4825 soror
899 4748 1079 4824 Phoronei
1098 4748 1222 4845 magni
1239 4748 1454 4845 legislatoris
1471 4757 1638 4845 tempore
1654 4751 1775 4825 Jacob.
1790 4752 1887 4847 lieo,

781 4978 808 5040 11
827 4978 857 5027 E·
873 4977 949 5027 reris·
1390 4976 1418 5041 ρ)
1435 4980 1466 5030 e.
1483 4980 1552 5031 arros.

781 5054 808 5116 (⁸)
826 5058 879 5114 117,
896 5054 1027 5117 quomodo
1042 5054 1231 5106 obdormlrerit
1247 5055 1291 5104 tot.
1390 5056 1417 5116 (⁸)
1434 5060 1488 5118 117,
1504 5056 1669 5109 dulcedinem
1685 5056 1750 5107 soni.

781 5130 807 5193 (¹)
825 5130 854 5181 E.
871 5130 914 5181 Ad
931 5132 1005 5182 onius
1020 5132 1176 5184 orldentiam
1192 5132 1325 5183 sciendum
1341 5134 1421 5197 qnod.
