4575 6842
690 963 760 1032 390
1081 975 1286 1032 counuruu
1310 978 1478 1031 rnnnnvsr

686 1141 709 1196 a
736 1118 816 1195 lide.
843 1121 886 1194 Et
912 1141 999 1196 ecce
1024 1122 1231 1215 quomodo:
1256 1121 1356 1216 qnia,
1371 1127 1470 1216 [orso
1494 1142 1559 1196 nto
1578 1142 1679 1215 orco,
1699 1121 1801 1214 idest,
1818 1143 1862 1196 os
1886 1105 1890 1111 ’

688 1240 858 1336 Platonis,
871 1242 970 1335 quod
987 1242 1120 1317 emittit
1136 1261 1347 1317 sermonem
1365 1261 1475 1315 suum
1494 1249 1671 1334 tanquam
1690 1240 1860 1337 sagittam

687 1367 848 1455 acutam,
871 1369 1033 1453 percuotc
1047 1365 1085 1436 io
1102 1365 1204 1436 alona
1221 1383 1319 1454 uero,
1341 1360 1444 1452 idest,
1465 1360 1560 1435 torte
1584 1360 1700 1457 tangit
1724 1359 1861 1455 aliquid

688 1481 861 1575 veritatis,
874 1485 972 1574 s'eqt
985 1485 1122 1558 intende
1138 1486 1259 1556 l'onor
1274 1483 1352 1555 dett
1361 1484 1549 1575 totiacozia
1565 1483 1619 1554 c’l
1634 1481 1768 1554 diusmo
1785 1488 1868 1569 tor-¹

687 1623 759 1675 oar
784 1623 808 1674 a
833 1610 946 1694 queso
970 1610 1080 1697 rante,
1110 1603 1212 1696 idest,
1238 1602 1362 1696 stellis,
1389 1602 1438 1676 ita
1470 1601 1570 1697 quod
1602 1601 1785 1676 inclinatio
1815 1601 1862 1675 ad

690 1720 865 1796 virtutem
884 1727 920 1796 et
938 1721 1066 1796 vitium
1089 1715 1366 1814 adscribaturl¹l
1384 1721 1501 1796 astris.
1519 1723 1565 1796 Et
1584 1721 1643 1796 tric
1660 1728 1746 1796 nota
1762 1721 1862 1816 quod

689 1846 795 1936 poeta
821 1841 984 1935 loquitur
1010 1842 1115 1916 valde
1139 1847 1260 1936 caute,
1277 1841 1364 1935 quia
1381 1841 1467 1916 dicit
1486 1842 1557 1915 sub
1580 1841 1808 1916 dubitatione
1824 1847 1862 1914 et

686 1982 754 2056 pro
779 1968 895 2056 parte,
921 1961 1003 2035 licet
1029 1962 1126 2036 enim
1153 1961 1260 2057 primi
1287 1967 1409 2036 motus
1434 1960 1506 2034 sint
1529 1982 1553 2034 a
1578 1961 1685 2055 coelo,
1707 1981 1780 2034 non
1806 1965 1861 2034 ta·

688 2100 775 2154 men
800 2101 955 2175 semper.
982 2081 1076 2156 Nota
1102 2081 1225 2176 etiam,
1252 2101 1300 2156 nc
1328 2086 1438 2155 antor
1469 2081 1638 2156 videatur
1672 2081 1736 2155 tibi
1767 2101 1863 2156 vane

561 2227 591 2293 pf
688 2199 900 2294 somniasse,
926 2200 1025 2294 quod
1050 2201 1153 2276 Plato
1179 2221 1336 2298 magnus
1361 2200 1632 2296 metaphysicus
1657 2201 1726 2273 luit
1749 2199 1862 2275 etiam

689 2327 814 2416 poeta3
833 2322 914 2396 ideo
941 2321 1056 2394 multa
1074 2320 1221 2396 tradidit
1246 2341 1313 2416 per
1339 2323 1572 2417 metaphoras
1596 2328 1634 2396 et
1657 2321 1863 2396 similitudi·

689 2461 769 2516 nes:
796 2447 834 2514 et
860 2447 901 2514 ut
926 2461 996 2537 ego
1016 2461 1176 2534 sequens
1195 2447 1366 2515 autorem
1383 2441 1453 2515 sub
1469 2441 1696 2515 dubitatione
1717 2442 1861 2535 loquar,

689 2561 785 2636 torte
811 2562 912 2637 Plato
938 2562 1114 2655 loquutus
1139 2569 1195 2636 est
1219 2561 1424 2637 secundum
1448 2581 1686 2637 communem
1708 2561 1860 2635 modum

688 2681 873 2775 loquendi,
897 2682 955 2757 bio
977 2688 1032 2758 est
1057 2682 1152 2756 filius
1177 2683 1262 2756 solis
1286 2683 1345 2756 vel
1372 2682 1468 2756 lunae
1493 2688 1531 2756 ct
1556 2681 1635 2756 talis
1660 2680 1791 2756 redivit
1814 2681 1862 2754 ad

688 2808 798 2876 astra.
813 2841 862 2855 —
879 2807 1013 2890 (inesto.
1045 2802 1111 2878 llic
1141 2803 1270 2877 ultimo
1299 2803 1446 2876 Beatrix
1476 2801 1660 2876 concludit
1689 2801 1862 2876 inconve-

688 2921 792 2996 niens
818 2923 916 3016 quod
941 2922 1028 2996 olim
1055 2928 1184 2997 natum
1210 2927 1266 2997 est
1291 2921 1461 3016 opinione
1476 2911 1514 3013 (¹)
1532 2920 1702 3015 Platonis,
1719 2921 1860 2995 dicens:

692 3046 816 3129 onusto
837 3045 1026 3137 principio,
1044 3043 1147 3137 idest,
1172 3042 1311 3117 dictum
1338 3041 1509 3134 Plutonia,
1530 3043 1630 3137 quod
1656 3043 1861 3137 ponebatur

687 3183 709 3236 a
727 3163 947 3257 pbilosophis
963 3163 1122 3256 antiquis
1140 3169 1329 3255 tamquam
1344 3162 1562 3258 principium
1577 3183 1644 3256 per
1660 3181 1700 3236 se
1718 3169 1859 3256 notum,

688 3283 762 3354 mol
784 3286 906 3373 inleso,
926 3282 1035 3377 iuxta
1061 3283 1205 3356 literam
1224 3289 1380 3377 tantum,
1400 3290 1505 3375 turso,
1526 3281 1672 3375 scilicet,
1693 3282 1731 3356 in
1756 3302 1862 3356 erro-

688 3421 769 3476 rem
796 3421 985 3498 magnum‚
1011 3393 1073 3492 pta*
1098 3409 1181 3475 tutto
1198 3404 1225 3475 'l
1247 3405 1377 3475 mondo
1401 3406 1515 3494 qnasi,
1537 3402 1632 3476 bene
1655 3401 1751 3494 dicit,
1773 3401 1858 3495 quia

687 3521 774 3596 olim
801 3529 887 3596 ante
909 3523 1108 3597 adventum
1124 3513 1161 3614 (³)
1181 3522 1311 3597 Gbristi
1329 3543 1459 3597 omnes
1475 3527 1604 3620 gentes
1621 3521 1750 3596 mundi
1767 3541 1861 3616 prae-

687 3647 744 3716 ter
772 3663 884 3715 uuum
911 3643 1095 3718 nationem
1122 3649 1268 3718 tantum
1297 3643 1466 3718 colebant
1494 3645 1659 3738 planetas
1690 3663 1757 3738 pro
1780 3642 1858 3716 diis.
1972 3629 1977 3639 ’

686 3761 789 3836 Unde
814 3761 916 3835 dicit:
948 3756 978 3836 si
1010 3767 1069 3837 cle
1102 3771 1292 3854 trascorsc,
1318 3765 1394 3859 ipse
1428 3765 1599 3857 mundus,
1632 3785 1657 3836 o
1691 3767 1858 3836 numium

576 3883 578 3888 ’
690 3883 808 3973 diove,
823 3886 999 3956 Mercurio
1024 3905 1043 3956 c
1068 3888 1209 3978 Morte3
1226 3884 1320 3958 sicut
1345 3883 1443 3957 enim
1461 3883 1633 3956 scribitur
1652 3882 1690 3956 iu
1711 3883 1859 3976 Timaeo,

685 4002 809 4078 anima
831 4011 885 4078 est
902 4024 1029 4078 semen
1050 4005 1214 4080 Deorum
1232 4004 1354 4079 stellas
1375 4003 1625 4098 moventium3
1644 4004 1742 4078 unde
1758 4004 1861 4078 Plato
1920 4043 1924 4052 ·

685 4123 774 4198 dixit
803 4145 826 4198 a
860 4125 1035 4221 principio
1060 4125 1219 4200 notanda
1235 4113 1271 4218 (ι)
1299 4145 1381 4200 esse
1404 4145 1518 4220 opera
1551 4144 1768 4220 puerorum,
1795 4123 1858 4217 qui

686 4244 807 4319 statim
835 4245 1004 4320 videntur
1030 4245 1223 4320 ostendere
1249 4245 1296 4319 ad
1321 4264 1406 4338 quae
1431 4244 1606 4319 exercitia
1623 4245 1858 4319 scientiarum

685 4372 722 4440 et
747 4366 883 4440 artium
910 4386 955 4439 ex
983 4372 1115 4440 natura
1141 4365 1324 4460 comparis
1341 4365 1455 4441 stellae
1473 4366 1591 4462 magis
1607 4371 1693 4439 sunt
1712 4365 1857 4439 babiles.

686 4486 771 4561 ldeu
798 4485 966 4579 chaldaei,
984 4485 1154 4581 AEgyptii,
1172 4491 1210 4559 et
1226 4486 1349 4560 Persae
1374 4485 1542 4561 dicebant
1567 4485 1666 4580 quod
1692 4485 1860 4560 benevoli

686 4606 931 4700 procedebant
955 4627 978 4679 a
1003 4607 1104 4699 Jove,
1123 4605 1288 4680 iracundi
1313 4627 1336 4681 a
1361 4609 1487 4700 Marte,
1508 4605 1642 4681 literati
1666 4627 1689 4680 a
1714 4606 1860 4705 llercu-

621 4737 625 4748 '
685 4726 758 4820 rio,
779 4727 957 4801 luxuriosi
983 4748 1006 4801 a
1031 4725 1187 4821 Venere,
1213 4727 1485 4822 contemplativi
1511 4749 1534 4802 a
1558 4727 1729 4801 Saturno.

748 4957 774 5018 (¹)
792 4957 821 5007 E.
839 4959 1031 5008 adscribuntur.
1251 4957 1278 5019 (¹)
1294 4958 1324 5007 E.
1341 4973 1374 5008 ex
1389 4958 1561 5022 opinionibus.

747 5031 773 5092 τ’)
790 5033 820 5082 E.
836 5033 976 5082 adrentum
993 5033 1097 5084 Domini
1114 5033 1197 5083 nostri
1212 5032 1275 5083 Jesn
1290 5032 1393 5084 Christi.

746 5107 773 5170 (⁸)
791 5113 813 5166 t,
831 5109 942 5158 notanda
962 5115 1032 5161 sunt.
