4575 6842
761 956 899 1013 CANTUS
923 956 1114 1013 vreasmds
1138 956 1268 1013 Nonus.
1528 949 1597 1015 201

427 1101 649 1199 temporalis,
674 1102 806 1177 deinde
834 1101 1029 1199 spiritualis
1059 1102 1293 1177 animarum:
1321 1125 1390 1182 nec
1414 1106 1472 1181 isti
1504 1106 1600 1183 bene

426 1222 563 1318 dicunt,
589 1223 676 1318 quia
700 1223 818 1298 Lucas
837 1224 916 1319 jam
938 1230 1156 1298 numeratus
1173 1230 1229 1298 est
1245 1224 1341 1299 inter
1358 1228 1600 1323 evangelistas

427 1346 522 1421 inter
547 1367 640 1441 quos
666 1349 746 1420 erat
770 1365 924 1437 currus3
945 1343 1009 1419 sed
1030 1344 1119 1452 mibi
1144 1345 1290 1419 ridetur
1316 1346 1416 1442 qued
1442 1348 1498 1421 isti
1523 1347 1600 1423 duo

428 1472 513 1541 sunt
524 1461 561 1559 (¹)
578 1466 652 1540 duo
670 1464 849 1560 principes
864 1464 1127 1559 apostolorum,
1142 1464 1289 1559 scilicet,
1302 1466 1435 1565 Petrus
1451 1472 1489 1540 et
1502 1468 1615 1542 Pau·v

429 1586 505 1659 lus:
537 1605 697 1680 quorum
729 1584 885 1658 Paulum
919 1584 1055 1680 figurat
1083 1604 1170 1659 cum
1200 1605 1300 1681 ense,
1330 1586 1416 1679 quia
1442 1586 1600 1662 rimatur

429 1705 607 1800 preiunda
641 1695 921 1799 scripturarum,
947 1705 1005 1779 vel
1031 1703 1118 1798 quia
1144 1705 1317 1780 vulnerat
1341 1713 1380 1781 et
1402 1705 1488 1781 ierit
1505 1727 1600 1801 pun·

427 1824 560 1922 gendo,
586 1824 818 1920 increpando,
840 1824 1051 1899 mordendo.
1080 1825 1230 1899 Petrum
1249 1844 1340 1899 vero
1362 1831 1600 1920 repraesentat

427 1944 466 2019 in
491 1946 616 2023 babitu
643 1944 785 2035 medici,
803 1945 889 2039 quia
912 1944 1038 2020 habuit
1058 1965 1191 2019 sanare
1211 1946 1366 2021 vulnera
1387 1946 1596 2021 animarum

427 2065 601 2140 solvendo
627 2073 664 2140 et
688 2066 890 2161 parcend03
918 2072 955 2140 et
980 2066 1098 2160 primo
1122 2066 1265 2140 curavit
1282 2086 1323 2141 se
1342 2066 1474 2161 ipsum.
1492 2069 1599 2143 Nunc

427 2184 474 2259 ad
499 2184 642 2259 literam
668 2193 774 2280 poeta
800 2184 970 2260 describit
991 2186 1077 2260 istos
1102 2185 1196 2259 duos
1221 2186 1344 2280 quoad
1369 2185 1534 2261 habitum
1561 2193 1599 2262 ct

426 2311 565 2401 actum,
591 2306 730 2381 dicens:
756 2312 932 2399 Appresso
957 2313 1040 2379 tutto
1064 2308 1092 2379 il
1116 2313 1330 2398 pertractato
1361 2311 1471 2398 node,
1496 2306 1599 2400 idest,

426 2432 507 2523 post
531 2447 679 2521 passum
705 2427 899 2522 difficilem,
926 2447 1037 2521 quem
1066 2432 1164 2502 lanta
1190 2433 1271 2502 arte
1295 2428 1493 2523 descripsit,
1526 2430 1599 2502 eidi

426 2548 497 2622 dcc
517 2549 629 2621 vcccbi
646 2550 684 2620 in
701 2549 793 2621 abito
815 2538 963 2640 dispdm',
981 2546 1083 2641 idest,
1101 2547 1303 2642 dissimiles,
1325 2548 1411 2643 quia
1432 2558 1534 2623 'unus
1559 2547 1596 2622 in

428 2669 555 2743 babitu
582 2668 723 2761 medici,
740 2669 833 2743 alter
860 2668 1017 2761 militari,
1035 2689 1095 2740 ma
1106 2671 1194 2761 pari
1215 2671 1254 2741 in
1273 2677 1358 2763 alte,
1380 2669 1466 2763 quia
1483 2669 1594 2745 ambo

429 2789 592 2884 apostoli,
611 2788 726 2862 nuntii
744 2786 887 2882 Cbristi,
904 2787 1043 2883 pugiles
1065 2786 1162 2878 fidei,
1183 2788 1246 2882 qui
1271 2787 1318 2862 ad
1345 2809 1463 2863 unum
1483 2789 1595 2863 linem

430 2908 696 3002 militaverunt3
715 2908 796 2983 ideo
812 2907 1028 2983 benedicit:
1047 2915 1080 2981 et
1094 2915 1251 2982 onestcto
1267 2929 1286 2980 e
1300 2911 1402 3000 sodo,
1416 2908 1502 3002 quia
1517 2927 1597 2984 ma·

427 3036 512 3105 turo
543 3035 579 3104 et
610 3029 725 3127 gravi.
743 3070 792 3083 -
811 3031 919 3103 L’an.
952 3029 1017 3103 llic
1050 3034 1157 3123 poeta
1189 3028 1358 3103 describit
1392 3028 1597 3124 specialiter

427 3156 629 3243 utrumque
654 3150 800 3242 horum,
826 3147 968 3223 dicens:
995 3151 1106 3239 L'ua,
1129 3147 1277 3241 scilicet,
1303 3150 1494 3242 Petraea·
1518 3169 1595 3222 mc·

425 3280 548 3345 stram
582 3272 685 3344 alcun
717 3272 769 3343 dc'
787 3272 997 3364 semipliari,
1032 3268 1133 3363 idest,
1169 3269 1409 3363 medicorum,
1442 3272 1481 3341 di
1518 3272 1597 3360 quel

424 3412 558 3464 somine
571 3394 768 3483 lppocrate,
782 3388 845 3483 qui
863 3390 930 3462 luit
946 3389 1148 3483 antiquitus
1166 3388 1406 3483 peritissimus
1420 3388 1594 3483 medicus,

426 3517 466 3584 ut
491 3511 629 3585 dictum
655 3515 710 3584 cst
734 3509 867 3583 lnierni
893 3509 1052 3604 capitulo
1075 3509 1130 3603 Vl,
1156 3512 1230 3600 cbe,
1255 3510 1359 3603 idest,
1381 3529 1505 3603 quem,
1526 3528 1595 3581 aa·

424 3635 600 3725 terascea
624 3634 697 3721 apli
726 3632 884 3719 animali,
914 3628 1017 3722 idest,
1048 3628 1268 3723 bominibus,
1298 3632 1349 3701 cb’
1363 3631 1431 3702 clla
1461 3631 1507 3701 la
1531 3622 1595 3722 pid

425 3755 522 3845 card·
553 3752 657 3846 quasi
687 3750 800 3824 dicat:
837 3755 970 3823 natura
1000 3748 1157 3844 providit
1188 3749 1297 3823 saluti
1330 3749 1522 3822 bominum
1548 3748 1594 3825 dc

424 3872 561 3948 auxilio
595 3870 833 3965 medicorum,
868 3875 1017 3965 propter
1051 3890 1164 3963 quem
1201 3868 1324 3944 omnia
1359 3869 1453 3943 lacta
1486 3876 1593 3961 sunt;

425 3996 560 4085 tetro,
579 3991 725 4085 scilicet,
742 3992 888 4085 Paulus,
906 3996 1086 4063 mostraea
1111 3994 1148 4064 la
1169 3992 1352 4062 contracta
1368 4009 1472 4080 cura,
1489 3989 1592 4082 idest,

424 4120 543 4187 artem
561 4110 783 4186 contrariam
802 4110 955 4204 medico,
973 4130 1039 4184 con
1061 4131 1134 4184 una
1158 4112 1271 4203 spada
1293 4111 1409 4183 lucida
1428 4117 1461 4183 et
1475 4116 1592 4201 acuta,

426 4254 537 4327 quam
563 4232 658 4305 bene
682 4230 849 4306 exercuit
874 4230 911 4304 in
936 4231 1100 4305 claritate
1126 4230 1220 4324 lidei,
1241 4233 1293 4304 tal
1310 4233 1369 4304 cte
1388 4233 1426 4304 di
1445 4250 1517 4322 pcc
1533 4231 1596 4303 dal

422 4357 479 4427 rio
511 4355 558 4425 mi
584 4356 620 4446 se
644 4372 778 4445 paura,
808 4352 955 4446 scilicet,
985 4352 1075 4426 citra
1104 4353 1307 4446 Lethaeum,
1338 4351 1426 4445 quia
1455 4351 1594 4448 rigidus

423 4472 615 4547 videbatur
645 4492 711 4566 pro
740 4471 949 4547 delensione
984 4492 1137 4564 currus;
1165 4472 1264 4547 unde
1300 4470 1460 4546 Paradisi
1495 4471 1594 4566 capi·

423 4593 501 4667 tulo
526 4592 652 4665 llllllll
678 4590 822 4665 Beatrix
850 4590 1003 4685 loquens
1028 4592 1074 4665 de
1100 4592 1215 4666 Paule
1243 4591 1328 4666 dicit
1357 4591 1405 4666 ad
1429 4593 1593 4684 Petrum,

426 4716 493 4787 Ode
512 4714 596 4785 mim
613 4721 684 4785 leco
702 4714 890 4786 bomanel
904 4713 994 4784 buon
1008 4714 1082 4804 file.
1092 4754 1142 4766 -
1155 4715 1231 4786 Pol.
1249 4712 1315 4786 llic
1331 4720 1440 4808 pocla
1456 4712 1595 4787 descri-

424 4833 476 4907 bit
500 4833 661 4907 breviter
686 4838 847 4926 quatuor
871 4832 1039 4907 doctores
1064 4832 1101 4906 in
1129 4834 1252 4907 babitu
1284 4832 1425 4927 humili,
1450 4834 1592 4908 dicens:

487 5090 513 5151 (¹)
530 5088 561 5139 E.
577 5092 638 5139 sunt
653 5088 790 5152 principes.
