4575 6842
801 951 941 1012 esurus
964 949 1159 1006 snuunnus.
1493 937 1570 1006 tto

390 1095 516 1180 anima
540 1101 635 1172 esset
660 1103 783 1172 motor
810 1094 1034 1190 compositus
1067 1112 1114 1168 er
1149 1093 1273 1168 multis
1305 1093 1504 1170 virtutibus
1528 1100 1569 1172 et

391 1215 629 1312 potestatibus
645 1215 887 1308 naturalibus
901 1235 975 1290 non
987 1220 1083 1288 esset
1099 1212 1290 1289 diversitas
1302 1215 1462 1308 partium
1481 1236 1567 1291 cor·

389 1336 488 1433 poris
513 1335 551 1410 in
577 1335 696 1411 torma
721 1341 759 1409 et
785 1334 923 1431 ligura:
950 1333 1032 1408 ideo
1051 1332 1252 1428 unicuique
1268 1335 1437 1428 potestati
1453 1357 1566 1411 suum

392 1456 581 1554 proprium
609 1454 803 1551 respondet
827 1474 1024 1550 organum,
1045 1453 1139 1528 sicut
1160 1454 1257 1530 bene
1280 1453 1418 1529 dictum
1445 1463 1501 1531 est
1521 1458 1570 1545 de

393 1577 501 1652 oculo
526 1575 563 1649 in
589 1573 747 1669 capitulo
772 1572 892 1669 primo
917 1573 1149 1668 precedenti.
1176 1574 1219 1650 lit
1248 1573 1353 1648 dicit:
1380 1596 1400 1648 c
1423 1580 1568 1671 consum

395 1693 810 1786 mote,sicutviden1us
836 1693 1027 1771 manifeste
1054 1694 1093 1768 in
1119 1715 1246 1789 manu,
1267 1716 1353 1790 quae
1377 1701 1432 1770 est
1457 1718 1569 1794 orga-

395 1837 499 1908 num,
532 1815 593 1890 cui
626 1823 759 1890 natura
790 1815 889 1898 dedit
923 1815 1059 1889 multos
1090 1821 1128 1891 et
1155 1815 1321 1891 diversos
1352 1816 1494 1914 digitos,
1526 1825 1570 1892 ut

395 1934 531 2010 laceret
551 1937 687 2012 multas
706 1934 937 2030 operationes
957 1935 1162 2010 secundum
1178 1935 1342 2011 diversas
1358 1938 1569 2032 conceptio-

395 2076 460 2142 nes
485 2056 707 2150 intellectus;
733 2055 809 2129 imo
840 2061 971 2130 natura
1005 2055 1041 2130 in
1072 2055 1224 2131 occultis
1253 2057 1468 2132 mirabiliter
1499 2060 1568 2133 boe

394 2175 489 2270 iacit,
517 2175 604 2270 quia
631 2175 840 2250 membrum
863 2174 969 2250 virile
986 2174 1022 2249 in
1040 2175 1190 2251 bomine
1206 2176 1344 2272 optime
1360 2178 1568 2252 conforme-

395 2303 456 2372 tur
481 2302 518 2372 et
543 2295 804 2390 correspondet
826 2294 966 2370 matrici
987 2294 1153 2370 mulieris
1172 2295 1210 2369 in
1226 2297 1475 2392 generatione.
1497 2299 1569 2373 To·

397 2424 472 2493 tam
500 2417 706 2492 machinam
733 2415 895 2511 corporis
920 2415 1073 2490 bumani
1098 2417 1228 2510 pulcre
1243 2416 1414 2492 describit
1430 2418 1570 2494 Tullius

396 2537 557 2614 secundo
582 2536 628 2612 de
655 2541 787 2613 natura
812 2535 986 2610 Deorum.
1001 2575 1051 2591 --
1071 2531 1177 2612 Vtrtri.
1203 2536 1269 2612 llic
1289 2535 1436 2612 Beatdx
1455 2539 1570 2636 tangit

399 2657 558 2735 breviter
584 2661 622 2732 et
650 2655 785 2752 colligit
818 2654 972 2730 virtutes
1001 2655 1338 2752 intelligentiarum,
1363 2677 1569 2754 sperarum,

398 2779 643 2874 planetarum,
667 2776 806 2850 dicens:
841 2771 936 2850 Virtd
964 2779 1118 2867 diuma,
1144 2776 1290 2871 scilicet,
1322 2777 1481 2853 aliorum
1511 2799 1571 2854 se-

398 2905 498 3006 ptem
530 2905 729 2990 motorum,
751 2900 794 2991 sa
819 2899 961 2972 diuerso
988 2899 1082 2988 lopo,
1107 2896 1210 2990 idest,
1236 2898 1505 2996 colligationem
1533 2905 1571 2976 et

398 3019 661 3115 operationem,
693 3020 749 3092 col
771 3019 938 3110 prezioso
969 3038 1092 3110 corpo,
1123 3016 1270 3112 scilieet,
1304 3039 1391 3094 eum
1425 3020 1571 3115 planeta

399 3159 479 3232 suo,
505 3141 555 3212 clr’
568 3141 636 3212 clla
660 3141 800 3230 cumve,
826 3137 927 3232 idest,
950 3137 1049 3231 quod
1074 3155 1208 3232 corpus
1233 3136 1309 3233 ipse
1336 3139 1452 3213 virtus
1477 3140 1571 3215 rivi·

400 3257 502 3352 flcat;
529 3263 567 3334 et
583 3258 729 3334 videtur
745 3258 846 3353 loqui
861 3257 1065 3334 secundum
1087 3256 1296 3352 opinionem
1317 3258 1485 3354 Platonis,
1507 3259 1571 3355 qul

401 3378 514 3455 veluit
539 3378 639 3473 quod
664 3383 764 3456 astra
788 3383 911 3454 essent
934 3376 1109 3471 animata,
1125 3378 1186 3452 vel
1203 3377 1362 3472 respexit
1386 3381 1506 3454 solum
1524 3380 1572 3456 ad

399 3497 670 3574 similitudinem
698 3517 810 3592 quam
836 3497 974 3572 iecerat
998 3496 1045 3571 de
1069 3495 1214 3591 anima3
1245 3497 1343 3574 unde
1358 3491 1395 3591 (¹)
1423 3499 1573 3579 adducit

399 3618 508 3694 aliam
534 3617 845 3714 comparationem
871 3617 918 3692 de
942 3617 1077 3710 anima,
1103 3616 1246 3692 dicens:
1266 3620 1326 3692 nel
1343 3623 1456 3711 mule,
1477 3620 1573 3694 scilia

400 3745 459 3814 eet
483 3759 649 3833 corpore,
673 3742 705 3813 si
729 3741 821 3830 Ispa,
847 3737 950 3829 idest,
977 3737 1124 3834 ligatur,
1149 3729 1180 3810 sl
1209 3712 1306 3811 come
1337 3742 1409 3813 otto
1439 3744 1477 3815 io
1501 3745 1572 3834 ool,

400 3859 502 3954 idest,
528 3858 621 3932 sicut
645 3859 767 3933 anima
793 3858 831 3931 in
856 3856 958 3931 vobis
984 3856 1192 3930 bominibus
1213 3857 1349 3954 ligatur
1374 3881 1461 3934 cnm
1488 3883 1573 3937 oor·

401 3999 508 4075 pore;
535 3978 633 4053 unde
658 3977 798 4054 subdit:
825 3980 862 4052 la
887 3970 978 4050 oirtri
1004 3979 1118 4070 moto,
1147 3976 1250 4071 idest,
1277 3978 1395 4078 virtus
1421 3983 1573 4056 motoris

397 4100 527 4196 juncta
552 4118 639 4172 cum
665 4097 810 4192 planeta
835 4117 915 4191 suo,
942 4098 1015 4170 lucc
1035 4117 1103 4189 per
1133 4100 1168 4171 lo
1200 4118 1322 4192 corpo,
1347 4099 1442 4175 sicut
1474 4102 1572 4176 lunte

403 4220 461 4294 vel
486 4217 637 4293 alterius
662 4218 836 4315 planetae:
864 4223 900 4292 et
926 4218 995 4291 boc
1021 4217 1134 4291 refert
1159 4217 1205 4292 ad
1230 4219 1387 4314 primam
1407 4241 1572 4318 causam,

403 4337 543 4414 dicens:
568 4359 634 4431 pcr
650 4340 687 4411 lu
703 4347 835 4412 natura
852 4341 932 4412 lictu
952 4340 1042 4412 oncle
1061 4341 1198 4431 ἀενίυα,
1219 4338 1322 4435 idest,
1340 4348 1573 4437 propter-na-

403 4464 527 4533 turam
553 4463 787 4532 naturantem
815 4479 898 4552 quae
930 4459 1029 4532 Deus
1061 4464 1128 4553 est,
1154 4460 1219 4554 qui
1244 4467 1300 4535 est
1326 4462 1466 4556 primus
1491 4484 1574 4537 mo-

403 4585 471 4652 tor.
485 4583 605 4650 -Da
630 4599 718 4650 csso.
745 4578 810 4652 Hic
836 4578 966 4652 ultimo
991 4579 1139 4653 Beatrir
1164 4582 1349 4656 concludit
1377 4583 1574 4678 principale

403 4697 640 4795 propositum,
666 4697 809 4773 dicens:
839 4689 899 4770 Cio
923 4700 982 4772 clte
1003 4719 1076 4792 pur
1100 4701 1279 4792 diffcrmtc
1295 4704 1344 4775 da
1360 4704 1432 4778 luce
1447 4725 1472 4776 a
1489 4707 1574 4795 loce,

404 4818 506 4912 idest,
532 4817 704 4913 quicquid
728 4817 812 4892 lucit
834 4816 1076 4892 differentiam
1105 4826 1142 4894 et
1166 4819 1416 4898 diversitatem
1434 4823 1471 4898 in
1492 4823 1575 4898 uni·

469 5077 496 5140 (¹)
512 5075 543 5128 Ε.
559 5076 626 5126 unde
642 5076 704 5128 dicit
719 5077 869 5129 adducendo
884 5077 961 5128 ulium
978 5081 1199 5142 comparutionem
1214 5082 1247 5134 de
1262 5083 1347 5134 anim
1367 5083 1422 5135 sier
1437 5085 1479 5134 nel
1492 5086 1575 5149 puoh.
