4575 6842
708 970 780 1035 116·
1064 979 1270 1037 uouuuruuu
1293 983 1513 1038 runetronu

705 1125 938 1201 venationem
964 1125 1011 1200 ad
1037 1127 1332 1222 persecutionem
1364 1127 1541 1220 terarum,
1567 1126 1670 1223 idest,
1702 1128 1749 1203 ad
1778 1148 1880 1203 mor-

705 1246 940 1320 tificationem
958 1247 1350 1343 concupiscentiarum,
1373 1267 1458 1342 quae
1475 1248 1639 1322 lacerant
1658 1247 1821 1323 animum
1843 1257 1881 1324 et

704 1386 855 1441 earnem
888 1367 1073 1442 crudelius
1105 1368 1206 1443 omni
1238 1368 1327 1444 iera.
1363 1367 1434 1444 Sed
1465 1367 1589 1443 infelix
1622 1367 1773 1442 loemina
1804 1388 1877 1444 non

705 1493 823 1582 potest
847 1493 975 1584 tegere
1000 1488 1127 1562 sallum
1153 1509 1285 1583 suum,
1304 1487 1386 1562 ideo
1406 1487 1502 1562 beno
1522 1488 1705 1562 exclamat
1730 1488 1879 1564 Ovidius

704 1607 777 1685 ibi:
809 1613 886 1682 Heu
911 1630 1018 1701 quum
1048 1611 1183 1701 difficile
1213 1617 1264 1683 est
1296 1611 1427 1682 odmen
1460 1629 1533 1682 uon
1560 1611 1718 1701 medem
1756 1612 1878 1684 ordia!

590 1740 593 1747 ’
704 1730 818 1806 Diana
844 1750 946 1824 vero,
973 1728 1074 1824 idest,
1099 1728 1246 1805 domina
1273 1735 1385 1824 casta,
1403 1729 1546 1825 repellit
1571 1749 1654 1804 eam
1679 1751 1703 1804 a
1728 1750 1768 1805 se
1794 1737 1877 1806 eta

704 1851 878 1926 societate
903 1851 1141 1937 honestarum
1169 1849 1381 1945 mulierum,
1400 1857 1438 1926 et
1457 1850 1517 1926 illa
1537 1871 1612 1925 uon
1628 1850 1740 1926 audet
1764 1871 1877 1947 appa-

705 1994 790 2048 rere
815 1973 852 2045 in
877 1975 1074 2066 conspectu
1100 1991 1253 2068 earum3
1280 1979 1318 2046 et
1343 1972 1506 2047 maxime
1527 1973 1623 2046 Juuo
1649 1993 1745 2046 uxor
1770 1971 1877 2046 adul·

705 2093 775 2168 teri
799 2091 1032 2186 persequitur
1057 2111 1162 2186 eam3
1189 2098 1225 2166 et
1250 2092 1311 2167 iila
1336 2112 1433 2188 saepe
1449 2092 1610 2167 efficitur
1629 2111 1727 2186 ursa,
1745 2111 1829 2186 quae
1846 2090 1877 2164 si

573 2285 578 2298 ,
704 2203 1015 2303 domesticatur(¹)
1043 2212 1219 2306 permittit
1245 2233 1285 2288 se
1310 2213 1422 2308 tangi,
1441 2212 1578 2309 palpari
1597 2219 1634 2288 et
1651 2212 1806 2306 equitari
1830 2213 1878 2286 ab

704 2330 912 2406 hominibus
938 2331 1060 2424 parvis
1085 2338 1123 2406 et
1147 2331 1302 2428 maguis,
1324 2338 1362 2408 et
1378 2332 1632 2428 impinguatur
1649 2331 1878 2425 verberibus,

704 2453 799 2527 sicut
823 2451 955 2526 dicitur
976 2451 1022 2526 de
1040 2472 1138 2525 ursa.
1166 2451 1219 2527 td
1245 2453 1389 2528 literam
1412 2473 1516 2550 ergo,
1534 2453 1619 2527 dicit
1635 2459 1760 2548 poeta:
1781 2454 1879 2526 lim-

705 2575 788 2665 tolo,
806 2572 907 2666 idest,
926 2571 1027 2680 finito
1044 2571 1105 2647 iilo
1131 2573 1270 2669 hymno
1295 2574 1414 2669 basse,
1430 2576 1633 2665 priduouno
1655 2593 1758 2665 caeco,
1775 2571 1894 2666 idest,¹

705 2695 842 2769 iterum
867 2693 1075 2767 clamabant
1099 2693 1149 2766 iili
1175 2694 1322 2789 spiritus
1348 2694 1438 2768 alte:
1460 2697 1582 2768 Diana
1598 2697 1631 2766 si
1647 2702 1746 2769 tenne
1762 2697 1801 2768 ut
1814 2695 1878 2767 do-

704 2837 778 2907 seo,
799 2814 885 2908 quia
911 2814 1067 2889 solitudo
1084 2820 1140 2888 est
1157 2815 1319 2890 maxime
1342 2815 1460 2890 amica
1479 2815 1670 2911 pudicitiae,
1690 2820 1732 2889 ut
1749 2816 1877 2910 pulcre

704 2935 860 3010 ostendit
886 2935 1024 3010 Seneca
1041 2935 1079 3008 in
1096 2955 1252 3030 persona
1271 2935 1451 3032 Hippolyti
1471 2935 1693 3031 pudicissimi
1714 2935 1874 3031 juvenis,

704 3077 723 3129 e
747 3058 932 3129 cucciomre
956 3057 1061 3146 Elt'ee,
1079 3076 1164 3149 quae
1189 3056 1260 3130 alio
1287 3055 1436 3131 nomine
1459 3055 1555 3131 dicta
1580 3065 1637 3131 est
1661 3056 1812 3149 Calisto;
1838 3064 1875 3132 et

703 3176 865 3273 assignat
890 3197 1040 3250 causam
1067 3177 1272 3272 honestam,
1298 3176 1438 3252 dicens:
1465 3179 1538 3268 cte,
1564 3177 1666 3273 idest,
1693 3199 1777 3272 quae
1802 3179 1876 3252 He·

704 3297 796 3393 lyce,
828 3317 918 3370 uvea
946 3299 1068 3369 sentito
1096 3299 1123 3369 it
1153 3303 1246 3370 tosco
1281 3300 1320 3371 di
1360 3302 1500 3388 Venere,
1531 3298 1633 3392 idest,
1663 3304 1877 3394 gustaverat

704 3437 890 3491 venenum
924 3415 1089 3510 libidinis,
1125 3416 1224 3509 quod
1259 3421 1314 3491 est
1345 3417 1453 3492 dulce
1484 3438 1669 3492 venenum
1695 3418 1879 3492 inebrians

704 3537 1127 3612 corhominis.—1ndi.
1155 3539 1220 3612 llic
1246 3538 1375 3612 ultimo
1401 3545 1507 3634 poeta
1533 3539 1634 3633 ponit
1658 3539 1767 3613 aliam
1785 3559 1874 3612 can·

704 3659 850 3750 tilenam
877 3657 915 3732 in
940 3658 1296 3734 commendationem
1324 3660 1489 3734 virorum
1508 3665 1707 3736 castorum.
1727 3661 1768 3732 ut
1785 3679 1876 3734 con-

703 3779 849 3853 tinuans
875 3779 968 3853 hanc
993 3785 1135 3874 partem
1166 3779 1397 3875 precedenti,
1427 3780 1531 3854 dicit:
1563 3783 1644 3854 lodi
1673 3788 1875 3854 torrrevaoo

704 3905 743 3976 ui
765 3907 906 3991 cuntur,
930 3899 1032 3994 idest,
1058 3898 1189 3974 deinde
1212 3899 1262 3974 illi
1283 3899 1431 3995 spiritus
1447 3901 1542 3976 iacto
1563 3902 1727 3976 clamore
1747 3921 1875 3976 rever-

702 4021 876 4097 tebantur
900 4019 946 4094 ad
971 4027 1135 4114 cantum,
1161 4019 1254 4094 sieut
1278 4021 1501 4096 alternantes
1523 4042 1643 4116 voces,
1662 4042 1761 4096 nunc
1786 4041 1878 4096 can-

702 4141 812 4217 tando
836 4142 952 4235 basse,
979 4161 1078 4213 nunc
1102 4139 1295 4215 clamando
1320 4141 1403 4214 alto.
1430 4141 1474 4215 ut
1504 4140 1650 4216 videtur
1676 4141 1774 4236 quod
1800 4141 1874 4215 hu-

702 4283 845 4357 cusque
870 4262 939 4336 viri
965 4261 1133 4336 lecerunt
1144 4251 1182 4352 (²)
1195 4260 1422 4335 mentionem
1438 4262 1498 4335 rel
1515 4261 1881 4336 commendationem,

703 4385 902 4461 mulierum
928 4389 1133 4476 castarum;
1159 4381 1242 4457 ideo
1266 4401 1365 4456 nunc
1395 4381 1593 4458 introducit
1619 4382 1794 4456 mulieres
1819 4381 1874 4456 ia·

702 4507 839 4581 cientes
863 4502 1219 4578 commendationem
1246 4502 1412 4576 virorum
1431 4507 1639 4597 castorum,
1659 4502 1755 4577 unde
1772 4501 1874 4576 dicit:

701 4629 788 4717 indi,
819 4623 921 4719 idest,
956 4622 1102 4717 deinde,
1134 4625 1262 4712 doum,
1295 4621 1397 4716 idest,
1429 4643 1577 4717 uxores,
1613 4642 1697 4717 quae
1729 4621 1876 4696 luerent

701 4747 890 4840 adulterae,
902 4747 1134 4837 mouendi
1153 4746 1273 4817 murati
1288 4746 1423 4836 elieser
1442 4745 1542 4834 cesti,
1556 4747 1745 4817 servantes
1765 4741 1874 4815 fidem

704 4866 899 4960 uxoribus,
917 4864 998 4939 ideo
1015 4864 1118 4938 dicit:
1137 4883 1233 4937 come
1258 4869 1388 4936 vetate
1412 4885 1431 4935 e
1455 4865 1680 4936 matrimonio
1696 4845 1870 4953 imponite.

765 5127 793 5189 (¹)
808 5125 840 5176 E.
855 5139 925 5187 ursa,
941 5126 1015 5189 quasi
1031 5125 1169 5177 domesticu
1186 5125 1295 5184 uidetur,
1314 5123 1445 5187 permittit.
1602 5122 1628 5184 (l
1645 5123 1670 5174 S.
1686 5123 1810 5174 iecerunt.
