4575 6842
638 980 641 984 ¹
715 960 788 1031 tau
1105 970 1310 1029 connnuuu
1335 972 1501 1027 nnnnmsr

711 1119 836 1195 omnia
862 1138 1095 1213 succurrens,
1112 1117 1256 1213 equites
1272 1138 1358 1194 suos
1384 1118 1430 1192 ad
1455 1118 1525 1193 boc
1547 1117 1739 1214 deputatos
1760 1119 1883 1193 immi-

711 1240 768 1336 sit,
793 1239 924 1315 deinde
948 1238 1046 1315 acies
1070 1238 1232 1335 peditum
1260 1238 1475 1335 conglobata
1507 1237 1609 1312 velut
1639 1259 1770 1313 murus
1796 1240 1881 1313 lerri

712 1367 870 1456 sequuta
896 1367 975 1455 est3
1000 1366 1040 1435 et
1063 1359 1153 1434 levis
1184 1366 1375 1435 armatura
1409 1358 1570 1455 Pompeii
1606 1358 1758 1435 faciliter
1788 1360 1886 1436 dedit

688 1489 834 1579 ¹terga:
861 1488 899 1557 et
923 1481 1008 1556 dicit
1032 1478 1218 1575 llorosius,
1236 1480 1335 1575 quod
1360 1481 1482 1555 cmm
1507 1480 1544 1552 in
1570 1480 1726 1555 mirabili
1749 1481 1885 1557 virtute

711 1624 977 1701 germanorum
1004 1604 1098 1677 banc
1124 1602 1313 1678 victoriam
1341 1600 1507 1675 obtinuit.
1534 1600 1730 1696 Pompeius
1755 1608 1880 1677 autem

712 1724 791 1802 risa
807 1725 893 1822 luga
907 1744 1062 1799 suorum
1075 1722 1167 1819 legit
1184 1744 1205 1797 a
1224 1721 1354 1817 proelio
1372 1742 1419 1797 ne
1435 1742 1561 1797 secum
1579 1728 1680 1796 totus
1697 1722 1883 1797 exercitus

712 1852 943 1921 moreretur:
971 1864 1046 1938 quo
1072 1848 1217 1917 remoto
1243 1844 1366 1916 nullus
1390 1841 1427 1915 in
1452 1842 1532 1915 acie
1561 1840 1670 1935 stetit,
1696 1848 1733 1916 et
1757 1842 1881 1917 Cesar

712 1966 775 2061 qui
801 1964 974 2060 principio
991 1962 1075 2037 belli
1095 1962 1338 2037 clamaverat:
1365 1962 1469 2037 miles
1495 1960 1623 2037 taciem
1646 1962 1733 2056 ieri3
1750 1962 1787 2036 in
1807 1960 1882 2036 line

576 2062 586 2079 ’
711 2084 901 2161 clamarit:
927 2084 1065 2179 parcite
1089 2083 1241 2177 civibus,
1267 2102 1355 2158 cum
1381 2082 1460 2157 illos
1486 2090 1810 2178 persequerentur,
1839 2090 1883 2156 ut

709 2204 762 2280 ait
779 2203 920 2279 Florus.
947 2204 1000 2277 lin
1027 2202 1231 2301 legionibus
1251 2209 1287 2278 ct
1308 2204 1474 2297 equitatu
1493 2203 1655 2298 Pompeii
1673 2203 1880 2297 quindecim

711 2324 821 2399 millia
843 2324 1051 2420 perierunt3
1069 2323 1347 2398 innumerabilis
1364 2322 1433 2397 luit
1452 2330 1595 2419 strages
1614 2324 1772 2398 aliarum
1789 2344 1882 2420 gen-

710 2445 802 2519 tium
817 2451 854 2519 et
867 2444 1089 2519 auxiliorum
1106 2465 1190 2538 quae
1205 2450 1281 2518 toto
1293 2437 1328 2535 (¹.)
1345 2442 1488 2519 oriente
1506 2452 1773 2520 couvenerant:
1788 2466 1882 2518 nuu-

711 2586 824 2661 quam
851 2566 888 2639 in
908 2586 984 2639 uuo
1002 2585 1132 2659 campo
1152 2570 1294 2638 tantum
1314 2564 1447 2639 virium
1468 2585 1710 2640 romanarum
1731 2564 1882 2639 lortuna

711 2686 902 2761 contraxit.
928 2687 1021 2760 Nam
1049 2690 1091 2757 ut
1115 2684 1241 2759 scribit
1257 2684 1399 2778 Florus,
1417 2690 1580 2759 tercenta
1599 2685 1709 2759 millia
1726 2686 1881 2760 bellato-

711 2828 794 2881 rum
816 2804 1002 2880 hincinde
1020 2811 1154 2900 praeter
1175 2804 1310 2879 auxilia
1333 2825 1464 2901 regum
1485 2812 1523 2880 et
1541 2811 1710 2881 senatus:
1731 2805 1882 2881 luerunt

711 2927 880 3003 undecim
908 2926 1069 3023 legiones
1103 2946 1149 3001 ex
1187 2932 1290 3021 parte
1319 2926 1483 3019 cesaris,
1509 2946 1555 3001 ex
1590 2934 1694 3022 parte
1718 2926 1879 3022 Pompeii

709 3048 837 3123 decem
865 3054 902 3122 ct
926 3051 1022 3141 octo,
1048 3047 1113 3120 llos
1138 3054 1177 3121 et
1203 3046 1319 3120 robur
1339 3046 1447 3121 italici
1467 3046 1664 3143 sanguinis.
1683 3047 1880 3141 Pompeius

708 3175 834 3243 autem
849 3168 992 3263 fugiens
1008 3187 1082 3240 uno
1096 3186 1196 3260 equo
1209 3186 1274 3261 per
1288 3172 1485 3259 terram,et
1499 3186 1571 3240 una
1586 3166 1670 3241 navi
1685 3186 1751 3261 per
1764 3186 1879 3261 mare,

710 3295 855 3383 recepta
877 3307 996 3361 uxore
1014 3292 1094 3381 post
1113 3285 1414 3360 deliberationem
1433 3286 1599 3381 pervenit
1616 3287 1652 3361 in
1666 3286 1879 3383 AEgyptum‚

710 3406 772 3481 ubi
797 3405 1108 3499 ptolomensem
1136 3406 1332 3500 Pompeius
1356 3412 1457 3480 tutor
1482 3428 1504 3481 a
1530 3414 1659 3481 senatu
1686 3407 1794 3481 datus
1820 3426 1880 3481 re-

706 3548 822 3624 gnum
849 3526 1004 3601 fideliter
1029 3531 1255 3620 servaverat,
1278 3525 1401 3601 habito
1417 3526 1568 3601 consilio
1593 3546 1748 3601 suorum
1776 3527 1877 3601 illum

707 3646 861 3723 interfici
887 3646 981 3741 lecit,
1008 3654 1046 3721 et
1070 3666 1227 3741 corpore
1258 3646 1294 3719 in
1326 3646 1441 3721 undas
1471 3646 1613 3723 abiecto
1645 3654 1754 3742 caput
1783 3648 1880 3722 dono

707 3767 839 3843 Caesari
867 3774 1096 3843 reservatum
1115 3774 1181 3841 est.
1200 3766 1244 3841 Et
1260 3766 1383 3841 Caesar
1400 3787 1485 3841 curn
1506 3766 1631 3862 paucis
1648 3766 1762 3843 fidens
1780 3768 1877 3843 lama

685 3886 763 3980 ⁸sui
789 3886 956 3981 nominis,
982 3908 1066 3981 quae
1092 3906 1166 3961 non
1193 3886 1314 3961 minus
1332 3907 1401 3961 suo
1418 3887 1564 3961 valebat
1590 3887 1768 3982 exercitu,
1794 3887 1878 3963 dle·

708 4006 897 4081 nandriam
933 4007 1115 4103 pervenit,
1151 4006 1213 4080 ubi
1247 4006 1313 4081 luit
1346 4006 1450 4101 quasi
1484 4007 1520 4079 iu
1553 4007 1682 4081 maiori
1715 4008 1879 4103 periculo

706 4148 819 4222 quam
847 4148 1023 4223 unquam.
1050 4130 1141 4202 Nam
1160 4126 1316 4202 Achillas
1336 4126 1609 4201 crudelissimus
1636 4129 1767 4203 beusto
1792 4150 1877 4203 san·

583 4264 586 4271 ·
705 4246 818 4345 guine
842 4248 1004 4343 Pompeii
1024 4247 1148 4323 ebrius
1166 4247 1383 4343 sauguinem
1404 4247 1556 4321 Caesaris
1573 4247 1727 4343 sitiebat,
1747 4249 1878 4344 prele-

706 4377 787 4445 ctus
806 4370 903 4465 regis
919 4390 1005 4444 curn
1023 4368 1150 4466 viginti
1170 4367 1328 4442 millibus
1340 4375 1571 4443 armatorum
1590 4368 1726 4444 bellum
1742 4370 1877 4445 movit:

705 4496 742 4565 et
758 4488 881 4564 Caesar
897 4489 965 4562 uisi
985 4488 1170 4563 habuisset
1183 4489 1426 4563 Ptolomaeum
1445 4509 1570 4564 secum
1586 4488 1680 4564 lorte
1698 4509 1770 4563 non
1788 4511 1877 4566 era·

705 4610 818 4686 sisset.
840 4610 910 4685 Sed
931 4610 1152 4684 Ptolomeus
1169 4608 1339 4683 dimissus
1355 4629 1377 4683 a
1395 4608 1540 4685 Caesare
1556 4608 1759 4704 improvide
1780 4610 1879 4686 venit

705 4751 791 4806 cum
816 4730 895 4805 aliis
920 4736 1048 4805 contra
1074 4750 1173 4805 eum.
1200 4728 1322 4804 Coesar
1355 4729 1543 4824 repentina
1575 4728 1762 4805 invasione
1793 4752 1878 4828 per-

704 4870 835 4925 cussus
850 4850 971 4925 subito
987 4849 1136 4925 intrarit
1153 4848 1380 4943 naviculam3
1395 4848 1457 4924 sed
1476 4850 1668 4925 demersus
1686 4850 1722 4925 ln
1739 4872 1875 4945 aquam

767 5107 795 5170 (¹)
811 5107 842 5158 B.
859 5112 914 5160 toto
930 5108 962 5157 ab
977 5108 1086 5159 oriente.
