4575 6842
580 948 583 955 ’
712 959 784 1029 716
1070 972 1276 1027 conaurun
1299 970 1518 1028 runonroun

711 1118 837 1192 datum
857 1136 994 1192 corona
1015 1116 1120 1190 olivae
1146 1138 1231 1211 quae
1255 1124 1311 1192 est
1335 1119 1447 1192 arbor
1463 1122 1676 1192 consecrata
1697 1118 1878 1210 llinerrae,

711 1258 795 1332 quae
820 1244 875 1311 est
900 1238 973 1311 Dea
1001 1237 1197 1331 sapientire,
1225 1238 1412 1333 multiplici
1443 1236 1604 1331 ratiooe3
1636 1237 1767 1332 primo,
1794 1238 1880 1332 quia

711 1358 806 1433 sicut
821 1358 945 1432 oleum
964 1358 1214 1452 supereminet
1229 1358 1400 1432 omnibus
1415 1358 1628 1451 liquoribus,
1645 1358 1692 1432 ita
1709 1348 1882 1451 sanctad)

714 1478 888 1572 sapientia
914 1478 1169 1574 superexcedit
1193 1475 1355 1572 caeteris3
1372 1478 1546 1573 secundo,
1563 1478 1651 1573 quia
1667 1477 1762 1553 oliva
1783 1492 1882 1553 sem-

714 1618 780 1694 per
806 1598 910 1693 viret,
936 1599 1047 1673 etita
1073 1596 1248 1693 sapientia
1283 1619 1487 1692 numquam
1521 1605 1620 1691 aret;
1651 1598 1769 1692 tertio,
1795 1598 1882 1692 qula

714 1722 812 1795 oliva
835 1727 891 1795 est
915 1720 1059 1815 signum
1082 1719 1191 1813 pacis,
1209 1718 1307 1812 quod
1329 1720 1426 1794 bene
1448 1719 1621 1815 competit
1646 1720 1710 1813 ipsi
1736 1720 1884 1815 sapien-

714 1841 794 1933 tiae;
826 1846 973 1936 quarto,
1006 1840 1104 1933 quia,
1140 1845 1181 1911 ut
1214 1839 1340 1913 scribit
1368 1840 1516 1934 Plinius,
1545 1842 1641 1917 oliva
1671 1840 1884 1917 difficillime
2002 1906 2007 1919 .

715 1960 856 2053 crescit,
882 1961 945 2035 sed
972 1961 1080 2055 longo
1106 1967 1275 2055 tempore
1299 1959 1397 2054 vivit,
1424 1966 1462 2035 et
1492 1962 1571 2035 talis
1602 1962 1803 2037 rectissime
1827 1969 1882 2036 oct

715 2081 887 2174 sapientia
915 2100 1023 2173 vera;
1050 2079 1190 2172 quinto,
1216 2081 1302 2173 quia
1328 2081 1490 2156 llinerra
1507 2081 1554 2156 de
1572 2082 1624 2157 rei
1644 2082 1800 2157 veritate
1815 2082 1882 2155 luit

717 2200 849 2273 mulier
866 2218 1012 2292 carnea,
1036 2199 1217 2273 inventrix
1243 2202 1445 2274 multarum
1472 2207 1510 2275 et
1535 2202 1717 2275 bonarum
1734 2202 1884 2295 artium,

714 2320 805 2394 sicut
831 2318 1003 2413 sapientia
1020 2311 1057 2411 (²)
1083 2320 1180 2414 lacit,
1198 2340 1282 2413 quae
1299 2320 1358 2394 bic
1375 2321 1522 2415 ponitur
1539 2321 1609 2395 sub
1627 2321 1775 2397 nomine
1792 2323 1885 2396 Bea-

715 2442 833 2534 tricis3
859 2462 932 2513 non
955 2442 992 2514 tu
1016 2442 1182 2515 tardasse
1209 2462 1323 2533 parer
1351 2445 1548 2537 manifesto,
1577 2443 1663 2536 qula
1691 2464 1763 2517 non
1788 2444 1885 2517 bene

713 2562 911 2663 apparebat
936 2560 1097 2635 turbatio
1122 2562 1213 2636 eius.
1241 2562 1283 2634 Et
1308 2582 1397 2636 ecce
1420 2562 1508 2656 quid
1533 2562 1623 2636 dixit
1645 2563 1763 2658 primo
1789 2562 1884 2637 Bea-

714 2682 803 2756 trix:
822 2684 1017 2755 Guardami
1033 2682 1117 2755 ben:
1129 2682 1194 2754 den
1210 2702 1288 2773 son,
1301 2682 1365 2755 ben
1384 2703 1450 2753 son
1463 2686 1632 2777 Bcoume,
1646 2682 1749 2775 quasi
1766 2682 1883 2757 dicat:

715 2803 813 2879 Bene
825 2824 907 2875 sum
922 2802 992 2894 illa,
1006 2822 1117 2894 quam
1132 2802 1328 2896 aliquando
1339 2793 1376 2894 (³)
1392 2802 1491 2877 risus
1502 2822 1542 2878 es
1554 2824 1694 2897 amare,
1709 2808 1746 2878 et
1758 2810 1883 2899 postea

714 2923 834 2998 viliter
857 2922 1059 3016 deseruisti,
1078 2944 1174 2996 come
1188 2925 1348 3014 umora
1368 2926 1404 2997 d
1416 2927 1581 2999 cccrum
1596 2929 1634 2998 at
1649 2932 1790 2999 mortu?
1806 2942 1885 3020 poe-

716 3044 874 3119 nitentiae
901 3051 938 3117 et
963 3044 1141 3118 virtutum
1170 3043 1231 3118 ubi
1265 3064 1325 3118 me
1357 3044 1519 3144 invenies
1531 3033 1595 3139 (Ἣ
1627 3066 1699 3119 non
1727 3050 1828 3140 supet
1850 3053 1886 3120 tu

715 3167 775 3238 clu
791 3168 850 3256 qui
869 3161 1011 3238 dt’uoor
1026 3167 1152 3257 selice?
1171 3165 1274 3257 quasi
1292 3164 1397 3256 dicat,
1424 3164 1518 3239 scire
1537 3165 1708 3260 debebas,
1726 3187 1796 3241 nec
1812 3167 1885 3240 buc

715 3283 891 3357 accedere
916 3290 1061 3377 poteras
1086 3283 1152 3356 nisi
1179 3284 1336 3379 egotibi
1367 3283 1524 3380 gratiam
1554 3305 1885 3379 procurassem.-

720 3406 775 3476 dtr·
812 3405 915 3476 occdi.
955 3403 1019 3477 Hic
1050 3410 1157 3498 poeta
1188 3403 1303 3499 tangit
1333 3404 1505 3478 ellectum
1539 3404 1641 3477 istius
1671 3402 1887 3499 increpatio-

717 3522 773 3596 nis
786 3514 837 3616 (⁵),
855 3523 941 3616 quia
968 3542 1041 3596 non
1067 3521 1184 3625 potuit
1201 3529 1327 3599 tenere
1347 3523 1504 3597 lroutem
1525 3530 1716 3619 premente
1733 3525 1884 3619 pudore.

717 3642 819 3717 Unde
844 3642 947 3716 dicit:
979 3645 1035 3717 Gli
1050 3646 1145 3715 occdi
1161 3646 1209 3716 mi
1224 3646 1357 3716 ruddcr
1371 3638 1432 3734 piri
1447 3646 1506 3716 net
1519 3644 1640 3716 obturo
1653 3647 1762 3738 sonu,
1783 3644 1885 3738 idest,

630 3762 634 3769 '
719 3764 855 3837 llumeu
873 3762 1073 3857 Lethaeum,
1092 3784 1152 3835 mu
1169 3766 1396 3854 ueqqcndomt
1411 3766 1448 3836 in
1465 3783 1554 3857 caso,
1574 3762 1667 3837 sicut
1684 3763 1720 3837 in
1739 3762 1889 3858 speculo

718 3886 769 3959 sic
797 3883 1057 3978 verecundum,
1082 3888 1118 3958 io
1143 3888 1250 3958 tressi
1278 3886 1448 3977 wudu,
1471 3882 1524 3958 'ne
1550 3883 1712 3959 viderem
1745 3904 1808 3959 me
1836 3885 1886 3958 ita

718 4002 925 4095 confusum,
949 4010 1046 4077 tuoto
1068 4024 1249 4095 uupopno
1273 4008 1321 4077 mi
1342 3996 1459 4095 prum
1474 4006 1511 4077 tu
1524 4008 1651 4097 [ronta
1670 4003 1715 4077 Et
1729 4000 1886 4077 ostendit

718 4124 877 4218 qualiter
902 4123 956 4197 ira
981 4124 1084 4199 istius
1110 4125 1275 4199 mulieris
1299 4131 1380 4199 erat
1405 4124 1499 4199 bona
1521 4129 1558 4198 et
1576 4123 1682 4215 utilis,
1708 4124 1794 4199 licet
1812 4144 1887 4199 non

718 4248 769 4321 sio
795 4246 982 4337 videretur
1007 4244 1126 4341 prima
1153 4246 1255 4339 lacie,
1282 4243 1368 4338 quia
1395 4265 1466 4319 non
1492 4244 1644 4319 exodio
1669 4244 1733 4319 sed
1757 4261 1887 4329 amore

718 4367 878 4457 intenso;
894 4366 990 4440 unde
1008 4364 1092 4440 lacit
1108 4366 1420 4459 comparationem
1438 4364 1735 4460 propriisslmam,
1748 4364 1887 4439 dicens:

717 4479 789 4560 cosi
813 4488 849 4559 tu
875 4488 999 4558 madre
1023 4487 1062 4558 ot
1081 4488 1180 4578 iptio
1201 4505 1275 4577 por
1293 4486 1457 4578 mperbo,
1473 4504 1559 4559 cum
1580 4484 1706 4558 tamen
1732 4504 1806 4559 non
1830 4480 1887 4578 sit,

717 4610 804 4681 com’
818 4608 887 4679 eliu
907 4626 1022 4698 paroc
1046 4626 1071 4679 u
1096 4628 1163 4699 roe,
1188 4612 1226 4680 et
1251 4627 1324 4680 non
1349 4610 1441 4697 erat,
1462 4600 1592 4698 perata
1613 4606 1640 4678 't
1661 4625 1773 4697 sopor
1797 4606 1889 4678 detta

713 4731 839 4820 pictate
864 4728 1005 4820 acerbo,
1032 4727 1070 4801 in
1096 4726 1173 4822 ipsa
1198 4726 1264 4820 ira,
1289 4732 1383 4799 sente
1406 4728 1595 4816 dumuro,
1624 4744 1710 4799 cum
1737 4724 1783 4801 sit
1806 4722 1889 4799 dul·

781 4956 811 5018 (¹)
826 4960 871 5008 117
886 4970 903 5007 ο
918 4958 949 5007 E.
964 4970 1036 5008 sacra
1052 4959 1184 5023 saplemin
1369 4954 1399 5019 (¹)
1415 4957 1445 5007 lt.
1461 4957 1584 5021 saplentia
1601 4954 1712 5017 lemine,
1728 4970 1794 5021 qno.

782 5033 808 5093 ς’)
826 5038 881 5093 tlt,
897 5033 1058 5097 aliquotiens.
1371 5033 1399 5095 (¹)
1416 5038 1471 5094 117,
1487 5034 1622 5084 inronlres.

783 5111 810 5172 (⁵)
827 5109 859 5159 li.
874 5110 1092 5163 contradictionis.
1108 5156 1113 5169 ,
