4575 6842
838 979 977 1036 caurus
1002 981 1144 1034 narnus
1504 965 1575 1034 333

403 1119 533 1200 deinde
558 1129 707 1217 propter
734 1125 970 1220 multiplicem
997 1123 1231 1220 indigentiam
1260 1121 1399 1219 appetit
1431 1123 1575 1198 divitias

404 1244 688 1318 instrumentum
724 1245 936 1339 voluptatis:
972 1244 1103 1320 deinde
1136 1244 1292 1341 gloriam
1317 1245 1575 1340 amplectitur:

406 1371 538 1438 natura
563 1362 712 1458 quidem
738 1365 856 1438 omnis
882 1366 994 1440 homo
1029 1365 1147 1440 laudis
1178 1374 1215 1439 at
1246 1366 1394 1440 honoris
1424 1373 1480 1440 est
1509 1385 1577 1460 ap-

407 1489 542 1579 petens,
576 1483 663 1578 quia
696 1484 814 1558 honor
846 1491 901 1558 cst
934 1483 1182 1560 testimonium
1209 1484 1364 1558 virtutis.
1390 1485 1434 1559 llt
1458 1485 1575 1558 addit:

405 1605 596 1702 egritudo,
622 1603 790 1698 servitus,
821 1603 940 1700 iuopia
971 1627 1097 1681 rerum
1132 1607 1424 1680 necessariarum
1458 1605 1576 1680 abdu-

405 1725 454 1801 cit
468 1717 504 1816 (¹)
527 1743 593 1798 nos
617 1743 640 1797 a
666 1725 769 1798 cultu
787 1725 941 1817 virtutis,
960 1724 1041 1801 ideo
1059 1732 1114 1800 est
1130 1745 1223 1821 opus
1240 1725 1463 1821 sapientibus
1478 1745 1576 1820 prae·

406 1845 631 1941 ceptoribus:
659 1843 740 1920 ideo
770 1845 910 1920 Socrati
936 1865 958 1920 a
984 1865 1101 1940 puero
1126 1845 1259 1922 dicitur
1288 1845 1397 1920 datus
1421 1846 1576 1942 angelus

405 1951 530 2042 comes
561 1965 803 2062 agendorum,
832 1972 873 2039 ut
899 1965 1108 2060 prohiberet
1136 1985 1221 2060 quae
1257 1964 1335 2039 deri
1361 1986 1435 2040 uon
1460 1985 1575 2061 erpe-

404 2085 508 2162 diret.
535 2087 580 2160 Et
604 2085 797 2161 coufirmat
822 2086 968 2162 dictum¹
991 2106 1102 2160 suum
1137 2106 1204 2181 per
1234 2105 1348 2160 uuam
1380 2105 1573 2182 compara-

403 2203 539 2282 tionem
558 2209 722 2303 pulcram
741 2213 779 2282 et
795 2208 997 2304 propriam:
1017 2214 1054 2282 et
1070 2209 1149 2282 vult
1166 2203 1428 2282 sententialiter
1439 2206 1575 2299 dicere,

403 2323 502 2422 quod
518 2327 613 2402 sicut
630 2327 722 2423 ignis
739 2327 803 2421 qui
820 2328 1037 2402 naturaliter
1053 2333 1110 2402 est
1125 2333 1233 2422 aptus
1249 2332 1358 2400 natus
1374 2326 1574 2401 ascendere

403 2467 564 2539 sursum,
585 2451 712 2521 contra
734 2453 904 2522 naturam
919 2468 1025 2522 suam
1046 2447 1225 2523 violenter
1244 2444 1359 2522 tendit
1377 2446 1574 2539 deorsum3

404 2567 591 2641 ita-homo
617 2567 680 2662 qui
708 2567 922 2643 naturaliter
948 2573 1003 2642 est
1026 2575 1134 2663 aptus
1159 2573 1269 2640 uatus
1297 2564 1497 2640 ascendere
1524 2564 1572 2639 ad

402 2687 553 2780 coelum,
578 2685 848 2762 accidentaliter
873 2687 1024 2762 reclinat
1048 2687 1096 2760 ad
1125 2693 1263 2760 terram
1290 2691 1424 2780 preter
1454 2685 1574 2760 inteu-

403 2805 540 2880 tionem
567 2812 720 2880 nature.
747 2806 839 2880 Dicit
863 2825 954 2903 ergo
971 2807 1087 2881 benc:
1113 2809 1296 2880 edocente
1321 2807 1425 2878 aeder
1447 2808 1480 2878 st
1500 2797 1573 2897 pud

403 2929 529 3000 cudae
550 2931 654 3021 succo
678 2929 717 3002 di
739 2927 839 3017 uude,
872 2927 1018 3022 scilieet,
1045 2927 1137 3023 ignis
1162 2926 1324 3000 lulminis
1347 2927 1509 3001 inclusus
1536 2926 1572 2998 in

403 3054 532 3122 ventre
557 3047 665 3121 nubis
682 3048 856 3141 expulsus
876 3069 899 3121 a
920 3047 1057 3143 lrigore
1073 3047 1155 3138 loci,
1178 3047 1273 3121 sicut
1289 3046 1483 3141 probatum
1501 3045 1570 3119 luit

402 3185 525 3262 supra,
550 3189 588 3239 sc
612 3168 635 3240 t'
646 3171 771 3260 impeto
793 3171 924 3260 primo,
942 3165 1044 3261 idest,
1071 3173 1195 3242 motus
1217 3166 1348 3261 primae
1372 3165 1568 3240 voluntatis

401 3293 529 3382 potest,
559 3286 698 3382 supple,
732 3281 844 3362 videri
875 3286 1007 3362 cadere
1031 3286 1218 3381 deorsum,
1245 3291 1394 3359 eterra
1421 3282 1570 3374 ritorto,

400 3406 503 3500 idest,
516 3425 629 3481 carne
640 3405 797 3481 hominis
810 3425 896 3480 cum
915 3406 1052 3502 impetu
1070 3406 1234 3501 depulsa,
1247 3409 1297 3480 da
1306 3409 1400 3499 salso
1413 3407 1570 3498 mnam,

401 3526 504 3621 idest,
530 3547 553 3600 a
579 3523 894 3621 complacibilitate
919 3527 971 3601 rei
1004 3547 1117 3622 quam
1150 3532 1252 3600 amat
1280 3531 1472 3618 umquam
1503 3524 1573 3598 bo-

403 3668 500 3742 nam,
526 3667 613 3722 cum
640 3653 763 3722 tamen
789 3667 863 3722 nou
888 3648 944 3741 sit,
971 3647 1006 3722 in
1028 3668 1101 3741 qua
1120 3653 1176 3722 est
1192 3647 1279 3720 ialsa
1298 3646 1460 3739 ielicitas,
1476 3644 1570 3720 sicut

401 3768 581 3843 subtiliter
606 3768 773 3862 probavit
797 3774 905 3864 poeta
930 3769 967 3843 in
986 3768 1190 3863 Purgatorti
1210 3767 1382 3863 capitulo,
1406 3762 1469 3840 ubi
1492 3772 1569 3839 tra·

400 3888 511 3962 ctavit
534 3888 582 3962 de
610 3907 749 3962 amore.
763 3891 905 3961 —Non
936 3886 1001 3961 dci.
1035 3887 1099 3960 llic
1133 3877 1264 3962 ultimo
1297 3894 1404 3982 poeta
1438 3887 1572 3981 repetit

401 4007 671 4084 conclusionem
707 4007 898 4102 probatam
931 4006 978 4085 ad
1012 4025 1140 4080 reram
1174 4006 1423 4081 exclusionem
1456 4004 1569 4098 dubii,

400 4127 546 4218 scilicet,
573 4126 671 4220 quud
697 4127 777 4201 eius
793 4145 965 4201 ascensus
990 4125 1036 4199 ad
1053 4127 1190 4199 coelum
1208 4131 1264 4200 est
1285 4124 1471 4219 naturalis,
1494 4144 1568 4200 uun

401 4247 641 4342 accidentalis,
655 4265 720 4343 per
740 4263 853 4321 unam
872 4227 1183 4342 comparationem
1202 4246 1409 4320 naturalem
1426 4253 1465 4319 et
1481 4265 1568 4340 pro·

401 4367 529 4461 priam,
556 4389 641 4462 quae
665 4368 712 4443 de
736 4387 776 4442 se
800 4373 910 4462 patet,
937 4367 1077 4442 diceus:
1105 4370 1185 4440 Nan
1209 4369 1265 4440 dei
1288 4361 1351 4458 piri
1378 4369 1567 4454 ammaon,

400 4487 475 4560 istis
500 4487 594 4562 bene
619 4487 865 4580 consideratis,
892 4489 926 4560 lo
952 4493 1009 4560 tuo
1032 4489 1153 4576 salire,
1178 4487 1283 4578 idest,
1307 4484 1507 4561 ascendere
1531 4484 1568 4558 in

400 4606 549 4700 coelum,
574 4628 612 4679 se
636 4607 718 4680 bene
742 4611 872 4701 estimo,
898 4607 940 4700 si,
968 4627 1033 4700 pro
1059 4606 1158 4700 quia,
1190 4627 1228 4678 sc
1252 4625 1324 4678 con
1349 4625 1445 4678 corne
1474 4607 1570 4678 d’cc

400 4729 493 4815 riou,
513 4725 658 4820 scilicet,
676 4746 784 4820 aquae
801 4727 995 4819 currentis,
1013 4747 1049 4799 se
1065 4727 1099 4797 d’
1113 4727 1185 4798 atto
1201 4733 1317 4798 monte
1331 4727 1455 4797 scendo
1469 4726 1571 4816 pinse

400 4845 449 4918 ad
472 4847 555 4936 ime,
581 4843 683 4939 idest,
710 4845 755 4918 ad
773 4845 934 4940 bassum,
957 4845 1061 4938 quasi
1082 4845 1197 4918 dicat:
1223 4854 1309 4918 tuus
1332 4863 1505 4918 ascensus
1531 4843 1570 4916 in

463 5101 490 5165 (¹)
507 5106 530 5160 l,
547 5081 662 5154 obducit.
