4575 6842
759 953 896 1010 caurus
921 956 1113 1011 vreusruus
1138 956 1301 1011 ruamus.
1552 944 1597 1010 59

425 1097 517 1174 Dicit
541 1120 649 1197 ergo:
671 1105 716 1174 Et
735 1103 771 1172 io
793 1121 818 1172 a
837 1103 905 1174 lui:
922 1102 1061 1198 suppio,
1078 1100 1166 1194 dixi,
1185 1123 1209 1173 o
1228 1106 1369 1192 Furere,
1393 1105 1601 1193 anquam

425 1242 498 1295 two
520 1243 587 1294 sou
612 1224 694 1294 volti
717 1223 826 1313 influo
843 1241 868 1293 u
887 1225 947 1314 qui
970 1225 1018 1296 do
1044 1225 1122 1313 quel
1145 1215 1194 1312 ai,
1212 1220 1358 1316 scilicet,
1385 1223 1523 1322 mortis,
1541 1223 1600 1297 nel

426 1345 511 1433 quot
533 1345 675 1416 mutasti
699 1345 828 1416 mondo
853 1363 877 1414 o
902 1344 1043 1434 miplior
1068 1346 1161 1436 uitu3
1178 1342 1283 1436 quasi
1303 1342 1416 1418 dicat:
1435 1351 1475 1417 tu
1496 1365 1600 1418 mor-

426 1467 513 1536 tuus
538 1483 578 1537 es
597 1463 676 1558 jam
695 1462 798 1556 quasi
816 1462 980 1556 quinque
997 1461 1101 1536 annis
1118 1462 1260 1557 elapsis,
1273 1461 1409 1535 scilicet
1425 1461 1462 1536 in
1481 1462 1598 1537 miiie-

426 1580 519 1655 simo
532 1581 783 1656 ducentesimo
796 1581 1035 1679 nonagesimo
1048 1587 1176 1676 sexto3
1192 1584 1260 1657 hoc
1273 1582 1535 1676 praesupposito
1545 1574 1596 1674 (¹),

425 1705 600 1810 come'se'
622 1709 658 1776 tu
688 1709 812 1776 venato
843 1723 955 1776 ancor
990 1704 1029 1775 di
1059 1721 1143 1794 quo,
1175 1701 1221 1776 ad
1254 1721 1388 1776 rerum
1419 1706 1597 1797 purgato·

427 1821 536 1914 rium,
561 1843 598 1895 sc
630 1826 667 1893 tu
692 1842 802 1916 possa
826 1824 884 1896 del
901 1843 1031 1915 pccour
1053 1817 1114 1914 pot
1135 1825 1177 1916 su
1199 1824 1312 1914 finita,
1343 1821 1379 1892 in
1405 1821 1593 1915 voluptate

426 1942 535 2038 guiae,
561 1941 621 2016 cui
646 1962 793 2037 semper
818 1942 959 2018 servisti
985 1941 1176 2036 usquead
1201 1948 1372 2032 mortem,
1391 1943 1511 2034 primo
1535 1943 1596 2015 circ

425 2065 621 2136 seruantem
645 2065 668 2136 l'
680 2083 753 2160 oro·
773 2065 832 2136 det
853 2063 944 2136 buon
968 2064 1087 2152 dolor,
1101 2060 1248 2154 scilicet,
1268 2059 1498 2154 poenitentim
1513 2064 1596 2134 ct'u

426 2185 496 2256 Dio
520 2204 565 2255 uc
587 2186 766 2274 ramento,
792 2182 894 2277 idest,
922 2181 1148 2274 reconciliat3
1174 2187 1292 2255 otest
1317 2180 1486 2276 proprius
1513 2201 1595 2256 mo-

425 2302 494 2376 dus
520 2303 702 2395 loquendi.
729 2303 859 2378 Anima
891 2302 987 2377 enim
1022 2300 1210 2394 meretrix,
1237 2321 1321 2394 qum
1347 2309 1549 2375 recesserat
1572 2322 1596 2374 a

425 2423 502 2531 Deo
531 2423 770 2498 adulterando
803 2443 888 2498 cum
921 2421 1045 2496 multis
1077 2421 1207 2517 procis,
1238 2419 1515 2516 reconiungitur
1547 2419 1595 2494 ilii

425 2542 582 2637 petendo
608 2543 816 2638 suppliciter
842 2542 1001 2636 veniam,
1027 2539 1131 2634 quasi
1157 2539 1271 2614 dicat:
1298 2538 1328 2611 si
1356 2547 1504 2634 peecata
1531 2546 1595 2612 tua

293 2685 312 2700 ‘
424 2662 526 2757 prius
550 2663 767 2738 dimiserunt
792 2669 828 2738 te
853 2683 965 2756 quam
999 2667 1039 2734 tu
1072 2659 1143 2753 iiia,
1171 2658 1356 2752 quomodo
1389 2665 1591 2734 nonesto

423 2803 511 2858 cum
545 2783 624 2858 aiiis
657 2784 729 2858 tuis
758 2783 980 2874 concivibus,
1005 2781 1157 2873 Caseiia,
1188 2779 1340 2873 Biiaqua
1370 2786 1409 2854 et
1441 2780 1594 2854 tatibus?

424 2902 526 2978 Unde
551 2903 659 2978 dicit:
692 2906 727 2976 to
752 2905 777 2975 a·
800 2904 927 2975 medea
951 2909 1076 2974 troam
1102 2890 1138 2974 tri
1162 2895 1222 2992 pii
1247 2902 1285 2972 di
1307 2906 1410 2991 sotto,
1425 2897 1472 2980 ,in
1497 2899 1594 2974 anti-

424 3023 639 3119 purgatorio
664 3029 850 3098 errantem
876 3022 973 3098 circa
994 3029 1170 3113 montem,
1188 3041 1252 3092 oue
1268 3027 1381 3112 tuopo
1394 3042 1460 3112 per
1481 3028 1593 3113 tempo

424 3146 456 3216 si
478 3147 625 3236 m‘storo,
655 3143 742 3238 quia
769 3149 868 3218 tanto
893 3149 1061 3237 tempore
1086 3145 1205 3216 statur
1230 3146 1348 3234 extra,
1375 3148 1514 3233 quanto
1539 3140 1594 3215 di-

424 3263 497 3337 lata
523 3268 577 3338 est
601 3263 823 3358 poeuiteutia.
850 3263 894 3336 Et
920 3262 977 3336 hic
1004 3269 1089 3336 nota
1115 3260 1214 3355 quod
1240 3268 1346 3354 poeta
1364 3267 1489 3335 noster
1509 3260 1595 3336 iacit

424 3382 518 3458 hauc
543 3382 753 3478 petitionem
781 3389 821 3456 ut
847 3381 969 3457 veniat
993 3381 1040 3456 ad
1068 3401 1184 3454 unum
1216 3401 1326 3454 snum
1353 3380 1592 3476 propositum,

424 3509 466 3578 nt
490 3504 611 3577 statim
638 3503 783 3598 patebit.
809 3502 902 3590 Quia
918 3502 1017 3577 enim
1036 3522 1133 3597 saepe
1149 3500 1287 3575 iecerat
1305 3500 1528 3574 mentionem
1546 3499 1593 3574 de

423 3625 621 3700 florentinis
646 3625 722 3698 suis
747 3631 784 3698 et
810 3623 904 3698 vitiis
934 3643 1079 3714 eornm,
1111 3622 1193 3696 ideo
1224 3641 1323 3695 nunc
1352 3627 1496 3716 captata
1526 3641 1593 3716 op-

423 3745 646 3841 portunitate
670 3746 770 3820 acuit
796 3745 930 3841 stylum
957 3764 1067 3817 suum
1094 3749 1222 3817 contra
1248 3741 1423 3816 mulieres
1447 3762 1590 3817 eornm.

423 3905 472 3918 -
485 3871 530 3938 Et
551 3868 628 3956 epu.
642 3865 720 3938 'iiic
746 3871 852 3959 poeta
878 3863 979 3958 ponit
1006 3862 1278 3957 responsionem
1305 3861 1440 3936 Foresii
1464 3862 1511 3936 ad
1536 3883 1589 3956 se,

423 3984 485 4079 qui
506 3985 666 4060 breviter
682 3983 779 4078 dicit,
796 3984 896 4078 quod
912 3981 1122 4056 intercessio
1139 3981 1267 4055 uxoris
1284 3999 1362 4053 snae
1381 3979 1488 4054 citius
1505 3981 1590 4056 iecit

423 4125 510 4180 eum
536 4104 743 4180 ascendere.
770 4103 824 4178 Ad
850 4102 948 4198 quod
973 4101 1160 4176 sciendum
1184 4101 1281 4194 quod
1301 4101 1471 4176 Foresius
1494 4122 1590 4197 prae·

423 4224 517 4298 tatus
544 4225 670 4298 habuit
695 4225 731 4297 in
754 4224 826 4297 vita
845 4244 957 4297 unam
977 4243 1132 4297 uxorem
1151 4242 1272 4314 snam,
1288 4221 1348 4295 cui
1369 4241 1505 4295 nomen
1521 4222 1590 4295 iuit

422 4344 560 4437 nuella,
586 4344 718 4419 mulier
743 4343 890 4438 quidem
911 4342 1031 4418 sobria
1055 4349 1092 4417 et
1115 4342 1258 4438 pudica,
1277 4362 1362 4436 quae
1382 4348 1591 4437 temperan-

423 4469 479 4538 ter
504 4463 594 4537 vixit
613 4485 699 4538 cum
719 4462 786 4538 isto
803 4464 945 4559 guloso,
962 4463 1021 4537 cui
1041 4463 1197 4538 habebat
1214 4483 1360 4559 semper
1382 4483 1590 4558 praeparare

422 4585 574 4661 delicata
599 4586 746 4680 cibaria,
764 4584 801 4658 in
819 4605 894 4680 quo
912 4585 1027 4681 magis
1045 4584 1162 4658 virtus
1179 4584 1259 4659 eins
1278 4585 1417 4659 enituit
1436 4585 1481 4658 lit
1496 4585 1591 4660 sicut

423 4705 459 4778 in
486 4705 558 4781 vita
584 4726 790 4801 numquam
811 4705 977 4780 cessabat
995 4725 1172 4780 revocare
1188 4725 1275 4780 eum
1297 4705 1345 4780 ab
1361 4725 1493 4780 errore
1508 4725 1590 4798 suo,

422 4825 471 4900 ita
496 4830 576 4921 post
603 4833 760 4901 mortem
787 4844 992 4918 numquam
1018 4823 1174 4900 cessavit
1197 4844 1307 4899 orare
1323 4845 1390 4919 pro
1409 4845 1478 4919 eo;
1502 4845 1588 4900 cum

484 5087 512 5160 (Ἴ)
527 5083 553 5136 S·
569 5087 709 5149 numum·
