<?xml version="1.0" encoding="UTF-8"?>
<!DOCTYPE html PUBLIC "-//W3C//DTD XHTML 1.0 Transitional//EN"
    "http://www.w3.org/TR/xhtml1/DTD/xhtml1-transitional.dtd">
<html xmlns="http://www.w3.org/1999/xhtml" xml:lang="en" lang="en">
 <head>
  <title>
</title>
<meta http-equiv="Content-Type" content="text/html;charset=utf-8" />
  <meta name='ocr-system' content='tesseract 3.04.00' />
  <meta name='ocr-capabilities' content='ocr_page ocr_carea ocr_par ocr_line ocrx_word'/>
</head>
<body>
  <div class='ocr_page' id='page_1' title='image "./comentumsuperda00unkngoog_0098.png"; bbox 0 0 4575 6842; ppageno 0'>
   <div class='ocr_carea' id='block_1_1' title="bbox 709 983 1519 1051">
    <p class='ocr_par' dir='ltr' id='par_1_1' title="bbox 709 983 1519 1051">
     <span class='ocr_line' id='line_1_1' title="bbox 709 983 1519 1051; baseline -0.002 -2"><span class='ocrx_word' id='word_1_1' title='bbox 709 983 756 1049; x_wconf 73' lang='lat'><strong>82</strong></span> <span class='ocrx_word' id='word_1_2' title='bbox 1069 994 1274 1051; x_wconf 79' lang='lat' dir='ltr'><strong>comunruu</strong></span> <span class='ocrx_word' id='word_1_3' title='bbox 1299 995 1519 1050; x_wconf 80' lang='lat' dir='ltr'><strong>runeamnn</strong></span> 
     </span>
    </p>
   </div>
   <div class='ocr_carea' id='block_1_2' title="bbox 704 1140 1888 4846">
    <p class='ocr_par' dir='ltr' id='par_1_2' title="bbox 704 1140 1888 4846">
     <span class='ocr_line' id='line_1_2' title="bbox 704 1140 1881 1236; baseline 0 -22"><span class='ocrx_word' id='word_1_4' title='bbox 704 1145 777 1234; x_wconf 79' lang='lat' dir='ltr'><strong>fue,</strong></span> <span class='ocrx_word' id='word_1_5' title='bbox 804 1141 863 1216; x_wconf 91' lang='lat' dir='ltr'><strong>ille</strong></span> <span class='ocrx_word' id='word_1_6' title='bbox 887 1140 1070 1236; x_wconf 85' lang='lat' dir='ltr'><strong>Foresius,</strong></span> <span class='ocrx_word' id='word_1_7' title='bbox 1096 1145 1157 1217; x_wconf 83' lang='lat' dir='ltr'><strong>cle</strong></span> <span class='ocrx_word' id='word_1_8' title='bbox 1179 1145 1231 1235; x_wconf 80' lang='lat' dir='ltr'><strong>pli</strong></span> <span class='ocrx_word' id='word_1_9' title='bbox 1253 1144 1350 1216; x_wconf 82' lang='lat' dir='ltr'><strong>oceli</strong></span> <span class='ocrx_word' id='word_1_10' title='bbox 1373 1143 1453 1215; x_wconf 83' lang='lat' dir='ltr'><strong>miei</strong></span> <span class='ocrx_word' id='word_1_11' title='bbox 1474 1145 1508 1214; x_wconf 82' lang='lat' dir='ltr'><strong>si</strong></span> <span class='ocrx_word' id='word_1_12' title='bbox 1527 1145 1607 1236; x_wconf 78' lang='lat' dir='ltr'><strong>sero</strong></span> <span class='ocrx_word' id='word_1_13' title='bbox 1623 1163 1647 1214; x_wconf 84' lang='lat' dir='ltr'><strong><em>a</em></strong></span> <span class='ocrx_word' id='word_1_14' title='bbox 1664 1144 1714 1215; x_wconf 79' lang='lat' dir='ltr'><strong>lai</strong></span> <span class='ocrx_word' id='word_1_15' title='bbox 1727 1143 1881 1235; x_wconf 72' lang='lat' dir='ltr'><strong>capuaci,</strong></span> 
     </span>
     <span class='ocr_line' id='line_1_3' title="bbox 706 1261 1883 1356; baseline 0.003 -23"><span class='ocrx_word' id='word_1_16' title='bbox 706 1265 788 1356; x_wconf 89' lang='lat' dir='ltr'><strong>post</strong></span> <span class='ocrx_word' id='word_1_17' title='bbox 814 1281 1003 1336; x_wconf 77' lang='lat' dir='ltr'><strong>recessum</strong></span> <span class='ocrx_word' id='word_1_18' title='bbox 1035 1283 1159 1356; x_wconf 92' lang='lat' dir='ltr'><strong>suum,</strong></span> <span class='ocrx_word' id='word_1_19' title='bbox 1184 1283 1281 1336; x_wconf 83' lang='lat' dir='ltr'><strong>come</strong></span> <span class='ocrx_word' id='word_1_20' title='bbox 1305 1265 1342 1336; x_wconf 87' lang='lat' dir='ltr'><strong>lo</strong></span> <span class='ocrx_word' id='word_1_21' title='bbox 1366 1269 1490 1354; x_wconf 79' lang='lat' dir='ltr'><strong>meno,</strong></span> <span class='ocrx_word' id='word_1_22' title='bbox 1516 1261 1652 1336; x_wconf 87' lang='lat' dir='ltr'><strong>scilicet</strong></span> <span class='ocrx_word' id='word_1_23' title='bbox 1685 1281 1769 1337; x_wconf 89' lang='lat' dir='ltr'><strong>mea</strong></span> <span class='ocrx_word' id='word_1_24' title='bbox 1798 1263 1883 1338; x_wconf 87' lang='lat' dir='ltr'><strong>lecit</strong></span> 
     </span>
     <span class='ocr_line' id='line_1_4' title="bbox 708 1381 1883 1478; baseline 0.006 -24"><span class='ocrx_word' id='word_1_25' title='bbox 708 1399 748 1455; x_wconf 93' lang='lat' dir='ltr'><strong>se</strong></span> <span class='ocrx_word' id='word_1_26' title='bbox 773 1401 984 1477; x_wconf 82' lang='lat' dir='ltr'>sequacem,</span> <span class='ocrx_word' id='word_1_27' title='bbox 1010 1403 1035 1454; x_wconf 82' lang='lat' dir='ltr'><strong><em>a</em></strong></span> <span class='ocrx_word' id='word_1_28' title='bbox 1060 1381 1239 1477; x_wconf 81' lang='lat' dir='ltr'><strong>leporole</strong></span> <span class='ocrx_word' id='word_1_29' title='bbox 1261 1403 1335 1475; x_wconf 81' lang='lat' dir='ltr'><strong>sue,</strong></span> <span class='ocrx_word' id='word_1_30' title='bbox 1360 1402 1445 1478; x_wconf 76' lang='lat' dir='ltr'><strong>que</strong></span> <span class='ocrx_word' id='word_1_31' title='bbox 1476 1382 1620 1457; x_wconf 79' lang='lat' dir='ltr'><strong>dixerat</strong></span> <span class='ocrx_word' id='word_1_32' title='bbox 1652 1383 1883 1461; x_wconf 88' lang='lat' dir='ltr'><strong>vaticinando</strong></span> 
     </span>
     <span class='ocr_line' id='line_1_5' title="bbox 707 1500 1881 1600; baseline 0.006 -26"><span class='ocrx_word' id='word_1_33' title='bbox 707 1500 754 1576; x_wconf 92' lang='lat' dir='ltr'><strong>de</strong></span> <span class='ocrx_word' id='word_1_34' title='bbox 790 1510 912 1578; x_wconf 90' lang='lat' dir='ltr'><strong>morte</strong></span> <span class='ocrx_word' id='word_1_35' title='bbox 945 1503 1078 1598; x_wconf 81' lang='lat' dir='ltr'><strong>Cursii3</strong></span> <span class='ocrx_word' id='word_1_36' title='bbox 1113 1504 1200 1598; x_wconf 87' lang='lat' dir='ltr'><strong>quia</strong></span> <span class='ocrx_word' id='word_1_37' title='bbox 1234 1503 1329 1578; x_wconf 87' lang='lat' dir='ltr'><strong>sicut</strong></span> <span class='ocrx_word' id='word_1_38' title='bbox 1365 1523 1452 1578; x_wconf 91' lang='lat' dir='ltr'><strong>cum</strong></span> <span class='ocrx_word' id='word_1_39' title='bbox 1490 1503 1605 1578; x_wconf 90' lang='lat' dir='ltr'><strong>oculis</strong></span> <span class='ocrx_word' id='word_1_40' title='bbox 1643 1504 1881 1600; x_wconf 84' lang='lat' dir='ltr'><strong>respiciebam</strong></span> 
     </span>
     <span class='ocr_line' id='line_1_6' title="bbox 709 1619 1883 1719; baseline 0.004 -26"><span class='ocrx_word' id='word_1_41' title='bbox 709 1619 828 1716; x_wconf 92' lang='lat' dir='ltr'><strong>ipsum</strong></span> <span class='ocrx_word' id='word_1_42' title='bbox 856 1623 1101 1716; x_wconf 73' lang='lat' dir='ltr'><strong>recedentem,</strong></span> <span class='ocrx_word' id='word_1_43' title='bbox 1120 1622 1169 1698; x_wconf 88' lang='lat' dir='ltr'><strong>ita</strong></span> <span class='ocrx_word' id='word_1_44' title='bbox 1186 1643 1272 1698; x_wconf 92' lang='lat' dir='ltr'><strong>cum</strong></span> <span class='ocrx_word' id='word_1_45' title='bbox 1300 1629 1426 1698; x_wconf 89' lang='lat' dir='ltr'><strong>mente</strong></span> <span class='ocrx_word' id='word_1_46' title='bbox 1451 1623 1689 1719; x_wconf 79' lang='lat' dir='ltr'><strong>respiciebam</strong></span> <span class='ocrx_word' id='word_1_47' title='bbox 1715 1623 1763 1698; x_wconf 85' lang='lat' dir='ltr'><strong>ad</strong></span> <span class='ocrx_word' id='word_1_48' title='bbox 1788 1625 1883 1700; x_wconf 86' lang='lat' dir='ltr'><strong>vati-</strong></span> 
     </span>
     <span class='ocr_line' id='line_1_7' title="bbox 710 1741 1883 1840; baseline 0.006 -26"><span class='ocrx_word' id='word_1_49' title='bbox 710 1741 846 1816; x_wconf 92' lang='lat' dir='ltr'><strong>cinium</strong></span> <span class='ocrx_word' id='word_1_50' title='bbox 874 1743 972 1838; x_wconf 85' lang='lat' dir='ltr'><strong>eius3</strong></span> <span class='ocrx_word' id='word_1_51' title='bbox 993 1746 1180 1837; x_wconf 79' lang='lat' dir='ltr'><strong>paroermt</strong></span> <span class='ocrx_word' id='word_1_52' title='bbox 1202 1747 1298 1818; x_wconf 87' lang='lat' dir='ltr'><strong>rami</strong></span> <span class='ocrx_word' id='word_1_53' title='bbox 1322 1746 1415 1818; x_wconf 80' lang='lat' dir='ltr'><strong>d’ua</strong></span> <span class='ocrx_word' id='word_1_54' title='bbox 1439 1747 1532 1817; x_wconf 84' lang='lat' dir='ltr'><strong>altro</strong></span> <span class='ocrx_word' id='word_1_55' title='bbox 1551 1765 1674 1837; x_wconf 86' lang='lat' dir='ltr'><strong>pomo,</strong></span> <span class='ocrx_word' id='word_1_56' title='bbox 1700 1745 1804 1840; x_wconf 92' lang='lat' dir='ltr'><strong>idest,</strong></span> <span class='ocrx_word' id='word_1_57' title='bbox 1819 1767 1883 1820; x_wconf 90' lang='lat' dir='ltr'><strong>ar-</strong></span> 
     </span>
     <span class='ocr_line' id='line_1_8' title="bbox 710 1860 1883 1961; baseline 0.005 -27"><span class='ocrx_word' id='word_1_58' title='bbox 710 1860 809 1935; x_wconf 92' lang='lat' dir='ltr'><strong>boris</strong></span> <span class='ocrx_word' id='word_1_59' title='bbox 833 1863 1034 1958; x_wconf 70' lang='lat' dir='ltr'><strong>pomiferos,</strong></span> <span class='ocrx_word' id='word_1_60' title='bbox 1058 1867 1215 1956; x_wconf 59' lang='lat' dir='ltr'><strong>procidi</strong></span> <span class='ocrx_word' id='word_1_61' title='bbox 1240 1863 1342 1960; x_wconf 87' lang='lat' dir='ltr'><strong>idest,</strong></span> <span class='ocrx_word' id='word_1_62' title='bbox 1368 1865 1501 1957; x_wconf 89' lang='lat' dir='ltr'><strong>onusti,</strong></span> <span class='ocrx_word' id='word_1_63' title='bbox 1534 1865 1631 1959; x_wconf 91' lang='lat' dir='ltr'><strong>pleni</strong></span> <span class='ocrx_word' id='word_1_64' title='bbox 1663 1864 1786 1940; x_wconf 88' lang='lat' dir='ltr'><strong>multis</strong></span> <span class='ocrx_word' id='word_1_65' title='bbox 1816 1887 1883 1961; x_wconf 94' lang='lat' dir='ltr'><strong>po-</strong></span> 
     </span>
     <span class='ocr_line' id='line_1_9' title="bbox 711 1980 1881 2080; baseline 0.005 -27"><span class='ocrx_word' id='word_1_66' title='bbox 711 1980 791 2077; x_wconf 91' lang='lat' dir='ltr'><strong>mis,</strong></span> <span class='ocrx_word' id='word_1_67' title='bbox 817 2003 837 2054; x_wconf 84' lang='lat' dir='ltr'><strong>e</strong></span> <span class='ocrx_word' id='word_1_68' title='bbox 861 1985 985 2076; x_wconf 71' lang='grc' dir='ltr'><strong><em>υἰυαεί,</em></strong></span> <span class='ocrx_word' id='word_1_69' title='bbox 1011 1983 1114 2078; x_wconf 84' lang='lat' dir='ltr'><strong>idest,</strong></span> <span class='ocrx_word' id='word_1_70' title='bbox 1141 1984 1302 2059; x_wconf 78' lang='lat' dir='ltr'><strong>virentes</strong></span> <span class='ocrx_word' id='word_1_71' title='bbox 1332 1991 1483 2080; x_wconf 86' lang='lat' dir='ltr'><strong>propter</strong></span> <span class='ocrx_word' id='word_1_72' title='bbox 1511 2005 1648 2078; x_wconf 86' lang='lat' dir='ltr'><strong>aquam</strong></span> <span class='ocrx_word' id='word_1_73' title='bbox 1681 1991 1881 2080; x_wconf 82' lang='lat' dir='ltr'><strong>recentem,</strong></span> 
     </span>
     <span class='ocr_line' id='line_1_10' title="bbox 711 2103 1881 2203; baseline 0.003 -27"><span class='ocrx_word' id='word_1_74' title='bbox 711 2123 795 2197; x_wconf 78' lang='lat' dir='ltr'><strong>quae</strong></span> <span class='ocrx_word' id='word_1_75' title='bbox 820 2103 993 2180; x_wconf 87' lang='lat' dir='ltr'><strong>continuo</strong></span> <span class='ocrx_word' id='word_1_76' title='bbox 1019 2105 1148 2203; x_wconf 82' lang='lat' dir='ltr'><strong>irrigat</strong></span> <span class='ocrx_word' id='word_1_77' title='bbox 1173 2125 1248 2180; x_wconf 89' lang='lat' dir='ltr'><strong>eos.</strong></span> <span class='ocrx_word' id='word_1_78' title='bbox 1274 2107 1319 2180; x_wconf 88' lang='lat' dir='ltr'><strong>Et</strong></span> <span class='ocrx_word' id='word_1_79' title='bbox 1342 2105 1448 2181; x_wconf 91' lang='lat' dir='ltr'><strong>dicit:</strong></span> <span class='ocrx_word' id='word_1_80' title='bbox 1466 2127 1486 2178; x_wconf 84' lang='lat' dir='ltr'><strong>e</strong></span> <span class='ocrx_word' id='word_1_81' title='bbox 1507 2126 1581 2178; x_wconf 85' lang='lat' dir='ltr'><strong>non</strong></span> <span class='ocrx_word' id='word_1_82' title='bbox 1604 2109 1710 2180; x_wconf 87' lang='lat' dir='ltr'><strong>molto</strong></span> <span class='ocrx_word' id='word_1_83' title='bbox 1734 2110 1881 2199; x_wconf 73' lang='lat' dir='ltr'><strong>lontcrri,</strong></span> 
     </span>
     <span class='ocr_line' id='line_1_11' title="bbox 710 2222 1881 2321; baseline 0.004 -26"><span class='ocrx_word' id='word_1_84' title='bbox 710 2222 812 2318; x_wconf 86' lang='lat' dir='ltr'><strong>idest,</strong></span> <span class='ocrx_word' id='word_1_85' title='bbox 838 2225 948 2320; x_wconf 82' lang='lat' dir='ltr'><strong>longe</strong></span> <span class='ocrx_word' id='word_1_86' title='bbox 964 2245 987 2298; x_wconf 83' lang='lat' dir='ltr'>a</span> <span class='ocrx_word' id='word_1_87' title='bbox 1004 2245 1077 2319; x_wconf 92' lang='lat' dir='ltr'><strong>me,</strong></span> <span class='ocrx_word' id='word_1_88' title='bbox 1098 2247 1167 2318; x_wconf 85' lang='lat' dir='ltr'><strong>per</strong></span> <span class='ocrx_word' id='word_1_89' title='bbox 1184 2249 1278 2300; x_wconf 81' lang='lat' dir='ltr'><strong>esser</strong></span> <span class='ocrx_word' id='word_1_90' title='bbox 1291 2247 1363 2319; x_wconf 81' lang='lat' dir='ltr'><strong>par</strong></span> <span class='ocrx_word' id='word_1_91' title='bbox 1378 2230 1498 2300; x_wconf 80' lang='lat' dir='ltr'><strong>altore</strong></span> <span class='ocrx_word' id='word_1_92' title='bbox 1517 2229 1610 2299; x_wconf 83' lang='lat' dir='ltr'><strong>oolto</strong></span> <span class='ocrx_word' id='word_1_93' title='bbox 1625 2229 1664 2299; x_wconf 81' lang='lat' dir='ltr'><strong>io</strong></span> <span class='ocrx_word' id='word_1_94' title='bbox 1681 2229 1761 2319; x_wconf 85' lang='lat' dir='ltr'><strong>loci,</strong></span> <span class='ocrx_word' id='word_1_95' title='bbox 1779 2225 1881 2321; x_wconf 89' lang='lat' dir='ltr'><strong>idest,</strong></span> 
     </span>
     <span class='ocr_line' id='line_1_12' title="bbox 708 2334 1884 2442; baseline 0.003 -27"><span class='ocrx_word' id='word_1_96' title='bbox 708 2346 746 2415; x_wconf 84' lang='lat' dir='ltr'><strong>in</strong></span> <span class='ocrx_word' id='word_1_97' title='bbox 772 2334 822 2436; x_wconf 83' lang='lat' dir='ltr'><strong>ld,</strong></span> <span class='ocrx_word' id='word_1_98' title='bbox 848 2345 952 2439; x_wconf 83' lang='lat' dir='ltr'><strong>quasi</strong></span> <span class='ocrx_word' id='word_1_99' title='bbox 979 2344 1093 2420; x_wconf 82' lang='lat' dir='ltr'><strong>dicet:</strong></span> <span class='ocrx_word' id='word_1_100' title='bbox 1121 2346 1214 2420; x_wconf 88' lang='lat' dir='ltr'><strong>rami</strong></span> <span class='ocrx_word' id='word_1_101' title='bbox 1239 2347 1383 2422; x_wconf 87' lang='lat' dir='ltr'><strong>arboris</strong></span> <span class='ocrx_word' id='word_1_102' title='bbox 1400 2352 1506 2422; x_wconf 87' lang='lat' dir='ltr'><strong>eraut</strong></span> <span class='ocrx_word' id='word_1_103' title='bbox 1526 2346 1613 2420; x_wconf 92' lang='lat' dir='ltr'><strong>mibi</strong></span> <span class='ocrx_word' id='word_1_104' title='bbox 1633 2346 1720 2420; x_wconf 91' lang='lat' dir='ltr'><strong>satis</strong></span> <span class='ocrx_word' id='word_1_105' title='bbox 1734 2346 1884 2442; x_wconf 90' lang='lat' dir='ltr'><strong>propin-</strong></span> 
     </span>
     <span class='ocr_line' id='line_1_13' title="bbox 712 2463 1885 2562; baseline 0.003 -25"><span class='ocrx_word' id='word_1_106' title='bbox 712 2463 787 2558; x_wconf 87' lang='lat' dir='ltr'><strong>qui,</strong></span> <span class='ocrx_word' id='word_1_107' title='bbox 814 2465 976 2540; x_wconf 85' lang='lat' dir='ltr'><strong>sednon</strong></span> <span class='ocrx_word' id='word_1_108' title='bbox 1002 2467 1270 2562; x_wconf 81' lang='lat' dir='ltr'><strong>perpenderem</strong></span> <span class='ocrx_word' id='word_1_109' title='bbox 1293 2467 1410 2561; x_wconf 90' lang='lat' dir='ltr'><strong>citius,</strong></span> <span class='ocrx_word' id='word_1_110' title='bbox 1429 2468 1515 2561; x_wconf 85' lang='lat' dir='ltr'><strong>quia</strong></span> <span class='ocrx_word' id='word_1_111' title='bbox 1541 2466 1734 2542; x_wconf 90' lang='lat' dir='ltr'><strong>veniebam</strong></span> <span class='ocrx_word' id='word_1_112' title='bbox 1760 2465 1885 2540; x_wconf 88' lang='lat' dir='ltr'><strong>conle-</strong></span> 
     </span>
     <span class='ocr_line' id='line_1_14' title="bbox 711 2585 1885 2682; baseline 0.002 -24"><span class='ocrx_word' id='word_1_113' title='bbox 711 2585 826 2660; x_wconf 89' lang='lat' dir='ltr'><strong>rendo</strong></span> <span class='ocrx_word' id='word_1_114' title='bbox 852 2606 938 2661; x_wconf 83' lang='lat' dir='ltr'><strong>cunr</strong></span> <span class='ocrx_word' id='word_1_115' title='bbox 965 2586 1132 2680; x_wconf 80' lang='lat' dir='ltr'><strong>Foresi03</strong></span> <span class='ocrx_word' id='word_1_116' title='bbox 1157 2586 1288 2661; x_wconf 87' lang='lat' dir='ltr'><strong>deinde</strong></span> <span class='ocrx_word' id='word_1_117' title='bbox 1314 2586 1551 2682; x_wconf 83' lang='lat' dir='ltr'><strong>respiciebam</strong></span> <span class='ocrx_word' id='word_1_118' title='bbox 1569 2593 1650 2682; x_wconf 87' lang='lat' dir='ltr'><strong>post</strong></span> <span class='ocrx_word' id='word_1_119' title='bbox 1666 2607 1755 2661; x_wconf 91' lang='lat' dir='ltr'><strong>eum</strong></span> <span class='ocrx_word' id='word_1_120' title='bbox 1779 2605 1885 2660; x_wconf 87' lang='lat' dir='ltr'><strong>rece·</strong></span> 
     </span>
     <span class='ocr_line' id='line_1_15' title="bbox 711 2704 1884 2802; baseline -0.002 -24"><span class='ocrx_word' id='word_1_121' title='bbox 711 2704 879 2780; x_wconf 89' lang='lat' dir='ltr'><strong>dentem:</strong></span> <span class='ocrx_word' id='word_1_122' title='bbox 907 2727 982 2801; x_wconf 87' lang='lat' dir='ltr'><strong>quo</strong></span> <span class='ocrx_word' id='word_1_123' title='bbox 1012 2707 1231 2801; x_wconf 84' lang='lat' dir='ltr'><strong>disparente,</strong></span> <span class='ocrx_word' id='word_1_124' title='bbox 1257 2707 1428 2802; x_wconf 90' lang='lat' dir='ltr'><strong>apparuit</strong></span> <span class='ocrx_word' id='word_1_125' title='bbox 1452 2706 1540 2780; x_wconf 92' lang='lat' dir='ltr'><strong>mibi</strong></span> <span class='ocrx_word' id='word_1_126' title='bbox 1567 2727 1662 2780; x_wconf 85' lang='lat' dir='ltr'><strong>nova</strong></span> <span class='ocrx_word' id='word_1_127' title='bbox 1687 2706 1812 2780; x_wconf 91' lang='lat' dir='ltr'><strong>arbor.</strong></span> <span class='ocrx_word' id='word_1_128' title='bbox 1839 2705 1884 2777; x_wconf 87' lang='lat' dir='ltr'><strong>Et</strong></span> 
     </span>
     <span class='ocr_line' id='line_1_16' title="bbox 712 2827 1883 2921; baseline 0 -21"><span class='ocrx_word' id='word_1_129' title='bbox 712 2827 771 2901; x_wconf 92' lang='lat' dir='ltr'><strong>bic</strong></span> <span class='ocrx_word' id='word_1_130' title='bbox 796 2833 881 2902; x_wconf 89' lang='lat' dir='ltr'><strong>nota</strong></span> <span class='ocrx_word' id='word_1_131' title='bbox 908 2827 1004 2921; x_wconf 89' lang='lat' dir='ltr'><strong>quod</strong></span> <span class='ocrx_word' id='word_1_132' title='bbox 1035 2827 1103 2901; x_wconf 87' lang='lat' dir='ltr'><strong>ista</strong></span> <span class='ocrx_word' id='word_1_133' title='bbox 1132 2828 1245 2901; x_wconf 89' lang='lat' dir='ltr'><strong>arbor</strong></span> <span class='ocrx_word' id='word_1_134' title='bbox 1274 2828 1434 2902; x_wconf 87' lang='lat' dir='ltr'><strong>secunda</strong></span> <span class='ocrx_word' id='word_1_135' title='bbox 1469 2835 1525 2902; x_wconf 86' lang='lat' dir='ltr'><strong>est</strong></span> <span class='ocrx_word' id='word_1_136' title='bbox 1556 2827 1721 2901; x_wconf 92' lang='lat' dir='ltr'><strong>similiter</strong></span> <span class='ocrx_word' id='word_1_137' title='bbox 1752 2845 1883 2900; x_wconf 87' lang='lat' dir='ltr'><strong>eversa</strong></span> 
     </span>
     <span class='ocr_line' id='line_1_17' title="bbox 712 2943 1885 3043; baseline -0.003 -22"><span class='ocrx_word' id='word_1_138' title='bbox 712 2947 806 3022; x_wconf 90' lang='lat' dir='ltr'><strong>sicut</strong></span> <span class='ocrx_word' id='word_1_139' title='bbox 839 2948 969 3043; x_wconf 80' lang='lat' dir='ltr'><strong>prime,</strong></span> <span class='ocrx_word' id='word_1_140' title='bbox 1000 2953 1038 3021; x_wconf 91' lang='lat' dir='ltr'><strong>et</strong></span> <span class='ocrx_word' id='word_1_141' title='bbox 1066 2947 1104 3020; x_wconf 95' lang='lat' dir='ltr'><strong>in</strong></span> <span class='ocrx_word' id='word_1_142' title='bbox 1136 2947 1308 3022; x_wconf 89' lang='lat' dir='ltr'><strong>omnibus</strong></span> <span class='ocrx_word' id='word_1_143' title='bbox 1340 2947 1544 3021; x_wconf 87' lang='lat' dir='ltr'><strong>simillima:</strong></span> <span class='ocrx_word' id='word_1_144' title='bbox 1569 2953 1607 3021; x_wconf 91' lang='lat' dir='ltr'><strong>et</strong></span> <span class='ocrx_word' id='word_1_145' title='bbox 1639 2951 1747 3042; x_wconf 87' lang='lat' dir='ltr'><strong>poeta</strong></span> <span class='ocrx_word' id='word_1_146' title='bbox 1780 2943 1885 3042; x_wconf 90' lang='lat' dir='ltr'><strong>punit</strong></span> 
     </span>
     <span class='ocr_line' id='line_1_18' title="bbox 711 3065 1884 3161; baseline -0.001 -20"><span class='ocrx_word' id='word_1_147' title='bbox 711 3068 798 3142; x_wconf 91' lang='lat' dir='ltr'><strong>istos</strong></span> <span class='ocrx_word' id='word_1_148' title='bbox 815 3068 910 3142; x_wconf 90' lang='lat' dir='ltr'><strong>intra</strong></span> <span class='ocrx_word' id='word_1_149' title='bbox 936 3067 1029 3141; x_wconf 88' lang='lat' dir='ltr'><strong>duas</strong></span> <span class='ocrx_word' id='word_1_150' title='bbox 1054 3066 1225 3142; x_wconf 89' lang='lat' dir='ltr'><strong>arbores:</strong></span> <span class='ocrx_word' id='word_1_151' title='bbox 1243 3067 1306 3141; x_wconf 91' lang='lat' dir='ltr'><strong>sed</strong></span> <span class='ocrx_word' id='word_1_152' title='bbox 1332 3067 1399 3140; x_wconf 85' lang='lat' dir='ltr'><strong>ista</strong></span> <span class='ocrx_word' id='word_1_153' title='bbox 1424 3066 1585 3140; x_wconf 87' lang='lat' dir='ltr'><strong>secunda</strong></span> <span class='ocrx_word' id='word_1_154' title='bbox 1603 3066 1750 3140; x_wconf 88' lang='lat' dir='ltr'><strong>videtur</strong></span> <span class='ocrx_word' id='word_1_155' title='bbox 1766 3065 1884 3161; x_wconf 86' lang='lat' dir='ltr'><strong>magis</strong></span> 
     </span>
     <span class='ocr_line' id='line_1_19' title="bbox 713 3183 1884 3282; baseline -0.002 -20"><span class='ocrx_word' id='word_1_156' title='bbox 713 3188 881 3262; x_wconf 91' lang='lat' dir='ltr'><strong>cruciare</strong></span> <span class='ocrx_word' id='word_1_157' title='bbox 907 3209 1019 3282; x_wconf 87' lang='lat' dir='ltr'><strong>quam</strong></span> <span class='ocrx_word' id='word_1_158' title='bbox 1040 3187 1170 3282; x_wconf 89' lang='lat' dir='ltr'><strong>prima,</strong></span> <span class='ocrx_word' id='word_1_159' title='bbox 1200 3187 1295 3261; x_wconf 88' lang='lat' dir='ltr'><strong>sorte</strong></span> <span class='ocrx_word' id='word_1_160' title='bbox 1312 3187 1399 3281; x_wconf 86' lang='lat' dir='ltr'><strong>quia</strong></span> <span class='ocrx_word' id='word_1_161' title='bbox 1413 3183 1533 3281; x_wconf 84' lang='lat' dir='ltr'><strong>prima</strong></span> <span class='ocrx_word' id='word_1_162' title='bbox 1552 3186 1656 3281; x_wconf 92' lang='lat' dir='ltr'><strong>punit</strong></span> <span class='ocrx_word' id='word_1_163' title='bbox 1672 3186 1709 3258; x_wconf 91' lang='lat' dir='ltr'><strong>in</strong></span> <span class='ocrx_word' id='word_1_164' title='bbox 1733 3191 1884 3280; x_wconf 83' lang='lat' dir='ltr'><strong>quanto,</strong></span> 
     </span>
     <span class='ocr_line' id='line_1_20' title="bbox 713 3305 1885 3402; baseline 0 -21"><span class='ocrx_word' id='word_1_165' title='bbox 713 3307 874 3382; x_wconf 90' lang='lat' dir='ltr'><strong>secunda</strong></span> <span class='ocrx_word' id='word_1_166' title='bbox 899 3307 935 3381; x_wconf 95' lang='lat' dir='ltr'><strong>in</strong></span> <span class='ocrx_word' id='word_1_167' title='bbox 962 3307 1081 3402; x_wconf 90' lang='lat' dir='ltr'><strong>quaii;</strong></span> <span class='ocrx_word' id='word_1_168' title='bbox 1112 3307 1170 3382; x_wconf 92' lang='lat' dir='ltr'><strong>vel</strong></span> <span class='ocrx_word' id='word_1_169' title='bbox 1202 3307 1287 3400; x_wconf 83' lang='lat' dir='ltr'><strong>quie</strong></span> <span class='ocrx_word' id='word_1_170' title='bbox 1321 3305 1440 3401; x_wconf 88' lang='lat' dir='ltr'><strong>prima</strong></span> <span class='ocrx_word' id='word_1_171' title='bbox 1470 3305 1574 3400; x_wconf 92' lang='lat' dir='ltr'><strong>punit</strong></span> <span class='ocrx_word' id='word_1_172' title='bbox 1604 3306 1792 3401; x_wconf 88' lang='lat' dir='ltr'><strong>epulones,</strong></span> <span class='ocrx_word' id='word_1_173' title='bbox 1825 3327 1885 3381; x_wconf 91' lang='lat' dir='ltr'><strong>so-</strong></span> 
     </span>
     <span class='ocr_line' id='line_1_21' title="bbox 713 3425 1886 3524; baseline -0.003 -21"><span class='ocrx_word' id='word_1_174' title='bbox 713 3429 834 3503; x_wconf 85' lang='lat' dir='ltr'><strong>cunda</strong></span> <span class='ocrx_word' id='word_1_175' title='bbox 859 3435 1044 3524; x_wconf 88' lang='lat' dir='ltr'><strong>potatores</strong></span> <span class='ocrx_word' id='word_1_176' title='bbox 1065 3429 1127 3524; x_wconf 91' lang='lat' dir='ltr'><strong>qui</strong></span> <span class='ocrx_word' id='word_1_177' title='bbox 1147 3426 1263 3523; x_wconf 81' lang='lat' dir='ltr'><strong>magis</strong></span> <span class='ocrx_word' id='word_1_178' title='bbox 1284 3433 1446 3521; x_wconf 90' lang='lat' dir='ltr'><strong>peccant,</strong></span> <span class='ocrx_word' id='word_1_179' title='bbox 1464 3426 1546 3501; x_wconf 93' lang='lat' dir='ltr'><strong>ideo</strong></span> <span class='ocrx_word' id='word_1_180' title='bbox 1565 3425 1694 3500; x_wconf 91' lang='lat' dir='ltr'><strong>durius</strong></span> <span class='ocrx_word' id='word_1_181' title='bbox 1715 3426 1886 3501; x_wconf 90' lang='lat' dir='ltr'><strong>crucian-</strong></span> 
     </span>
     <span class='ocr_line' id='line_1_22' title="bbox 713 3546 1885 3644; baseline -0.002 -23"><span class='ocrx_word' id='word_1_182' title='bbox 713 3555 786 3643; x_wconf 88' lang='lat' dir='ltr'><strong>tur,</strong></span> <span class='ocrx_word' id='word_1_183' title='bbox 809 3554 849 3621; x_wconf 91' lang='lat' dir='ltr'><strong>ut</strong></span> <span class='ocrx_word' id='word_1_184' title='bbox 866 3548 987 3622; x_wconf 87' lang='lat' dir='ltr'><strong>statim</strong></span> <span class='ocrx_word' id='word_1_185' title='bbox 1006 3555 1104 3644; x_wconf 85' lang='lat' dir='ltr'><strong>patet</strong></span> <span class='ocrx_word' id='word_1_186' title='bbox 1119 3553 1129 3640; x_wconf 76' lang='lat' dir='ltr'><strong>l</strong></span> <span class='ocrx_word' id='word_1_187' title='bbox 1146 3551 1227 3638; x_wconf 80' lang='grc'><strong>).-</strong></span> <span class='ocrx_word' id='word_1_188' title='bbox 1241 3549 1325 3620; x_wconf 84' lang='lat' dir='ltr'><strong>Vidi.</strong></span> <span class='ocrx_word' id='word_1_189' title='bbox 1344 3546 1410 3620; x_wconf 89' lang='lat' dir='ltr'><strong>llic</strong></span> <span class='ocrx_word' id='word_1_190' title='bbox 1427 3553 1533 3641; x_wconf 85' lang='lat' dir='ltr'><strong>poete</strong></span> <span class='ocrx_word' id='word_1_191' title='bbox 1550 3546 1721 3621; x_wconf 88' lang='lat' dir='ltr'><strong>describit</strong></span> <span class='ocrx_word' id='word_1_192' title='bbox 1737 3567 1885 3642; x_wconf 86' lang='lat' dir='ltr'><strong>poeuam</strong></span> 
     </span>
     <span class='ocr_line' id='line_1_23' title="bbox 714 3667 1886 3765; baseline 0 -25"><span class='ocrx_word' id='word_1_193' title='bbox 714 3689 897 3743; x_wconf 88' lang='lat' dir='ltr'><strong>novorum</strong></span> <span class='ocrx_word' id='word_1_194' title='bbox 932 3668 1150 3765; x_wconf 82' lang='lat' dir='ltr'><strong>gulosorum</strong></span> <span class='ocrx_word' id='word_1_195' title='bbox 1181 3687 1249 3762; x_wconf 89' lang='lat' dir='ltr'><strong>per</strong></span> <span class='ocrx_word' id='word_1_196' title='bbox 1279 3667 1542 3762; x_wconf 87' lang='lat' dir='ltr'><strong>pulcerrimam</strong></span> <span class='ocrx_word' id='word_1_197' title='bbox 1574 3667 1886 3763; x_wconf 87' lang='lat' dir='ltr'><strong>comparationem</strong></span> 
     </span>
     <span class='ocr_line' id='line_1_24' title="bbox 714 3788 1887 3884; baseline -0.003 -19"><span class='ocrx_word' id='word_1_198' title='bbox 714 3796 751 3865; x_wconf 88' lang='lat' dir='ltr'><strong>et</strong></span> <span class='ocrx_word' id='word_1_199' title='bbox 771 3789 1015 3884; x_wconf 89' lang='lat' dir='ltr'><strong>maniiestam,</strong></span> <span class='ocrx_word' id='word_1_200' title='bbox 1033 3788 1176 3864; x_wconf 89' lang='lat' dir='ltr'><strong>dicens:</strong></span> <span class='ocrx_word' id='word_1_201' title='bbox 1202 3791 1277 3862; x_wconf 84' lang='lat' dir='ltr'><strong>Vidi</strong></span> <span class='ocrx_word' id='word_1_202' title='bbox 1300 3791 1394 3879; x_wconf 80' lang='lat' dir='ltr'><strong>penti</strong></span> <span class='ocrx_word' id='word_1_203' title='bbox 1416 3791 1587 3879; x_wconf 83' lang='lat' dir='ltr'><strong>sott&#39;esso,</strong></span> <span class='ocrx_word' id='word_1_204' title='bbox 1604 3788 1707 3882; x_wconf 86' lang='lat' dir='ltr'><strong>idest,</strong></span> <span class='ocrx_word' id='word_1_205' title='bbox 1724 3789 1794 3861; x_wconf 90' lang='lat' dir='ltr'><strong>sub</strong></span> <span class='ocrx_word' id='word_1_206' title='bbox 1819 3788 1887 3862; x_wconf 91' lang='lat' dir='ltr'><strong>ista</strong></span> 
     </span>
     <span class='ocr_line' id='line_1_25' title="bbox 715 3907 1887 4003; baseline -0.002 -21"><span class='ocrx_word' id='word_1_207' title='bbox 715 3908 858 3984; x_wconf 86' lang='lat' dir='ltr'><strong>novellu</strong></span> <span class='ocrx_word' id='word_1_208' title='bbox 887 3909 1033 4003; x_wconf 87' lang='lat' dir='ltr'><strong>arbore,</strong></span> <span class='ocrx_word' id='word_1_209' title='bbox 1060 3912 1166 3982; x_wconf 85' lang='lat' dir='ltr'><strong>atzar</strong></span> <span class='ocrx_word' id='word_1_210' title='bbox 1197 3911 1229 3981; x_wconf 86' lang='lat' dir='ltr'><strong>le</strong></span> <span class='ocrx_word' id='word_1_211' title='bbox 1261 3911 1372 3999; x_wconf 75' lang='lat' dir='ltr'><strong>morri,</strong></span> <span class='ocrx_word' id='word_1_212' title='bbox 1396 3908 1444 3980; x_wconf 89' lang='lat' dir='ltr'><strong>ad</strong></span> <span class='ocrx_word' id='word_1_213' title='bbox 1478 3907 1683 4003; x_wconf 92' lang='lat' dir='ltr'><strong>recipienda</strong></span> <span class='ocrx_word' id='word_1_214' title='bbox 1715 3927 1824 4003; x_wconf 92' lang='lat' dir='ltr'><strong>poma</strong></span> <span class='ocrx_word' id='word_1_215' title='bbox 1856 3908 1887 3982; x_wconf 92' lang='lat' dir='ltr'><strong>si</strong></span> 
     </span>
     <span class='ocr_line' id='line_1_26' title="bbox 715 4025 1886 4121; baseline 0.005 -23"><span class='ocrx_word' id='word_1_216' title='bbox 715 4025 809 4099; x_wconf 82' lang='lat' dir='ltr'><strong>torte</strong></span> <span class='ocrx_word' id='word_1_217' title='bbox 833 4025 1017 4120; x_wconf 89' lang='lat' dir='ltr'><strong>caderent,</strong></span> <span class='ocrx_word' id='word_1_218' title='bbox 1043 4047 1062 4099; x_wconf 86' lang='lat' dir='ltr'><strong>e</strong></span> <span class='ocrx_word' id='word_1_219' title='bbox 1085 4029 1216 4117; x_wconf 76' lang='lat' dir='ltr'><strong>pridor</strong></span> <span class='ocrx_word' id='word_1_220' title='bbox 1248 4046 1321 4098; x_wconf 83' lang='lat' dir='ltr'><strong>non</strong></span> <span class='ocrx_word' id='word_1_221' title='bbox 1347 4047 1389 4098; x_wconf 78' lang='lat' dir='ltr'><strong>so</strong></span> <span class='ocrx_word' id='word_1_222' title='bbox 1417 4027 1490 4117; x_wconf 83' lang='lat' dir='ltr'><strong>cte,</strong></span> <span class='ocrx_word' id='word_1_223' title='bbox 1516 4030 1687 4121; x_wconf 82' lang='lat' dir='ltr'><strong>rogantes</strong></span> <span class='ocrx_word' id='word_1_224' title='bbox 1716 4046 1785 4120; x_wconf 94' lang='lat' dir='ltr'><strong>pro</strong></span> <span class='ocrx_word' id='word_1_225' title='bbox 1808 4026 1886 4104; x_wconf 85' lang='lat' dir='ltr'><strong>Deo</strong></span> 
     </span>
     <span class='ocr_line' id='line_1_27' title="bbox 716 4146 1887 4242; baseline 0.003 -22"><span class='ocrx_word' id='word_1_226' title='bbox 716 4146 920 4221; x_wconf 90' lang='lat' dir='ltr'><strong>remedium</strong></span> <span class='ocrx_word' id='word_1_227' title='bbox 948 4147 1122 4242; x_wconf 81' lang='lat' dir='ltr'><strong>appetitui</strong></span> <span class='ocrx_word' id='word_1_228' title='bbox 1157 4167 1303 4242; x_wconf 80' lang='lat' dir='ltr'><strong>magno,</strong></span> <span class='ocrx_word' id='word_1_229' title='bbox 1331 4167 1433 4219; x_wconf 83' lang='lat' dir='ltr'><strong>verso</strong></span> <span class='ocrx_word' id='word_1_230' title='bbox 1463 4149 1495 4219; x_wconf 86' lang='lat' dir='ltr'><strong>le</strong></span> <span class='ocrx_word' id='word_1_231' title='bbox 1521 4149 1665 4241; x_wconf 73' lang='lat' dir='ltr'><strong>fronde,</strong></span> <span class='ocrx_word' id='word_1_232' title='bbox 1690 4147 1753 4220; x_wconf 94' lang='lat' dir='ltr'><strong>ubi</strong></span> <span class='ocrx_word' id='word_1_233' title='bbox 1780 4156 1887 4223; x_wconf 92' lang='lat' dir='ltr'><strong>erant</strong></span> 
     </span>
     <span class='ocr_line' id='line_1_28' title="bbox 715 4257 1887 4363; baseline 0.002 -23"><span class='ocrx_word' id='word_1_234' title='bbox 715 4285 825 4361; x_wconf 87' lang='lat' dir='ltr'><strong>poma</strong></span> <span class='ocrx_word' id='word_1_235' title='bbox 850 4265 1024 4360; x_wconf 82' lang='lat' dir='ltr'><strong>recentia,</strong></span> <span class='ocrx_word' id='word_1_236' title='bbox 1043 4287 1128 4359; x_wconf 87' lang='lat' dir='ltr'><strong>quae</strong></span> <span class='ocrx_word' id='word_1_237' title='bbox 1145 4265 1424 4361; x_wconf 81' lang='lat' dir='ltr'><strong>refrigerassem</strong></span> <span class='ocrx_word' id='word_1_238' title='bbox 1447 4285 1579 4361; x_wconf 90' lang='lat' dir='ltr'><strong>parum</strong></span> <span class='ocrx_word' id='word_1_239' title='bbox 1596 4257 1801 4363; x_wconf 60' lang='lat' dir='ltr'><strong>gutturaff)</strong></span> <span class='ocrx_word' id='word_1_240' title='bbox 1821 4287 1887 4342; x_wconf 88' lang='lat' dir='ltr'><strong>eo-</strong></span> 
     </span>
     <span class='ocr_line' id='line_1_29' title="bbox 716 4373 1888 4482; baseline 0.003 -23"><span class='ocrx_word' id='word_1_241' title='bbox 716 4408 800 4459; x_wconf 92' lang='lat' dir='ltr'><strong>rum</strong></span> <span class='ocrx_word' id='word_1_242' title='bbox 828 4386 934 4482; x_wconf 81' lang='lat' dir='ltr'><strong>sicce,</strong></span> <span class='ocrx_word' id='word_1_243' title='bbox 959 4408 981 4461; x_wconf 89' lang='lat' dir='ltr'><strong>a</strong></span> <span class='ocrx_word' id='word_1_244' title='bbox 1008 4387 1135 4460; x_wconf 92' lang='lat' dir='ltr'><strong>simili:</strong></span> <span class='ocrx_word' id='word_1_245' title='bbox 1163 4389 1265 4479; x_wconf 68' lang='lat' dir='ltr'><strong>puae</strong></span> <span class='ocrx_word' id='word_1_246' title='bbox 1287 4388 1444 4459; x_wconf 67' lang='lat' dir='ltr'><strong>bonosi</strong></span> <span class='ocrx_word' id='word_1_247' title='bbox 1470 4389 1636 4480; x_wconf 73' lang='lat' dir='ltr'><strong>sanctim</strong></span> <span class='ocrx_word' id='word_1_248' title='bbox 1659 4409 1679 4462; x_wconf 91' lang='lat' dir='ltr'><strong>e</strong></span> <span class='ocrx_word' id='word_1_249' title='bbox 1705 4391 1803 4480; x_wconf 74' lang='lat' dir='ltr'><strong>eard,</strong></span> <span class='ocrx_word' id='word_1_250' title='bbox 1827 4373 1888 4464; x_wconf 71' lang='lat' dir='ltr'><strong>c&#39;be</strong></span> 
     </span>
     <span class='ocr_line' id='line_1_30' title="bbox 713 4506 1888 4603; baseline 0.003 -25"><span class='ocrx_word' id='word_1_251' title='bbox 713 4527 887 4599; x_wconf 81' lang='lat' dir='ltr'><strong>prepono,</strong></span> <span class='ocrx_word' id='word_1_252' title='bbox 918 4506 1080 4600; x_wconf 87' lang='lat' dir='ltr'><strong>aliquem</strong></span> <span class='ocrx_word' id='word_1_253' title='bbox 1116 4507 1311 4581; x_wconf 88' lang='lat' dir='ltr'><strong>habentem</strong></span> <span class='ocrx_word' id='word_1_254' title='bbox 1346 4526 1498 4602; x_wconf 94' lang='lat' dir='ltr'><strong>pomum</strong></span> <span class='ocrx_word' id='word_1_255' title='bbox 1537 4513 1575 4582; x_wconf 92' lang='lat' dir='ltr'><strong>et</strong></span> <span class='ocrx_word' id='word_1_256' title='bbox 1612 4507 1888 4603; x_wconf 86' lang='lat' dir='ltr'><strong>ostendentem,</strong></span> 
     </span>
     <span class='ocr_line' id='line_1_31' title="bbox 716 4626 1887 4724; baseline 0.003 -24"><span class='ocrx_word' id='word_1_257' title='bbox 716 4629 772 4700; x_wconf 86' lang='lat' dir='ltr'><strong>c’l</strong></span> <span class='ocrx_word' id='word_1_258' title='bbox 789 4633 940 4719; x_wconf 79' lang='lat' dir='ltr'><strong>propalo</strong></span> <span class='ocrx_word' id='word_1_259' title='bbox 965 4647 1038 4700; x_wconf 85' lang='lat' dir='ltr'><strong>non</strong></span> <span class='ocrx_word' id='word_1_260' title='bbox 1062 4629 1241 4719; x_wconf 72' lang='lat' dir='ltr'><strong>repende,</strong></span> <span class='ocrx_word' id='word_1_261' title='bbox 1260 4627 1347 4720; x_wconf 87' lang='lat' dir='ltr'><strong>quia</strong></span> <span class='ocrx_word' id='word_1_262' title='bbox 1368 4647 1441 4701; x_wconf 95' lang='lat' dir='ltr'><strong>non</strong></span> <span class='ocrx_word' id='word_1_263' title='bbox 1457 4627 1610 4724; x_wconf 83' lang='lat' dir='ltr'><strong>porrigit</strong></span> <span class='ocrx_word' id='word_1_264' title='bbox 1630 4626 1696 4700; x_wconf 88' lang='lat' dir='ltr'><strong>sibi</strong></span> <span class='ocrx_word' id='word_1_265' title='bbox 1716 4649 1887 4724; x_wconf 89' lang='lat' dir='ltr'><strong>manum;</strong></span> 
     </span>
     <span class='ocr_line' id='line_1_32' title="bbox 716 4746 1888 4846; baseline 0.003 -27"><span class='ocrx_word' id='word_1_266' title='bbox 716 4767 864 4838; x_wconf 75' lang='lat' dir='ltr'><strong>reaper</strong></span> <span class='ocrx_word' id='word_1_267' title='bbox 886 4751 949 4841; x_wconf 80' lang='lat' dir='ltr'><strong>(ar</strong></span> <span class='ocrx_word' id='word_1_268' title='bbox 974 4749 1057 4821; x_wconf 83' lang='lat' dir='ltr'><strong>bene</strong></span> <span class='ocrx_word' id='word_1_269' title='bbox 1082 4769 1176 4822; x_wconf 82' lang='lat' dir='ltr'><strong>esser</strong></span> <span class='ocrx_word' id='word_1_270' title='bbox 1201 4751 1257 4822; x_wconf 87' lang='lat' dir='ltr'><strong>lor</strong></span> <span class='ocrx_word' id='word_1_271' title='bbox 1282 4749 1400 4838; x_wconf 73' lang='lat' dir='ltr'><strong>copta</strong></span> <span class='ocrx_word' id='word_1_272' title='bbox 1432 4753 1548 4838; x_wconf 77' lang='lat' dir='ltr'><strong>ocum,</strong></span> <span class='ocrx_word' id='word_1_273' title='bbox 1574 4746 1678 4842; x_wconf 91' lang='lat' dir='ltr'><strong>idest,</strong></span> <span class='ocrx_word' id='word_1_274' title='bbox 1703 4755 1746 4821; x_wconf 90' lang='lat' dir='ltr'><strong>ut</strong></span> <span class='ocrx_word' id='word_1_275' title='bbox 1771 4748 1888 4846; x_wconf 82' lang='lat' dir='ltr'><strong>magis</strong></span> 
     </span>
    </p>
   </div>
   <div class='ocr_carea' id='block_1_3' title="bbox 717 4867 1886 4964">
    <p class='ocr_par' dir='ltr' id='par_1_3' title="bbox 717 4867 1886 4964">
     <span class='ocr_line' id='line_1_33' title="bbox 717 4867 1886 4964; baseline 0.001 -24"><span class='ocrx_word' id='word_1_276' title='bbox 717 4867 891 4942; x_wconf 86' lang='lat' dir='ltr'><strong>accendat</strong></span> <span class='ocrx_word' id='word_1_277' title='bbox 916 4867 1115 4963; x_wconf 81' lang='lat' dir='ltr'><strong>appetitum</strong></span> <span class='ocrx_word' id='word_1_278' title='bbox 1142 4888 1289 4962; x_wconf 91' lang='lat' dir='ltr'><strong>eorum,</strong></span> <span class='ocrx_word' id='word_1_279' title='bbox 1314 4873 1401 4942; x_wconf 80' lang='lat' dir='ltr'><strong>tiene</strong></span> <span class='ocrx_word' id='word_1_280' title='bbox 1431 4872 1501 4941; x_wconf 86' lang='lat' dir='ltr'><strong>alto</strong></span> <span class='ocrx_word' id='word_1_281' title='bbox 1531 4871 1588 4941; x_wconf 87' lang='lat' dir='ltr'><strong>lor</strong></span> <span class='ocrx_word' id='word_1_282' title='bbox 1611 4869 1714 4960; x_wconf 80' lang='lat' dir='ltr'><strong>dtrto,</strong></span> <span class='ocrx_word' id='word_1_283' title='bbox 1740 4868 1886 4964; x_wconf 83' lang='lat' dir='ltr'><strong>scilicet,</strong></span> 
     </span>
    </p>
   </div>
   <div class='ocr_carea' id='block_1_4' title="bbox 779 5129 1591 5197">
    <p class='ocr_par' dir='ltr' id='par_1_4' title="bbox 779 5129 1591 5197">
     <span class='ocr_line' id='line_1_34' title="bbox 779 5129 1591 5197; baseline -0.014 -3"><span class='ocrx_word' id='word_1_284' title='bbox 779 5129 969 5195; x_wconf 57' lang='lat' dir='ltr'><strong>tlspneuc</strong></span> <span class='ocrx_word' id='word_1_285' title='bbox 1181 5131 1210 5194; x_wconf 67' lang='grc' dir='ltr'><strong>(η</strong></span> <span class='ocrx_word' id='word_1_286' title='bbox 1225 5133 1257 5183; x_wconf 76' lang='lat'><strong>13.</strong></span> <span class='ocrx_word' id='word_1_287' title='bbox 1274 5134 1362 5197; x_wconf 67' lang='lat' dir='ltr'><strong>gurm</strong></span> <span class='ocrx_word' id='word_1_288' title='bbox 1377 5145 1472 5184; x_wconf 75' lang='lat' dir='ltr'><strong>eorum</strong></span> <span class='ocrx_word' id='word_1_289' title='bbox 1487 5133 1591 5185; x_wconf 71' lang='lat' dir='ltr'><strong>noem</strong></span> 
     </span>
    </p>
   </div>
   <div class='ocr_carea' id='block_1_5' title="bbox 0 0 2308 6836">
    <p class='ocr_par' dir='ltr' id='par_1_5' title="bbox 0 0 2308 6836">
     <span class='ocr_line' id='line_1_35' title="bbox 0 0 2308 6836; baseline 0 0"><span class='ocrx_word' id='word_1_290' title='bbox 0 0 2308 6836; x_wconf 95' lang='lat' dir='ltr'><strong> </strong></span> 
     </span>
    </p>
   </div>
  </div>
 </body>
</html>
