4575 6842
754 887 893 943 cennos
917 889 1110 944 messines
1134 889 1318 944 sommus
1553 880 1619 948 1⁴1

449 1033 578 1106 Poscio
601 1024 632 1104 si
656 1033 760 1123 disse,
782 1032 842 1106 ilie
857 1033 1024 1129 angelus,
1050 1055 1147 1106 conse
1170 1038 1231 1108 not
1253 1037 1304 1126 gii
1325 1039 1460 1129 somnio
1481 1057 1621 1128 merso,

357 1229 362 1236 ,
450 1151 537 1246 quia
562 1152 737 1227 continuo
761 1152 919 1247 mamus,
945 1154 1022 1248 ipse
1046 1174 1136 1229 rero
1161 1155 1299 1229 stabat:
1323 1151 1384 1247 ptri
1410 1178 1482 1230 non
1506 1162 1538 1232 si
1562 1178 1622 1249 oa,

449 1271 554 1365 idest,
578 1271 623 1345 iri
648 1293 722 1346 non
747 1277 876 1367 potest,
902 1277 1190 1366 coniectante,
1216 1275 1302 1369 quia
1323 1277 1401 1372 jam
1427 1277 1562 1352 Dentes
1585 1283 1624 1352 et

450 1392 587 1468 Statim
606 1399 713 1466 erant
729 1393 873 1488 purgati
892 1394 1065 1470 omnibus
1083 1395 1188 1489 vitiis,
1206 1402 1243 1470 et
1260 1396 1457 1472 tendebant
1475 1396 1522 1472 ad
1543 1417 1622 1472 ma·

451 1513 549 1607 lum;
575 1512 745 1609 Virgilius
770 1534 859 1589 vero
885 1515 948 1608 qui
974 1523 1055 1590 erat
1079 1537 1147 1610 pro
1171 1522 1293 1592 scorta
1319 1517 1429 1611 paulo
1455 1525 1534 1612 post
1562 1537 1622 1591 re·

451 1633 545 1708 cedit
559 1627 611 1728 (¹),
625 1642 667 1708 ut
679 1635 834 1729 patebit,
850 1656 888 1708 sc
900 1639 987 1728 pria
1002 1640 1146 1730 ilsuoco
1162 1659 1235 1710 noo
1255 1641 1390 1728 morde,
1404 1638 1506 1731 idest,
1524 1643 1623 1712 assat

450 1775 583 1852 parum
611 1775 687 1849 vos,
714 1755 808 1849 ideo,
833 1764 966 1830 cairate
990 1760 1028 1830 tn
1052 1779 1152 1850 esso,·
1186 1764 1224 1832 et
1254 1757 1357 1831 dicit:
1383 1779 1403 1831 e
1430 1777 1504 1830 non
1534 1759 1622 1830 dots

449 1878 557 1950 sorde
587 1879 781 1950 dicantar
810 1879 849 1950 di
881 1866 931 1968 td,
964 1877 1069 1970 quasi
1097 1877 1217 1952 dicat:
1252 1877 1517 1971 confortemini,
1552 1877 1620 1972 viri

450 1995 574 2090 fortes,
600 2002 637 2070 et
662 1998 793 2072 habete
819 1997 1031 2093 patientiam
1061 1997 1098 2070 in
1129 1998 1226 2094 igne,
1253 1997 1339 2091 quia
1372 1998 1469 2072 ultra
1494 1996 1617 2093 ignem

449 2114 603 2191 audietis
628 2116 737 2190 eiiam
765 2137 893 2192 rocem
919 2109 1164 2213 benignam(²)
1183 2117 1419 2212 recipientem
1437 2137 1513 2210 ros,
1535 2137 1620 2211 qum

448 2235 534 2309 dicit
547 2225 605 2328 (ῆι
631 2240 743 2310 Venite
766 2237 932 2310 benedicti
955 2244 1025 2311 etc.
1051 2238 1095 2310 Et
1119 2237 1220 2331 ponit
1240 2237 1412 2313 effectum
1439 2243 1545 2332 poeta
1572 2257 1619 2311 ex

368 2451 372 2456 .
448 2364 554 2450 parte
569 2356 627 2430 sui
641 2344 691 2449 (⁴),
710 2355 852 2430 dicens:
867 2359 984 2448 perct'
997 2359 1033 2430 io
1051 2359 1192 2430 divertet
1208 2360 1260 2430 tat
1273 2360 1404 2450 grand
1415 2360 1451 2430 io
1477 2359 1619 2446 t’iartesi,

449 2478 597 2571 scilicet,
616 2475 764 2571 quando
779 2476 903 2551 audivi
920 2477 1019 2570 quod
1039 2477 1231 2572 oportebat
1259 2499 1318 2552 mc
1344 2477 1470 2552 virum
1497 2483 1620 2551 trans·

449 2599 504 2674 irc
525 2598 742 2694 perignem,
761 2599 863 2688 quate
880 2594 1007 2671 dcotot
1022 2599 1082 2669 cte
1101 2599 1194 2670 netto
1210 2601 1311 2692 fossa
1334 2593 1493 2689 dmesso,
1513 2595 1618 2689 quasi

447 2718 561 2795 dicat:
588 2718 705 2792 tactus
729 2738 814 2791 sum
839 2717 890 2792 ita
915 2717 1065 2791 territus
1089 2717 1189 2810 quod
1214 2716 1365 2791 videbar
1381 2724 1619 2790 mortuus.-

448 2843 492 2917 in
515 2861 568 2912 su.
599 2837 665 2913 Hic
693 2845 800 2931 poeta
833 2837 1000 2931 ostendit,
1031 2837 1217 2932 quomodo
1248 2858 1289 2912 se
1320 2837 1489 2914 habuerit
1519 2838 1616 2912 circa

449 2957 558 3034 istum
577 2957 713 3053 ignem,
725 2956 866 3032 dicens:
884 2961 926 3030 10
942 2961 991 3030 mi
1003 2960 1135 3049 protest
1151 2961 1189 3031 io
1204 2978 1246 3030 sa
1262 2961 1294 3032 te
1309 2979 1391 3032 moa
1408 2977 1616 3050 commosse5

449 3078 527 3151 ruit
552 3077 686 3170 dicere,
713 3078 812 3170 quod
838 3078 1034 3172 implicavit
1049 3069 1086 3169 (⁵)
1120 3098 1272 3152 manum
1302 3099 1387 3152 cum
1422 3098 1546 3172 manu,
1580 3085 1617 3153 et

446 3195 644 3271 connexuit
667 3197 797 3292 digitos
821 3197 868 3272 ad
892 3197 1061 3290 invicem,
1079 3197 1173 3271 sicut
1189 3198 1282 3274 solet
1303 3198 1414 3273 homo
1439 3198 1562 3272 iacere
1579 3197 1616 3274 in

446 3338 581 3414 magna
606 3317 767 3410 tristitia,
792 3320 1007 3410 guardaado
1029 3321 1057 3390 it
1076 3323 1194 3413 saeco,
1222 3337 1425 3412 perquem
1455 3317 1503 3392 ita
1530 3338 1619 3392 cura

446 3438 576 3518 rebant
600 3437 734 3512 animae
758 3459 835 3534 prae
859 3438 997 3530 dolore,
1017 3444 1055 3512 et
1078 3437 1244 3512 dicebam
1271 3438 1367 3512 intra
1394 3457 1472 3511 me:
1499 3438 1616 3512 multo

288 3573 295 3588 ·
446 3557 550 3652 peius
566 3558 637 3632 crit
654 3558 730 3652 tibi,
747 3558 811 3653 qui
828 3578 914 3632 cum
932 3577 1088 3652 corpore
1108 3557 1209 3631 vivis.
1231 3557 1333 3632 Unde
1353 3557 1457 3631 dicit:
1475 3563 1508 3632 E
1524 3561 1616 3632 imo·

444 3680 603 3768 amando
625 3683 718 3771 sorte
742 3681 863 3752 aaroni
885 3682 986 3770 corni
1007 3669 1070 3769 asi
1094 3680 1209 3750 sedati
1229 3682 1361 3752 moesi:
1377 3679 1482 3771 quasi
1507 3679 1614 3771 dicat,

446 3801 545 3894 quod
569 3808 658 3876 tunc
683 3801 783 3876 venit
803 3800 870 3874 sibi
895 3800 932 3872 in
959 3805 1121 3873 mentem
1139 3798 1238 3892 quod
1259 3799 1454 3892 aliquando
1475 3799 1616 3874 viderat

446 3920 613 3996 homines
638 3920 805 3995 comburi
830 3919 868 3993 in
895 3919 1033 3993 mundo
1058 3918 1138 4011 isto,
1164 3918 1258 3994 sicut
1284 3918 1377 3993 torte
1405 3918 1613 3994 sodomitas.

446 4041 489 4114 Et
513 4041 571 4115 tric
596 4048 682 4116 nota
708 4040 881 4134 breviter,
906 4041 1034 4133 lector,
1052 4037 1152 4133 quod
1176 4037 1324 4131 quidam
1352 4038 1514 4112 volentes
1534 4038 1615 4133 piri-

446 4161 627 4256 losophari
652 4162 689 4235 in
716 4161 827 4235 rebus
850 4159 986 4256 grossis
1019 4158 1144 4233 dicunt
1176 4158 1246 4252 hic,
1273 4158 1373 4252 quod
1404 4164 1514 4234 autor
1540 4179 1613 4234 non

444 4279 609 4374 loquitur
633 4280 680 4354 de
704 4278 789 4375 igne
814 4279 986 4375 praedicto
1011 4278 1237 4375 purgatorio,
1263 4278 1340 4352 imo
1364 4277 1411 4352 de
1435 4277 1520 4374 igne
1536 4278 1615 4354 ele-

446 4400 601 4477 mentari
627 4399 664 4473 in
686 4419 793 4493 spera
809 4419 895 4492 sua3
913 4399 1011 4493 quod
1030 4399 1118 4474 mihi
1137 4399 1282 4482 ridetur
1301 4397 1508 4491 ridiculum,
1526 4397 1613 4491 quis

445 4529 551 4612 poeta
582 4519 684 4614 ponit
711 4539 838 4593 aerem
872 4538 985 4612 supra
1017 4518 1127 4592 istum
1159 4516 1295 4614 ignem,
1322 4517 1420 4612 quod
1452 4537 1526 4592 non
1559 4524 1614 4592 ost

443 4640 612 4736 possibile
636 4661 703 4735 per
722 4647 908 4730 naturam,
926 4639 1012 4731 imo,
1032 4644 1073 4711 ut
1090 4637 1227 4715 videbis
1244 4639 1280 4712 in
1301 4657 1488 4734 processu,
1507 4644 1614 4732 poeto

505 4869 533 4932 ι’)
547 4869 580 4920 li.
595 4870 709 4920 madet.
1026 4868 1053 4927 ct
1068 4869 1100 4918 li.
1115 4868 1235 4933 henigne.

506 4947 534 5007 (⁸)
550 4946 580 4995 n
596 4959 655 5009 quo
670 4946 747 4999 diest.
1024 4944 1053 5006 d}
1070 4950 1125 5005 itt,
1141 4957 1174 4995 ex
1190 4949 1262 5008 parte
1278 4957 1333 4998 mr.

507 5026 536 5084 (⁵)
552 5028 605 5085 tit,
621 5023 749 5087 impdrrrit
763 5037 879 5074 mmm.
