4575 6842
724 961 795 1028 332
1113 971 1317 1028 coueuruu
1342 972 1508 1027 mnium

724 1119 815 1194 idest
847 1119 1041 1215 respondet
1074 1117 1267 1212 quaestioni
1304 1117 1434 1210 tacitae,
1470 1116 1555 1211 quia
1589 1122 1734 1211 poterat
1769 1117 1890 1192 statim

722 1240 847 1316 obiici:
876 1240 973 1316 unde
998 1245 1053 1314 est
1079 1239 1176 1333 quod
1203 1246 1278 1314 tam
1305 1238 1411 1334 pauci
1425 1231 1464 1330 (¹)
1490 1236 1710 1333 perveniunt
1739 1237 1786 1312 ad
1817 1257 1896 1312 coe·
1964 1260 1966 1263 ·

722 1361 813 1454 lum,
840 1359 869 1434 si
895 1359 946 1434 sic
964 1358 1181 1434 naturaliter
1196 1358 1417 1432 inclinantur
1433 1364 1471 1432 et
1490 1358 1700 1450 trahuntur,
1721 1364 1763 1431 ut
1779 1356 1897 1432 dicisf

723 1480 931 1574 Respondit,
959 1479 1057 1574 quod
1082 1481 1153 1554 lroc
1177 1485 1232 1554 est
1257 1477 1528 1554 accidentaliter
1552 1484 1590 1552 et
1613 1483 1748 1572 praeter
1775 1477 1895 1552 inteu-

724 1601 860 1676 tionem
887 1607 1050 1694 uaturae3
1076 1607 1114 1674 et
1139 1601 1208 1675 lroc
1233 1599 1389 1674 ostendit
1413 1619 1480 1693 per
1500 1596 1773 1674 similitudinem
1792 1598 1893 1691 artis,

724 1722 811 1818 quia
836 1722 920 1798 licet
946 1721 1047 1796 faber
1071 1721 1235 1796 intendat
1260 1719 1495 1795 introducere
1520 1718 1677 1793 formam
1702 1717 1838 1794 cultelli
1856 1717 1894 1792 in

724 1841 879 1936 ferrum,
905 1847 1028 1916 tamen
1054 1861 1127 1915 non
1154 1840 1239 1914 facit
1263 1840 1292 1914 si
1319 1839 1474 1915 materia
1496 1860 1569 1913 nou
1589 1846 1645 1914 est
1661 1839 1757 1914 bene
1773 1838 1894 1934 dispo·

723 1961 790 2035 sita
808 1960 854 2035 ad
875 1961 1122 2055 receptionem
1145 1960 1240 2034 illius
1260 1960 1400 2034 formae.
1418 1959 1552 2033 Ordina
1571 1959 1623 2032 sic
1639 1958 1801 2034 literam:
1829 1964 1893 2032 Ver

722 2077 831 2156 dote
864 2084 901 2154 io
932 2088 1110 2170 creatura,
1140 2081 1286 2175 scilicet,
1313 2079 1510 2173 rationalis,
1535 2079 1627 2154 idest
1651 2079 1774 2173 homo,
1805 2083 1834 2152 d
1846 2081 1895 2154 tro

719 2209 840 2297 potere
856 2205 894 2276 di
905 2205 1064 2295 piepure,
1084 2223 1107 2277 a
1127 2223 1239 2276 cursu
1259 2207 1371 2295 recto,
1392 2194 1463 2274 cosi
1474 2204 1590 2293 pinta,
1609 2203 1648 2273 io
1664 2203 1760 2274 αΙινα
1774 2207 1893 2292 purte,

670 2323 673 2331 “
722 2321 869 2416 scilicet,
903 2322 1041 2414 falsam,
1074 2320 1261 2395 fortuitam
1297 2319 1520 2413 felicitatem,
1550 2319 1646 2394 hanc
1676 2325 1894 2414 potestatem

722 2444 832 2518 habet
857 2449 1007 2536 propter
1032 2441 1189 2516 liberum
1208 2439 1508 2534 arbitriumque
1526 2439 1669 2513 nullum
1691 2439 1811 2512 maius
1827 2437 1895 2512 do-

724 2584 813 2635 num
842 2563 940 2636 fleus
964 2561 1063 2636 dedit
1088 2561 1238 2655 homini,
1263 2561 1359 2636 sicut
1383 2561 1460 2655 ipse
1483 2567 1592 2634 autor
1616 2560 1702 2636 dicit
1722 2559 1815 2634 infra
1832 2579 1895 2659 caf

723 2682 838 2777 pitulo
864 2682 894 2754 V
919 2681 1030 2756 huius
1055 2681 1150 2774 libri,
1174 2685 1206 2754 si
1229 2683 1368 2773 diparte
1390 2683 1439 2754 da
1463 2688 1581 2772 questo
1605 2701 1722 2770 corso,
1747 2679 1894 2773 scilicet,

723 2801 861 2876 ordinis
877 2801 1115 2897 providentiae
1128 2793 1167 2893 ζ’)
1180 2800 1374 2894 creatoris,
1388 2805 1493 2892 tator,
1507 2801 1583 2876 imo
1602 2799 1894 2895 frequentissime

725 2929 874 3016 propter
899 2921 1034 3016 aliquid
1059 2941 1239 3016 apparens
1264 2922 1415 3013 bouum,
1444 2914 1515 2994 cosi
1545 2942 1643 2994 come
1671 2926 1793 3016 [ortua
1821 2941 1895 2994 oon

683 3133 686 3140 Ι
722 3043 932 3132 succerda,
957 3041 1059 3136 idest,
1086 3062 1159 3116 nou
1190 3040 1371 3134 convenit,
1407 3043 1510 3114 molto
1534 3043 1617 3132 ptate
1645 3043 1894 3116 alfintenztuu

725 3164 802 3235 dett
816 3169 906 3252 orte,
934 3161 1035 3254 idest,
1063 3161 1223 3254 artificis,
1243 3157 1372 3253 perctd
1395 3163 1432 3234 tu
1456 3163 1605 3234 materie
1629 3157 1651 3235 e*
1672 3164 1783 3235 sorde
1799 3183 1824 3234 a
1840 3167 1893 3236 ri-

723 3285 889 3372 spendor,
917 3281 1018 3376 idest,
1047 3281 1265 3377 indisposita,
1291 3279 1512 3374 inobediens
1537 3280 1631 3356 sicut
1651 3281 1799 3375 quando
1819 3284 1894 3357 fer-

725 3421 808 3473 rum
835 3423 908 3476 non
934 3408 989 3476 est
1015 3402 1109 3477 bene
1134 3402 1302 3499 ignitum,
1319 3401 1369 3476 ita
1391 3402 1502 3476 lromo
1520 3421 1593 3475 non
1611 3401 1747 3497 ignitus
1763 3425 1894 3480 amore

723 3521 844 3596 divino
871 3543 944 3596 nou
972 3523 1165 3618 respondet
1190 3521 1308 3597 ordini
1333 3520 1517 3616 praedicto.
1544 3523 1587 3596 Et
1612 3522 1670 3597 hic
1696 3532 1782 3599 nota
1798 3525 1896 3600 bene

724 3642 822 3737 quod
848 3643 1035 3741 eleganter
1060 3642 1144 3718 dicit
1165 3643 1369 3718 chalcidius
1386 3662 1497 3737 super
1514 3643 1693 3718 Timaeum
1711 3645 1895 3719 Platonis:

723 3767 836 3836 omum
860 3767 980 3837 animo
994 3755 1031 3856 (³)
1054 3769 1232 3856 particeps
1256 3766 1445 3836 dimnimtir
1462 3767 1622 3837 naturali
1637 3767 1787 3857 oppetiti
1806 3785 1896 3838 sern-

717 3905 787 3978 per
819 3887 957 3976 quidem
991 3885 1119 3958 donum
1152 3887 1287 3976 expetit.
1321 3884 1430 3957 Errat
1464 3891 1588 3959 tamen
1622 3884 1819 3977 aliquando
1858 3886 1895 3962 in

718 4004 856 4100 judicio
882 4004 1065 4078 bonorum
1092 4009 1128 4079 el
1161 4005 1364 4096 malorum;
1390 4025 1475 4077 nam
1502 4003 1563 4078 alii
1595 4011 1763 4080 nostrum
1789 4025 1895 4079 sum·

723 4146 828 4199 mum
846 4125 986 4200 bonum
1004 4125 1229 4218 voluptatem
1248 4130 1387 4219 putant,
1404 4122 1464 4198 alii
1481 4123 1635 4218 divitias,
1648 4124 1708 4200 alii
1722 4126 1892 4222 gloriam,

723 4251 761 4319 et
785 4243 909 4320 omnia
937 4243 1052 4340 magis
1072 4265 1184 4338 quam
1204 4243 1322 4338 ipsum
1341 4263 1474 4318 verum
1493 4245 1644 4318 bonum.
1665 4245 1782 4320 liuius
1800 4246 1894 4322 ratio

723 4371 779 4439 est
804 4364 889 4458 quia
915 4363 1035 4438 statim
1063 4363 1139 4457 ipso
1165 4370 1251 4437 ortu
1277 4363 1446 4438 venimus
1462 4364 1500 4438 in
1519 4366 1642 4440 lucem
1659 4386 1745 4440 cum
1764 4367 1893 4442 dolore

723 4505 771 4559 er
795 4484 876 4559 loco
907 4483 1024 4558 calido
1050 4484 1086 4556 in
1118 4483 1305 4580 frigidum,
1329 4483 1412 4558 ideo
1437 4485 1559 4558 statim
1590 4486 1737 4562 solertia
1769 4487 1894 4562 obste-

723 4605 821 4679 tricis
846 4603 946 4678 fovet
972 4610 1098 4677 natum
1125 4625 1223 4697 aqua
1249 4603 1376 4696 calida,
1403 4625 1476 4698 qua
1503 4603 1621 4679 infans
1637 4605 1894 4684 coutinuode·
1937 4625 1941 4629 ’

723 4727 890 4818 lectatur,
916 4730 953 4798 et
986 4723 1036 4798 sic
1062 4723 1098 4798 in
1124 4724 1241 4818 prima
1267 4723 1410 4818 origine
1435 4723 1586 4818 percipit
1614 4724 1890 4802 delectationem

723 4843 951 4938 sensibilem;
977 4843 1106 4918 deiude
1132 4865 1268 4938 sugens
1302 4844 1359 4917 lac
1392 4841 1509 4939 magis
1542 4839 1665 4938 incipit
1695 4844 1891 4937 delectari5

785 5105 813 5167 ζ’)
828 5103 854 5154 S.
872 5103 946 5166 paucl
963 5087 1142 5167 pervenerunt.
1269 5101 1297 5165 (²)
1313 5107 1336 5163 l,
1354 5105 1519 5166 providentis.
1643 5105 1671 5167 ξ’)
1687 5110 1710 5166 t,
1726 5107 1833 5157 menae
