4575 6842
814 981 952 1040 murus
977 983 1140 1038 ruamus.
1492 969 1561 1039 3¹11

389 1149 431 1202 so
449 1130 509 1200 clre
525 1129 658 1216 duno,
675 1125 777 1220 idest,
795 1125 933 1221 aliquid
951 1145 1128 1222 magnum
1146 1124 1339 1221 ineffabile,
1357 1129 1417 1201 ele
1437 1130 1472 1202 ei
1487 1135 1566 1202 tru-

390 1256 487 1324 muta
511 1250 570 1321 da'
582 1249 694 1340 primi
717 1251 872 1338 concedi,
899 1246 1001 1341 idest,
1029 1252 1197 1322 removet
1224 1267 1289 1321 vos
1313 1269 1336 1324 a
1363 1250 1481 1343 prima
1503 1270 1567 1324 cc-

390 1369 552 1466 gniliune
578 1367 783 1460 huminum,
808 1369 983 1460 n‘spleude
1012 1371 1070 1442 nei
1101 1367 1256 1441 meanti
1286 1373 1410 1462 uspetti
1442 1374 1565 1462 vostri,

389 1489 453 1585 qui
479 1495 565 1562 sunt
589 1487 671 1582 plus
697 1507 810 1580 quam
837 1486 1007 1581 humani3
1030 1480 1119 1580 perd
1140 1508 1214 1560 non
1236 1491 1291 1582 sui
1311 1491 1438 1582 festino
1464 1511 1489 1562 u
1513 1495 1567 1565 ri-

391 1608 584 1697 membrur,
609 1605 711 1701 idest,
730 1606 848 1681 velun
863 1605 910 1680 ad
937 1606 1215 1704 refigurandum
1238 1615 1286 1702 te,
1304 1630 1364 1682 nea
1385 1601 1438 1683 eid
1455 1612 1517 1682 clte
1532 1618 1568 1685 tu

394 1731 442 1802 nei
464 1729 546 1819 dici,
562 1726 609 1802 de
635 1731 682 1821 te,
700 1725 847 1822 scilicet,
874 1727 973 1820 quod
1000 1727 1095 1802 luisti
1122 1727 1160 1802 in
1187 1730 1325 1805 mundo
1351 1730 1457 1827 virgo
1483 1751 1566 1805 mu·

290 1885 299 1896 ·
394 1846 497 1922 nialis
522 1846 661 1941 pulcra,
687 1845 830 1941 pudica,
857 1867 901 1920 or
926 1849 1094 1940 m’atera,
1123 1846 1226 1942 idest,
1252 1849 1403 1924 adiuvat
1435 1871 1496 1926 me
1521 1852 1568 1927 ad

395 1964 731 2063 recognoscendum
758 1971 806 2058 tc,
831 1957 861 2040 sl
885 1969 945 2040 ele
970 1963 1050 2042 m’d
1068 1962 1131 2060 piri
1157 1970 1277 2059 lutino,
1297 1969 1398 2065 idest,
1416 1969 1568 2066 facilius,

393 2090 602 2180 rumpurar,
628 2085 775 2180 scilicet,
802 2091 849 2162 te.

467 2212 529 2281 Μα
546 2207 676 2280 dimmi.
690 2207 762 2280 lsta
780 2211 835 2280 est
851 2206 958 2280 tertia
976 2227 1060 2300 pars
1077 2207 1271 2302 generalis,
1289 2207 1326 2282 in
1344 2230 1418 2303 qua
1435 2211 1570 2288 Dantes

393 2326 538 2401 discutit
563 2345 676 2400 unam
703 2324 958 2434 quaestionem,
985 2346 1070 2420 quae
1095 2326 1215 2401 uritur
1244 2347 1290 2402 ex
1319 2330 1439 2404 verbis
1464 2331 1569 2407 dictae

394 2445 592 2542 Picnardae,
605 2445 752 2541 scilicet,
768 2453 893 2521 utrum
909 2445 1116 2523 desiderent
1129 2448 1297 2523 altiorem
1312 2450 1447 2542 locum,
1466 2451 1568 2547 idest,

394 2567 574 2642 maiorem
609 2566 768 2664 gradum
797 2566 1040 2641 beatitudinis.
1076 2568 1170 2642 Petit
1202 2589 1313 2665 ergo:
1339 2574 1403 2644 Μα
1434 2573 1567 2663 elimari,

394 2686 497 2782 idest,
523 2685 587 2762 sed
612 2686 669 2761 dic
696 2685 783 2760 mihi
810 2705 919 2783 rogo:
946 2689 1014 2781 vei,
1039 2689 1099 2760 cle
1122 2691 1203 2760 stete
1228 2691 1288 2780 qui
1307 2693 1412 2785 felici,
1438 2690 1473 2764 in
1501 2691 1569 2766 ista
1597 2686 1600 2690 ⁴

395 2807 520 2883 intima
547 2813 652 2902 parte
667 2807 778 2899 lunae,
795 2808 989 2880 desiderate
1007 2809 1064 2879 eoi
1077 2800 1139 2898 piri
1159 2811 1232 2881 ulto
1248 2812 1338 2900 loco,
1356 2809 1449 2884 sicut
1461 2811 1569 2906 juxta

396 2934 560 3004 sanctam
587 2929 744 3021 Claram,
771 2946 857 3022 quae
876 2925 978 3000 sedet
994 2919 1103 3000 altius
1121 2926 1158 3000 in
1177 2927 1245 3002 isto
1262 2929 1392 3004 eudem
1414 2950 1571 3026 corpore

396 3050 506 3143 lunae,
532 3053 574 3122 ut
599 3047 731 3122 dicitur
755 3046 865 3141 paulo
890 3051 981 3142 post,
1005 3067 1071 3139 per
1099 3043 1162 3140 ptd
1194 3051 1329 3143 vedere,
1358 3048 1460 3146 idest,
1487 3072 1572 3145 pro-

397 3167 544 3243 fundius
570 3167 615 3242 dc
639 3166 838 3261 divinitate,
865 3165 903 3240 in
928 3187 1002 3261 qua
1027 3173 1082 3241 est
1109 3173 1185 3244 tuta
1211 3168 1371 3262 felicitas,
1390 3192 1410 3243 e
1429 3167 1572 3265 perpet

395 3291 494 3383 suren⁸
518 3290 652 3362 emim?
677 3287 764 3381 quia
790 3286 983 3362 amiciores
1011 3286 1088 3382 regi
1115 3295 1202 3361 sunt
1228 3287 1419 3363 viciniores
1436 3289 1515 3384 sibi,
1533 3296 1573 3366 et

398 3409 480 3504 plus
517 3408 637 3484 sciunt
673 3413 816 3483 secreta
841 3427 919 3480 sua.
952 3407 995 3480 Et
1024 3416 1178 3502 apparat
1209 3407 1323 3503 ipsam
1357 3408 1570 3484 l'iclrardam

397 3528 443 3605 ed
470 3528 764 3624 respondendum
780 3519 818 3620 (¹)
836 3547 922 3602 cum
942 3526 1075 3620 laelitia,
1093 3527 1234 3603 dicens:
1252 3534 1290 3602 et
1307 3529 1366 3603 illa
1384 3530 1572 3627 Picharda‚

397 3651 531 3723 serrise
543 3653 629 3742 pria
653 3670 702 3724 un
723 3669 828 3742 poco,
845 3647 891 3722 de
907 3647 1137 3742 simplicitate
1155 3650 1363 3743 querentis,
1381 3671 1448 3724 ceu
1465 3657 1573 3744 quelle

398 3773 490 3844 altre
505 3771 638 3864 umbre,
658 3769 746 3865 quia
765 3789 838 3842 nun
854 3768 978 3842 sulum
996 3768 1217 3860 Constantia,
1234 3769 1299 3844 sed
1318 3771 1428 3844 etiam
1448 3773 1573 3848 multae

399 3889 480 3966 aliae
507 3891 667 3988 virgines
693 3895 799 3966 crant
824 3887 872 3963 ibi
898 3889 935 3962 in
962 3888 1039 3983 pari
1058 3888 1198 3984 gradu3
1215 3891 1265 3962 du
1283 3893 1360 3962 indi
1375 3893 1424 3963 mi
1439 3895 1573 3985 rispose

402 4017 498 4085 tanto
523 4014 616 4102 lietu,
642 4031 715 4085 nun
741 4009 835 4084 sicut
861 4007 1047 4082 mundana
1074 4008 1220 4102 mulier,
1247 4029 1332 4102 quae
1358 4011 1575 4087 naturaliter

400 4130 537 4207 inridet
562 4129 795 4225 pulcritudini
820 4129 983 4222 alteriue,
1009 4133 1047 4204 et
1071 4129 1222 4203 alterius
1251 4135 1468 4205 ornamenta
1495 4153 1576 4208 me·

401 4252 493 4327 liora
505 4243 543 4345 (²)
556 4257 593 4327 et
605 4251 748 4326 cariora
761 4249 908 4346 appetit,
929 4251 981 4324 clr’
989 4252 1099 4345 arder
1112 4271 1230 4344 parea
1245 4254 1403 4345 demur,
1428 4253 1574 4351 scilicet,

403 4371 563 4447 caritatis
595 4372 776 4467 perfecte,
810 4375 869 4446 net
896 4374 1015 4464 primo
1041 4374 1137 4465 soce,
1172 4371 1319 4466 scilicet,
1350 4373 1447 4468 De03
1480 4376 1577 4451 unde

401 4490 488 4565 alibi
513 4490 550 4564 in
576 4492 645 4566 iste
670 4491 763 4565 libro
790 4490 925 4587 ligurat
940 4491 1059 4565 Deum
1081 4489 1118 4563 in
1139 4490 1278 4565 circulo
1299 4489 1423 4588 ignum
1442 4494 1502 4568 vel
1522 4493 1577 4568 di·

406 4617 524 4706 catur,
541 4614 600 4684 net
612 4613 731 4705 primo
745 4615 839 4706 soce,
857 4609 959 4705 idest,
980 4610 1015 4684 in
1033 4630 1189 4706 corpore
1214 4611 1324 4706 lunae,
1345 4605 1431 4687 n‘am
1452 4613 1577 4688 emnia

402 4751 558 4827 corpora
584 4731 745 4806 coelestia
771 4730 1002 4826 appellantur
1027 4730 1145 4827 ignea.
1172 4732 1275 4808 Unde
1296 4733 1486 4831 Virgilius:
1512 4740 1579 4808 Vos

402 4855 525 4926 eueni
547 4854 663 4944 ipnes:
683 4859 721 4926 ct
737 4851 942 4926 Heraclitus
963 4851 1107 4926 dicebat
1130 4853 1229 4946 quod
1249 4873 1378 4929 omnes
1394 4854 1449 4928 Dii
1470 4861 1577 4930 crant
1616 4890 1618 4894 v

466 5107 494 5172 (¹)
511 5107 542 5159 ll.
558 5109 759 5173 rependerem.
1009 5107 1038 5173 (¹)
1053 5113 1077 5170 t,
1093 5111 1222 5162 mundana
1237 5116 1264 5164 et
1281 5113 1389 5164 certum.
1417 5107 1420 5113 ⁴
