4575 6842
849 963 989 1020 caurus
1013 965 1159 1019 ramus.
1518 949 1589 1018 303

415 1108 536 1203 tertio,
554 1107 641 1202 quia
667 1127 859 1201 nunquam
882 1107 1110 1202 fulminatur,
1136 1107 1186 1182 ita
1212 1107 1312 1181 nulla
1330 1107 1396 1200 vis,
1417 1112 1589 1203 potestas,

415 1229 476 1303 vel
493 1234 656 1304 vetustas
673 1232 793 1323 potest
809 1227 934 1303 delere
950 1228 1086 1303 lamam
1107 1227 1275 1300 istorum.
1289 1227 1333 1299 Et
1350 1234 1448 1320 nota,
1462 1227 1591 1321 lector,

417 1349 516 1443 quod
547 1349 667 1424 solum
702 1349 777 1422 duo
812 1366 951 1444 genera
985 1347 1179 1422 hominum
1212 1365 1388 1420 coronam
1421 1346 1588 1422 lauream

415 1468 737 1564 promerebantur,
763 1467 910 1563 scilicet,
936 1467 1116 1563 principes
1133 1465 1402 1561 triumphantes
1419 1471 1457 1549 et
1472 1474 1591 1561 poetae

416 1588 634 1664 scribentes:
661 1608 706 1663 er
739 1608 815 1684 quo
845 1587 1020 1685 colligere
1050 1595 1155 1684 potes
1187 1586 1286 1682 quod
1318 1586 1419 1661 nulla
1452 1587 1590 1661 artium

416 1710 484 1784 init
510 1731 674 1804 unquam
708 1715 850 1784 tantum
884 1710 1062 1785 honorata
1095 1715 1136 1783 ut
1165 1708 1295 1805 poesis.
1327 1708 1421 1782 Nam
1451 1707 1591 1803 antiqui

294 1931 300 1942 1
417 1828 669 1924 sapientissimi
696 1829 816 1924 primo
840 1828 964 1926 graeci,
984 1829 1116 1904 deinde
1133 1827 1277 1904 romani
1294 1828 1456 1904 cultores
1473 1827 1592 1902 virtu·

272 2007 275 2014 Δ
418 1955 511 2044 tum,
537 1949 787 2045 scientiarum,
812 1950 951 2046 legum,
977 1970 1126 2024 morum
1158 1953 1196 2024 et
1225 1947 1394 2024 omnium
1427 1947 1593 2024 laudabi-

348 2131 349 2136 ι
419 2069 508 2145 lium
535 2068 720 2145 bonorum
746 2069 947 2144 voluerunt
973 2075 1014 2144 ut
1039 2075 1158 2166 poete
1183 2069 1262 2164 pari
1292 2068 1447 2164 premio
1474 2069 1592 2143 hono-

344 2285 349 2293 Ι
419 2196 592 2266 rarentur
630 2209 716 2264 cum
751 2189 972 2286 principibus
999 2189 1209 2267 victoribus.
1248 2189 1329 2264 Non
1367 2209 1458 2285 ergo
1495 2189 1593 2264 dicat

417 2310 568 2406 aliquis:
581 2316 627 2418 'et
644 2309 742 2386 unde
755 2319 810 2386 est
827 2312 926 2406 quod
940 2312 1018 2386 haeo
1031 2310 1182 2386 scientia
1199 2315 1255 2386 est
1275 2309 1384 2384 hodie
1399 2309 1450 2385 ita
1467 2310 1595 2406 negle·
1743 2381 1746 2390 .

417 2437 486 2526 cta,
501 2431 567 2506 nisi
589 2432 676 2526 quia
689 2433 764 2508 visa
786 2439 841 2508 est
859 2421 1006 2527 inutilis,
1021 2431 1242 2508 inhonestat
1266 2432 1375 2506 Certe
1387 2431 1458 2506 hoc
1470 2433 1591 2507 solum

422 2550 506 2626 lecit
530 2552 686 2628 avaritia
710 2559 748 2630 et
772 2553 918 2651 ignavia
944 2551 1220 2645 modernorum,
1239 2553 1326 2647 quia
1346 2573 1446 2628 nunc
1471 2555 1593 2628 solum

421 2677 574 2746 vacatur
598 2673 795 2748 commodo
819 2672 1012 2768 lucrativo,
1030 2672 1129 2748 unde
1149 2674 1247 2769 viget
1267 2672 1459 2748 decretalis
1476 2674 1593 2750 hono-

423 2799 527 2867 ratur
552 2799 590 2870 et
613 2795 834 2869 sublimatur
854 2814 921 2890 per
938 2793 1157 2889 sacerdotes,
1174 2793 1313 2888 dequo
1331 2799 1439 2889 poeta
1460 2794 1595 2877 Dantes

422 2915 663 3009 conqueritur
681 2914 739 2989 hic
759 2919 796 2989 et
820 2913 916 2989 alibi.
935 2913 1094 2990 Ulterius
1110 2915 1197 2990 volo
1214 2919 1251 2989 te
1267 2914 1362 2990 scire
1379 2915 1478 3009 quod
1498 2915 1595 2990 sicut

424 3034 552 3109 laurus
572 3035 684 3110 arbor
702 3033 829 3108 Puoeui
853 3033 1011 3121 dabatur
1032 3033 1149 3129 poetis
1174 3034 1210 3106 in
1236 3032 1430 3128 praemium
1453 3035 1595 3111 studio·

423 3175 520 3247 rum,
547 3153 597 3228 ila
621 3153 760 3230 hedera
776 3154 889 3230 arbor
909 3154 1041 3229 Bacchi
1059 3152 1256 3247 aliquando
1275 3152 1434 3228 dabatur
1454 3155 1594 3232 eisdem

422 3274 549 3370 poetis,
575 3295 660 3369 quae
686 3279 741 3350 est
770 3274 884 3350 calida
909 3273 1016 3350 valde
1041 3278 1078 3351 et
1109 3272 1319 3349 firmissime
1343 3274 1506 3352 adhaeret
1531 3296 1595 3350 ar-

422 3393 574 3470 boribus
599 3399 637 3470 et
661 3393 779 3468 muris
797 3415 890 3488 quos
908 3400 1027 3470 rectos
1041 3387 1079 3486 (¹)
1097 3399 1209 3468 tenet.
1228 3394 1289 3467 Est
1308 3399 1434 3470 antem
1461 3395 1599 3472 hedera

423 3534 469 3590 ex
498 3535 572 3589 una
598 3521 703 3610 parte
719 3514 862 3611 pallida,
880 3514 979 3609 quod
1001 3513 1180 3610 significat
1204 3513 1380 3608 pallorem
1400 3520 1597 3609 poetarum

424 3657 471 3713 ex
489 3634 603 3710 nimio
621 3634 753 3731 studio,
771 3655 816 3710 ex
835 3635 951 3710 altera
968 3633 1104 3728 viridis,
1122 3634 1222 3728 quod
1239 3634 1418 3730 significat
1434 3635 1599 3732 viridita7

424 3761 498 3832 tem
526 3754 644 3831 iamae.
671 3754 774 3830 Unde
800 3753 998 3828 Martianus
1028 3753 1174 3848 Capella
1199 3753 1237 3828 in
1263 3753 1357 3830 libro
1387 3755 1435 3831 de
1466 3755 1601 3851 nuptiis

424 3875 593 3951 Mercurii
626 3873 729 3968 dicit,
765 3872 864 3968 quod
902 3875 1102 3968 Homerus,
1135 3871 1327 3969 Virgilius,
1364 3874 1497 3969 Linus,
1530 3876 1596 3950 Or·

425 3997 552 4093 pireus,
570 4002 608 4071 et
625 3997 783 4069 liusaeus
805 4000 910 4069 erant
935 3994 1054 4068 ornati
1073 3993 1230 4069 hedera:
1256 3993 1414 4072 dabatur
1431 4001 1468 4069 et
1488 3994 1598 4070 tertio
1621 3989 1625 3998 ’

425 4117 493 4192 alia
513 4137 650 4192 corona
668 4115 795 4211 poetiS,
813 4113 959 4209 scilicet,
978 4134 1025 4189 ex
1045 4114 1204 4209 myrtino,
1222 4133 1307 4208 quae
1326 4119 1382 4188 est
1398 4115 1512 4188 arbor
1529 4111 1600 4190 lle-

426 4236 524 4312 neris
544 4237 590 4312 ad
612 4234 870 4310 insinuandum
893 4235 1054 4311 calorem
1074 4234 1419 4330 ingeniipoetarum
1438 4240 1476 4308 et
1493 4219 1600 4310 amo-

427 4376 505 4430 rem
532 4356 596 4450 qui
620 4375 766 4450 semper
782 4345 819 4447 (²)
838 4353 955 4429 lervel
981 4355 1018 4430 in
1042 4354 1253 4450 pectoribus
1278 4374 1427 4449 eorum,
1446 4355 1504 4429 vel
1523 4355 1599 4430 cla-
1632 4449 1635 4454 Ι

372 4537 374 4542 ,
429 4475 574 4552 ritatem
599 4481 807 4572 poetarum,
833 4474 920 4568 quia
945 4476 1068 4551 Venus
1094 4482 1150 4550 est
1175 4475 1374 4551 clarissima
1399 4476 1515 4571 stello,
1543 4477 1603 4553 vel
1685 4459 1689 4464 ’

429 4594 515 4688 quia
541 4603 647 4690 poeta
674 4594 796 4670 divino
823 4595 984 4700 quodam
1011 4594 1141 4691 spiritu
1173 4594 1435 4690 inflammatur,
1470 4604 1511 4670 ut
1546 4603 1605 4674 te-

427 4721 545 4789 statur
562 4715 711 4790 Tullius.
730 4714 785 4790 nd
802 4715 944 4790 literam
968 4735 1076 4812 ergo:
1097 4715 1233 4790 [lantes
1250 4735 1297 4790 ex
1318 4737 1454 4812 magna
1471 4717 1605 4794 fiducia

429 4834 486 4908 sui
516 4835 651 4932 ingenii
682 4840 873 4929 tamquam
903 4841 1012 4931 poeta
1048 4856 1205 4932 magnus
1237 4837 1415 4931 promittit
1450 4839 1605 4936 Apollini

491 5020 518 5081 ι’)
534 5021 564 5070 E.
582 5025 668 5071 metor
683 5021 781 5071 dicunt.
797 5021 837 5070 Ex
853 5021 904 5070 hoc
920 5027 1017 5072 aulem.

489 5099 517 5162 (¹)
533 5098 558 5149 S.
575 5113 590 5149 o
607 5099 638 5150 li.
654 5111 757 5162 semper
773 5098 919 5150 terbuit-
929 5104 951 5160 l,
970 5099 1073 5150 iorruit.
