4575 6842
830 962 969 1019 caurus
993 963 1164 1019 ocrlvus.
1521 952 1588 1020 501

414 1127 526 1200 seam
539 1106 710 1201 quamvis
726 1106 825 1181 enim
843 1107 979 1183 luerint
995 1107 1162 1203 concepti
1179 1127 1227 1181 ex
1244 1104 1374 1183 eodem
1392 1116 1590 1205 spermate,

418 1234 542 1303 tamen
567 1227 719 1303 luerunt
746 1228 814 1304 sibi
844 1227 1017 1303 contrarii
1042 1233 1243 1323 antequam
1269 1235 1519 1326 nascerentur,
1548 1238 1588 1304 ut

414 1354 514 1444 patet
539 1348 670 1424 ultimo
687 1349 847 1445 capitulo
872 1348 984 1423 buius
1008 1347 1110 1443 libri3
1136 1355 1174 1423 et
1200 1348 1277 1423 sola
1296 1348 1448 1425 variatio
1465 1350 1587 1426 zenitb

414 1475 532 1564 potest
557 1489 639 1545 esse
663 1490 776 1544 causa
808 1475 918 1543 tantce
947 1466 1175 1543 diversitatis.
1210 1468 1381 1545 Similiter
1406 1470 1587 1545 Romulus

415 1597 452 1665 et
476 1590 616 1664 Remus
650 1589 801 1663 luerunt
834 1588 965 1665 iratres
991 1588 1150 1685 gemelli,
1177 1588 1288 1665 ambo
1315 1589 1383 1665 viri
1413 1588 1527 1665 furtes
1552 1597 1589 1666 et

414 1711 566 1805 strenui,
599 1717 637 1785 et
662 1709 846 1806 praecipue
875 1709 1056 1783 Romulus
1086 1708 1345 1805 magnanimus
1377 1716 1414 1784 et
1446 1710 1590 1807 magni-

416 1830 518 1925 ficus,
545 1850 612 1906 rex
646 1830 763 1905 victor
798 1849 942 1925 regum,
974 1828 1069 1904 sicut
1100 1829 1320 1905 dictumest
1352 1850 1464 1925 supra
1490 1830 1590 1927 capi·

415 1951 492 2024 tulo
518 1949 574 2045 Vl,
599 1955 785 2025 ettamen
813 1948 886 2024 nati
912 1955 999 2023 sunt
1023 1970 1070 2024 er
1098 1954 1173 2023 tam
1200 1948 1261 2022 vili
1286 1954 1392 2044 patre
1418 1950 1518 2043 quod
1543 1951 1589 2025 ad

414 2072 603 2147 celandam
630 2070 817 2145 infamiam
852 2069 969 2165 turpis
1002 2069 1171 2145 adulterii
1197 2069 1335 2143 dictum
1362 2075 1479 2145 estet
1506 2090 1590 2145 ere·

415 2192 533 2267 ditum
551 2192 675 2288 vulgo,
696 2191 795 2285 quod
821 2198 927 2266 erant
952 2190 1015 2264 lilii
1040 2190 1279 2287 potentissimi
1295 2184 1331 2283 (¹)
1350 2190 1427 2285 Dei,
1454 2190 1589 2266 scilicet

414 2313 546 2390 llartis.
580 2313 672 2387 Dicit
703 2334 817 2409 ergo:
852 2334 871 2387 e
902 2316 980 2387 men
1009 2316 1168 2405 Quirino,
1194 2312 1296 2407 idest,
1324 2312 1505 2386 Romulus
1535 2312 1585 2387 sic

412 2434 529 2509 dictus
554 2433 641 2528 quia
658 2434 823 2507 hastatus
848 2433 987 2508 solebat
1013 2432 1205 2528 incedere;
1225 2454 1309 2509 nam
1332 2432 1446 2527 quiris
1465 2432 1502 2506 in
1520 2432 1588 2507 lin-

413 2575 487 2651 gua
512 2553 638 2629 sabina
666 2554 764 2628 idem
790 2552 968 2647 estquod
1001 2554 1105 2629 basta
1117 2578 1128 2647 ;
1161 2555 1210 2627 da
1234 2544 1264 2626 si
1290 2555 1339 2625 nil
1357 2554 1487 2645 padre,
1515 2552 1585 2627 sci-
1625 2610 1628 2615 .

412 2672 495 2748 licet
519 2694 566 2749 ex
591 2672 782 2749 sacerdote
814 2674 887 2768 vili,
921 2674 1050 2769 otioso,
1083 2674 1146 2749 ubi
1180 2674 1360 2749 Romulus
1393 2674 1461 2747 luit
1486 2673 1589 2748 belli-

412 2814 532 2888 cosus,
557 2794 754 2889 inquietus,
779 2797 840 2869 cte
863 2798 1076 2883 strandoe
1102 2800 1238 2889 Mearm
1264 2792 1328 2869 sed
1354 2814 1443 2869 vere
1470 2795 1588 2889 putuit

411 2914 482 2989 dici
506 2914 601 2989 lilius
626 2916 760 3009 Martis,
786 2915 873 3009 quia
898 2915 1052 2992 bellator
1078 2916 1294 2991 victoriosus
1321 2921 1358 2991 et
1389 2922 1499 2990 autor
1522 2936 1588 3011 pu·

413 3035 488 3130 puli
512 3034 673 3111 bellicosi
698 3036 851 3111 romani.
879 3037 955 3111 Hoc
980 3036 1092 3111 etiam
1118 3038 1244 3113 lictum
1271 3044 1326 3112 est
1351 3036 1398 3111 ad
1418 3035 1587 3111 animan-

410 3155 501 3231 dum
527 3157 705 3258 populum
734 3157 782 3233 ad
816 3158 991 3259 viptutem
1018 3158 1255 3253 tortitudinis3
1287 3158 1351 3233 sed
1383 3157 1478 3231 sicut
1504 3156 1587 3231 ficte

411 3284 519 3352 natus
544 3282 600 3351 est
624 3298 672 3352 er
698 3278 785 3372 Dee,
817 3278 867 3352 ita
901 3278 989 3377 ticle¹
1015 3277 1133 3354 lactus
1165 3284 1219 3353 est
1253 3279 1351 3353 Deus
1377 3283 1458 3373 post
1485 3296 1587 3351 mor-

410 3407 495 3476 tem.
509 3403 722 3473 -Nutura
749 3400 814 3475 llic
837 3400 990 3475 Carolus
1015 3399 1173 3475 ostendit
1198 3399 1383 3495 quomodo
1407 3398 1504 3474 dicta
1521 3418 1588 3472 na-

410 3526 494 3594 tura
531 3519 688 3596 coelestis
728 3518 837 3595 vincit
875 3525 1048 3594 naturam
1086 3521 1299 3613 humanam.
1334 3519 1378 3593 Et
1407 3518 1454 3594 ad
1481 3516 1587 3593 intel-

411 3640 549 3715 lectum
566 3638 677 3715 buius
697 3638 812 3713 literae
829 3645 885 3713 est
900 3638 995 3713 bene
1013 3640 1226 3735 notandum,
1246 3639 1344 3734 quod
1361 3639 1445 3714 lieet
1462 3637 1586 3711 anima

410 3757 619 3855 generantis
643 3757 810 3834 infundat
836 3758 1011 3833 virtutem
1035 3778 1142 3833 suam
1170 3780 1254 3853 qnae
1273 3767 1328 3833 est
1349 3759 1384 3833 in
1403 3762 1587 3854 spermate

409 3880 457 3954 ad
482 3878 739 3957 formationem
764 3878 838 3974 lilii,
866 3899 938 3954 non
967 3886 1092 3955 tamen
1121 3877 1183 3954 dat
1209 3879 1435 3955 intellectum
1463 3885 1500 3953 et
1526 3898 1587 3953 ra-

411 4001 559 4095 tionem,
578 4000 665 4096 quia
686 4000 796 4076 datur
821 4002 868 4075 ab
894 4005 1019 4094 extra3
1046 4007 1084 4075 et
1104 4006 1159 4074 est
1181 4020 1239 4075 res
1257 4006 1436 4095 separata,
1455 3999 1492 4073 in
1511 4020 1585 4094 qua

411 4128 466 4197 est
492 4122 661 4197 voluntas
687 4128 725 4197 et
749 4121 898 4197 libertas
922 4121 1075 4215 arbitrii,
1101 4141 1168 4217 per
1194 4142 1307 4216 quam
1339 4120 1434 4195 filius
1467 4126 1585 4215 potest

410 4242 638 4339 degenerare
662 4264 685 4318 a
710 4250 815 4338 patre
841 4242 877 4317 in
904 4241 1040 4317 virtute
1066 4248 1104 4317 et
1129 4242 1306 4336 muribus,
1332 4240 1447 4315 immo
1474 4238 1584 4314 etiarn

410 4382 507 4460 saepe
532 4359 731 4459 degenerat
756 4362 794 4435 in
819 4361 1073 4458 complexione
1097 4362 1291 4459 corporali,
1318 4361 1500 4456 quianon
1526 4380 1585 4433 so·

410 4483 488 4557 lum
515 4488 619 4579 pater
645 4488 799 4579 generat
837 4483 965 4579 lilium,
1001 4484 1067 4559 sed
1105 4484 1221 4559 virtus
1238 4475 1274 4577 ς’)
1301 4482 1449 4559 suliset
1475 4482 1585 4557 totius

408 4604 501 4681 coeli.
520 4604 612 4680 Dicit
632 4624 722 4703 ergo
748 4603 785 4677 in
811 4604 935 4679 litera:
962 4608 1103 4679 Natura
1118 4612 1303 4698 pmuatu,
1323 4625 1435 4700 quam
1456 4603 1581 4699 appel·

410 4726 461 4801 lat
484 4730 699 4821 generatam
717 4725 765 4799 ad
781 4724 1025 4799 differentium
1045 4731 1188 4801 naturae
1219 4725 1386 4821 coelestis,
1405 4744 1489 4819 quae
1515 4723 1582 4799 luit

410 4850 535 4919 creata
558 4845 606 4921 de
632 4844 741 4920 nihilo
768 4844 979 4920 immediate
1002 4866 1026 4920 a
1051 4847 1128 4922 Deo
1141 4836 1192 4942 (³),
1213 4852 1253 4922 ut
1273 4848 1352 4943 jam
1379 4844 1495 4941 patuit
1520 4864 1583 4918 ea-
1724 4858 1728 4866 '

471 5089 498 5152 (¹)
514 5093 538 5152 l,
555 5090 675 5155 potentis
801 5089 830 5156 (¹)
847 5096 870 5153 t,
887 5090 992 5144 virtute.
1118 5091 1193 5156 (ἾΕ.
1211 5094 1243 5143 ab
1259 5091 1430 5157 omnlpotentl
1446 5091 1510 5142 ileo.
