4575 6842
705 972 844 1033 cartre·
869 974 1083 1031 remesarius
1108 973 1251 1028 ramus.
1494 961 1562 1029 231

394 1116 540 1215 scilicet,
565 1116 789 1217 temporalis,
807 1118 886 1197 sive
910 1118 1055 1211 mulier,
1073 1117 1152 1193 sive
1167 1117 1335 1213 dignitas,
1353 1119 1430 1193 sive
1446 1120 1567 1193 scien-

394 1241 454 1336 tia,
479 1243 592 1315 docco
615 1242 681 1335 pot
708 1246 829 1313 &aare
853 1244 885 1313 tr
907 1242 966 1313 nel
988 1258 1052 1313 suo
1077 1240 1181 1329 disto,
1207 1238 1309 1332 idest,
1340 1238 1561 1314 desiderium

392 1366 430 1437 et
446 1381 628 1455 amorem,
644 1361 719 1436 so’l
731 1360 1034 1453 concupiscere,
1060 1357 1159 1452 quod
1185 1357 1232 1433 de
1257 1378 1319 1432 me
1343 1352 1563 1453 habebas,sl

394 1484 419 1555 o·
439 1472 541 1577 sollio
559 1500 628 1573 par
652 1480 690 1553 to
715 1476 788 1553 urio
811 1484 936 1573 nuto,
965 1477 1113 1573 quaudo
1137 1477 1233 1552 lacta
1253 1498 1336 1552 sum
1362 1486 1509 1554 mortua
1527 1486 1566 1554 et

395 1601 561 1697 neglecta
589 1598 663 1675 tibi.
676 1603 823 1675 -llera
855 1598 920 1675 llic
935 1591 973 1691 (¹)
1004 1598 1151 1673 Beatrix
1180 1606 1361 1694 aggravat
1390 1598 1565 1673 delictum

396 1725 524 1816 poetae,
539 1718 602 1814 qui
614 1719 731 1795 semel
742 1718 918 1815 deceptus
934 1718 1090 1795 debebat
1103 1716 1318 1813 resipiscere
1335 1726 1373 1793 et
1388 1741 1464 1793 non
1480 1741 1567 1814 per-

397 1840 543 1915 mittere
566 1859 608 1915 se
630 1838 788 1934 amplius
813 1836 938 1933 decipi.
967 1836 1059 1911 Dicit
1088 1857 1179 1935 ergo
1208 1838 1410 1933 procedens
1435 1839 1473 1913 in
1498 1860 1567 1913 sua

395 1960 665 2055 increpatione:
704 1966 778 2033 Boo
812 1962 839 2033 a·
868 1961 993 2033 donem
1028 1962 1127 2033 door
1158 1980 1254 2050 suso,
1284 1959 1387 2053 idest,
1420 1961 1566 2058 erigere

397 2087 433 2155 te
465 2100 488 2155 a
519 2080 675 2155 terrenis
708 2078 841 2153 infimis
874 2079 922 2153 ad
958 2078 1120 2154 caelestia
1157 2079 1243 2173 alta,
1277 2081 1465 2153 deauco
1498 2102 1567 2173 nco,

243 2184 246 2192 Δ
396 2199 498 2293 idest,
517 2200 688 2294 exemplo
709 2198 794 2293 mei,
813 2198 991 2274 veniendo
1008 2205 1089 2294 post
1106 2219 1169 2274 me
1184 2220 1269 2292 quaa
1285 2200 1523 2275 ascenderam
1541 2222 1564 2275 a

394 2340 506 2399 carne
529 2318 577 2393 ad
602 2319 781 2414 spiritum,
799 2320 859 2393 cde
883 2340 956 2393 non
980 2340 1045 2392 ero
1056 2313 1121 2411 ptri
1141 2322 1222 2410 tole,
1242 2320 1329 2415 quia
1349 2320 1443 2394 iacta
1461 2340 1565 2395 eram

394 2440 622 2515 immortalis.
640 2439 760 2534 Aliqui
780 2446 903 2515 tannen
928 2445 1134 2535 exponunt:
1162 2460 1248 2535 quae
1268 2461 1462 2517 noueram
1483 2464 1567 2517 arn-

397 2561 491 2655 plius
508 2560 648 2654 Thales,
667 2559 730 2653 qui
749 2559 816 2634 luit
832 2560 976 2654 primus
991 2559 1038 2634 de
1054 2566 1193 2654 septem
1212 2560 1446 2654 sapientibus,
1465 2561 1564 2656 quod

396 2688 487 2777 puto
522 2680 738 2774 ridiculum;
774 2701 840 2773 per
870 2683 904 2753 lo
930 2683 1048 2771 primo
1085 2684 1206 2772 suad,
1245 2680 1347 2774 idest,
1385 2681 1500 2756 ictum
1531 2689 1570 2757 et

398 2800 683 2896 percussionem,
701 2803 787 2874 delle
814 2820 893 2873 cosa
914 2802 1051 2893 salma,
1074 2820 1159 2894 quae
1188 2822 1263 2875 non
1291 2810 1441 2877 serrant
1467 2803 1567 2896 quod

400 2920 616 3017 promittunt
631 2910 681 3012 (²),
708 2920 847 3016 utiam
873 2919 1010 2994 dictum
1032 2927 1103 3015 est3
1127 2920 1236 2997 etita
1261 2941 1283 2996 e
1307 2927 1435 2996 oontra
1460 2943 1570 2998 amor

399 3040 556 3117 aliarum
572 3039 770 3115 mulierum
789 3060 860 3115 non
875 3040 1032 3115 debebat
1045 3040 1194 3115 trahere
1209 3047 1247 3115 te
1264 3042 1450 3117 deorsum.
1465 3043 1569 3119 Unde

398 3160 500 3237 dicit:
526 3183 548 3233 o
570 3163 790 3254 porpoletto5
816 3160 883 3235 ista
909 3162 977 3235 luit
997 3161 1200 3256 juvencula
1218 3162 1322 3259 virgo
1348 3163 1566 3240 decivitate

397 3282 555 3375 Lucana,
581 3280 687 3354 cuius
711 3300 841 3357 amore
861 3288 989 3376 captus
1006 3287 1061 3357 est
1080 3282 1278 3377 aliquando
1298 3290 1379 3377 post
1405 3291 1564 3359 mortem

397 3400 642 3477 destrictam
669 3407 786 3495 potest
812 3400 960 3497 intelligi
987 3401 1033 3475 de
1058 3400 1208 3477 scientia
1226 3402 1366 3498 poetica
1387 3424 1472 3497 quoe
1490 3424 1570 3478 ma-

398 3524 496 3597 xime
514 3522 641 3617 pulcra
654 3527 690 3596 et
706 3521 928 3597 delectabilis
941 3521 1115 3617 competit
1126 3522 1352 3617 juvenilibus
1363 3514 1420 3615 (ῆι
1435 3545 1457 3595 o
1471 3527 1569 3597 oltra

397 3632 530 3733 oundd,
561 3642 662 3737 idest,
693 3642 764 3717 alia
797 3642 930 3717 mulier
960 3662 1065 3737 vana,
1093 3643 1150 3718 vel
1185 3642 1341 3740 dignitas
1375 3664 1481 3737 vana,
1509 3645 1570 3719 vel

398 3762 546 3838 scientia
573 3782 680 3856 vana,
700 3782 766 3835 coa
782 3753 813 3835 si
831 3762 935 3837 drove
953 3784 1030 3854 uso,
1048 3762 1135 3856 quia
1157 3783 1290 3857 parum
1311 3763 1422 3838 durat
1450 3762 1572 3837 omnis

398 3882 515 3980 gloria
539 3882 702 3957 humana
728 3881 838 3956 etiam
864 3902 949 3974 quae
970 3880 1116 3956 videtur
1132 3881 1345 3976 durabilior,
1367 3904 1439 3956 oon
1460 3886 1486 3956 o·
1505 3886 1570 3957 do—

398 4024 463 4079 ocu
486 4022 625 4095 pruoor
649 4004 814 4094 lopeooe
837 4004 874 4075 tn
898 4004 1011 4094 mado,
1038 4002 1139 4095 idest,
1166 4023 1241 4075 non
1265 4002 1422 4077 debebat
1447 4002 1571 4098 depri-

402 4143 505 4199 mere
529 4122 606 4197 alas
631 4129 714 4197 tuas
739 4122 786 4197 ad
811 4122 983 4199 interiora
1007 4119 1053 4197 ad
1079 4122 1289 4217 ponendum
1311 4123 1468 4217 spemin
1488 4122 1570 4215 illis,
1599 4207 1603 4213 ,

267 4325 270 4331 ,
399 4248 449 4319 ud
472 4250 628 4337 aspcttar
650 4239 711 4337 piri
735 4244 838 4336 culpi,
856 4242 943 4338 quia
969 4264 1044 4317 una
1068 4241 1270 4317 adversitas
1289 4250 1327 4318 et
1347 4242 1487 4317 iallacia
1505 4243 1570 4317 de-

399 4365 537 4440 buisset
562 4364 733 4439 sufficere
748 4351 784 4455 (⁴)
811 4362 858 4438 ad
884 4362 1111 4438 reddendum
1131 4368 1170 4437 te
1186 4368 1350 4437 cautum.
1369 4364 1414 4436 Et
1438 4362 1571 4436 confir·

401 4490 477 4559 mat
500 4483 639 4558 dietum
664 4504 776 4558 suum
803 4485 972 4578 exemplo
996 4482 1075 4558 avis
1105 4504 1190 4576 quae
1219 4484 1374 4580 parvula
1399 4505 1472 4558 non
1498 4484 1571 4558 cito

399 4605 457 4681 vel
482 4604 603 4679 statim
631 4604 720 4679 vitat
746 4603 900 4697 insidias,
923 4602 986 4677 sed
1006 4603 1084 4678 avis
1103 4610 1250 4678 matura
1269 4603 1333 4677 sic.
1352 4603 1445 4679 llicit
1461 4624 1570 4700 ergo:

400 4744 515 4799 cucco
540 4728 734 4816 cupelletto,
761 4725 966 4818 inexperta,
993 4744 1077 4816 quae
1111 4724 1223 4799 habet
1256 4745 1388 4819 parvas
1413 4745 1570 4819 pennas,

400 4852 533 4939 ospotto
561 4848 627 4918 due
655 4850 736 4934 otta,
761 4843 908 4935 scilicet,
941 4842 1196 4936 percussiones
1224 4850 1423 4938 antequam
1457 4843 1572 4941 fugiat

462 5030 490 5093 (¹)
507 5030 537 5081 Β·
554 5027 605 5081 ffic
621 5036 696 5093 poeta
712 5029 775 5079 dicit
791 5028 861 5093 quod
877 5028 991 5079 Beatrix.
1116 5028 1143 5089 (¹)
1162 5034 1214 5091 lll,
1232 5032 1385 5095 promittere
1401 5032 1529 5083 rideatur.

466 5106 701 5170 [illituum
1116 5105 1348 5169 (ursanum
