4575 6842
693 968 765 1034 lld
1084 975 1289 1033 conburunt
1314 977 1481 1031 rnnnorsr

692 1121 771 1195 uuit
796 1120 864 1196 uisi
888 1120 1119 1216 dispensandi
1145 1126 1374 1216 potestatem,
1394 1127 1435 1194 ut
1454 1118 1506 1194 ait
1524 1118 1683 1195 Seneca:
1707 1118 1775 1193 luit
1791 1120 1866 1195 cle-

691 1240 938 1317 mentissimus
964 1260 1075 1337 super
1100 1259 1249 1335 omnes;
1271 1240 1369 1315 unde
1386 1239 1525 1313 Tullius
1544 1239 1630 1315 dicit
1647 1259 1734 1314 eum
1753 1238 1867 1313 simil-

690 1362 821 1436 limum
847 1362 924 1438 Deo
950 1361 987 1435 in
1012 1361 1226 1456 clementia;
1254 1360 1352 1436 unde
1368 1360 1594 1457 Augustinus
1611 1360 1648 1433 in
1661 1359 1805 1436 decimo
1822 1358 1868 1433 de

690 1482 843 1558 Ciuitate
860 1482 926 1558 liei
943 1481 1045 1556 dicit:
1063 1481 1197 1557 Gaium
1215 1482 1411 1577 Gaesarem,
1429 1481 1493 1575 qui
1509 1480 1657 1557 civilem
1677 1480 1866 1555 victoriam

691 1604 893 1679 clementer
919 1603 1095 1696 exercuit,
1122 1602 1271 1697 quidam
1299 1608 1487 1677 senatores
1513 1602 1582 1677 sub
1610 1602 1730 1697 specie
1755 1602 1867 1677 liber-

693 1723 776 1799 tatis
800 1723 1083 1817 interfecerunt3
1110 1723 1179 1797 luit
1203 1722 1543 1819 temperatissimus,
1562 1723 1659 1798 unde
1683 1722 1772 1798 Cato
1798 1724 1865 1797 bo·

691 1844 754 1919 stis
780 1844 942 1939 capitalis
967 1844 1047 1919 eius
1072 1843 1235 1919 dicebat:
1263 1845 1362 1919 solus
1390 1844 1512 1919 Caesar
1543 1843 1687 1919 sobrius
1715 1843 1865 1918 accessit

691 1964 739 2038 ad
765 1964 1030 2059 rempublicam
1057 1963 1308 2040 evertendam.
1336 1965 1589 2061 Magnanimus
1609 1958 1865 2059 hominumdl,

693 2091 735 2157 ut
758 2084 855 2159 bene
878 2084 1035 2160 ostendit
1062 2085 1098 2158 in
1116 2085 1268 2162 victoria
1285 2085 1479 2160 Thessalia
1504 2092 1541 2160 et
1558 2084 1699 2178 iliricae,
1718 2084 1866 2179 quando

691 2204 776 2279 iecit
800 2205 960 2280 cremari
980 2205 1104 2282 literas
1125 2204 1299 2299 bostium,
1318 2226 1411 2299 quas
1434 2205 1549 2279 noluit
1566 2204 1710 2301 legere,
1729 2204 1868 2299 patien-

690 2324 850 2399 tissimus
879 2324 947 2399 tuit
981 2325 1149 2400 omnium
1182 2325 1374 2420 laborum3
1401 2324 1642 2420 peritissimus
1667 2322 1867 2419 equitandi,

691 2445 851 2539 natandi,
876 2444 1041 2539 saltandi,
1067 2452 1106 2520 ct
1135 2446 1298 2520 breviter
1327 2451 1408 2520 erat
1441 2450 1540 2519 totus
1569 2444 1607 2519 in
1636 2442 1798 2541 singulis,
1825 2451 1868 2518 ut

693 2563 780 2638 dicit
806 2564 1007 2640 Policratus
1032 2564 1219 2661 anglicusz
1238 2564 1366 2640 babuit
1383 2562 1572 2661 ingenium
1590 2569 1628 2639 et
1645 2562 1864 2639 memoriam

696 2705 881 2781 maguam,
900 2684 998 2760 unde
1014 2685 1100 2759 nibil
1113 2685 1254 2761 solebat
1270 2684 1444 2779 oblivisci,
1462 2684 1530 2757 nisi
1548 2682 1778 2758 iniuriarum.
1798 2682 1868 2759 Sed

562 2802 568 2813 '
697 2812 798 2880 certe
822 2806 957 2900 Caesar,
982 2806 1078 2881 sicut
1093 2804 1178 2880 dicit
1194 2805 1318 2880 Livius
1337 2805 1384 2880 de
1405 2804 1616 2901 Hannibale,
1633 2804 1761 2879 babuit
1781 2804 1867 2881 titia

694 2927 797 3023 paria
823 2926 1021 3001 virtutibus
1048 2926 1200 3023 maguis,
1225 2934 1262 3001 et
1282 2926 1445 3003 maxime
1462 2926 1547 3001 iecit
1568 2926 1684 2999 multa
1701 2924 1868 3001 enormia

695 3045 893 3141 cupiditate
917 3046 1146 3140 dominandi;
1174 3067 1258 3121 uam
1286 3053 1414 3121 contra
1432 3046 1587 3141 patriam
1606 3045 1743 3120 bellum
1762 3044 1868 3119 civile

695 3166 810 3242 movit
842 3187 930 3242 cum
965 3172 1067 3242 tanto
1100 3167 1280 3263 sauguine
1304 3166 1463 3242 civium:
1497 3167 1535 3241 in
1569 3187 1637 3242 suo
1672 3165 1864 3241 consulatu

693 3286 817 3361 omnia
834 3286 880 3361 ad
897 3285 1092 3361 arbitrium
1110 3284 1194 3361 iecit
1208 3287 1361 3381 expulso
1377 3286 1492 3361 armis
1510 3287 1649 3384 collega
1669 3286 1810 3379 Bibulo,
1830 3290 1868 3359 et

693 3406 795 3504 prius
821 3412 1026 3483 tentaverat
1051 3407 1178 3481 multis
1202 3406 1320 3483 modis
1337 3407 1460 3483 iacere
1479 3408 1641 3503 aliquam
1668 3407 1867 3481 novitatem

693 3526 732 3601 in
756 3528 852 3603 urbe
877 3534 919 3601 ut
943 3528 1087 3603 veniret
1111 3528 1149 3602 iu
1176 3534 1325 3607 statum.
1344 3528 1451 3603 Solus
1469 3527 1537 3602 iuit
1552 3527 1722 3603 defensor
1739 3527 1869 3603 coniu-

695 3654 863 3721 ratorum
876 3646 1055 3722 Catilinae:
1074 3648 1242 3723 omnium
1262 3668 1414 3724 reorum
1429 3654 1508 3723 erat
1523 3646 1722 3744 retugium,
1734 3646 1868 3741 dicens,

695 3768 793 3862 quod
820 3768 909 3843 tales
934 3774 1041 3843 erant
1065 3768 1138 3865 apti
1166 3768 1261 3845 bello
1286 3767 1391 3843 civili.
1420 3768 1479 3842 Bis
1504 3768 1668 3863 spoliavit
1693 3768 1868 3843 aerarium

694 3890 832 3983 Romae,
850 3889 970 3984 primo
989 3888 1256 3983 fraudulenter,
1273 3888 1435 3965 secundo
1452 3888 1651 3964 violenter:
1677 3910 1868 3963 summum

695 4009 941 4085 sacerdotium
962 4010 1053 4085 emit
1079 4030 1214 4107 magno
1232 4010 1371 4107 pretio:
1393 4009 1477 4085 iecit
1494 4030 1535 4085 se
1551 4008 1765 4085 dictatorcm
1785 4030 1870 4106 per·

695 4136 862 4226 petuum,
888 4130 1015 4225 immo,
1040 4138 1082 4205 ut
1107 4131 1159 4206 ait
1178 4130 1359 4225 Lucanus,
1377 4131 1501 4207 omnia
1519 4130 1641 4207 Caeear
1657 4136 1748 4207 erat.
1766 4129 1870 4207 Unde

694 4250 833 4325 Tullius
857 4250 943 4326 dicit
968 4251 1067 4346 quod
1098 4253 1222 4328 Caesar
1253 4271 1399 4346 semper
1430 4250 1589 4327 babebat
1620 4250 1750 4327 inore
1781 4250 1870 4327 illud

694 4370 833 4446 dictum
867 4371 1046 4467 Euripidis
1080 4378 1198 4467 poetae
1222 4370 1396 4446 Graeciae:
1427 4370 1457 4445 si
1489 4370 1700 4447 violandum
1727 4376 1783 4445 est
1808 4372 1870 4466 ius

695 4491 871 4588 regnandi
896 4492 1015 4589 gratia
1039 4492 1252 4568 violandum
1283 4498 1359 4585 est;
1385 4490 1528 4569 calens
1558 4491 1672 4568 rebus
1696 4491 1869 4589 pietatem

694 4612 786 4686 cole.
812 4611 1040 4687 Luxuriosus
1066 4611 1134 4686 iuit
1159 4611 1284 4706 valde3
1303 4612 1402 4687 uude
1419 4632 1506 4688 curn
1527 4610 1719 4709 Cleopatra
1739 4611 1869 4688 eadem

695 4732 779 4807 nari
797 4732 974 4808 circuibat
984 4732 1185 4830 AEgyptum
1197 4756 1207 4827 ;
1217 4753 1375 4807 uxorem
1390 4730 1553 4829 Pompeii
1570 4732 1762 4828 stupravit,
1772 4732 1870 4808 unde

696 4852 892 4949 Pompeius
908 4852 1048 4928 solebat
1060 4843 1099 4947 (¹)
1117 4852 1238 4949 ipsum
1255 4874 1391 4930 vocare
1403 4852 1633 4951 AEgistbum5
1650 4860 1688 4929 et
1704 4852 1871 4929 similiter

758 5112 787 5179 ι’)
803 5118 827 5177 ι,
843 5114 962 5167 omnm
977 5116 1123 5169 umnam.
1320 5114 1348 5181 (a
1364 5116 1394 5168 s.
1410 5114 1510 5168 ιιιιιιι
1525 5128 1587 5168 oum
1602 5128 1635 5169 s:
1650 5116 1702 5168 ιω
1716 5128 1819 5170 voum.
1868 5094 1873 5100 “
