4575 6842
738 956 808 1024 348
1045 1047 1048 1054 .
1126 966 1330 1023 uounuruu
1355 968 1524 1022 ruauursr

737 1114 885 1188 luerunt
909 1112 1097 1207 opiniones
1121 1112 1169 1188 de
1194 1113 1261 1189 ista
1288 1113 1433 1188 macula
1458 1113 1567 1186 lunae.
1593 1111 1713 1207 Aliqui
1739 1113 1837 1186 enim
1854 1113 1910 1188 di-

736 1243 870 1310 xerunt
895 1234 994 1329 quod
1020 1234 1079 1308 illa
1106 1233 1240 1309 umbra
1266 1234 1429 1330 procedit
1449 1234 1497 1308 ab
1515 1232 1733 1326 extrinseco,
1755 1240 1844 1327 puta
1861 1234 1909 1308 ab

686 1388 689 1394 ¹
735 1356 870 1430 umbra
897 1362 1005 1428 terrae
1033 1355 1089 1430 vel
1117 1374 1254 1449 vapore
1283 1355 1426 1430 elevato
1456 1354 1505 1428 ab
1528 1374 1651 1448 aqua:
1684 1354 1753 1428 hoc
1783 1359 1909 1428 autem

627 1457 633 1466 ’
736 1496 816 1550 esse
842 1475 973 1549 falsum
991 1480 1028 1549 et
1045 1475 1218 1550 frivolum
1238 1474 1481 1566 convincitur,
1498 1473 1585 1567 quia
1604 1475 1749 1548 macula
1768 1473 1805 1546 in
1823 1473 1910 1548 luna

736 1603 793 1671 est
817 1616 963 1691 semper
989 1595 1180 1670 uniformis
1205 1601 1243 1670 et
1267 1595 1431 1670 eiusdem
1451 1593 1592 1690 figurae.
1610 1593 1695 1668 ldeo
1718 1600 1827 1668 autor
1843 1593 1910 1668 ad-

737 1716 837 1790 ducit
862 1717 920 1790 hic
943 1715 1151 1810 opinionem
1179 1735 1318 1809 veram,
1345 1714 1428 1789 licet
1456 1722 1613 1788 conetur
1644 1721 1769 1808 postea
1794 1714 1908 1809 ipsam

738 1837 947 1930 reprobare.
974 1835 1066 1908 Nam
1094 1835 1216 1931 magni
1243 1835 1443 1929 philosophi
1461 1840 1586 1910 tenent
1602 1834 1701 1927 quod
1726 1835 1797 1908 hoc
1822 1855 1910 1930 pro·

738 1957 893 2032 cedato
929 1955 1078 2030 raritate
1112 1961 1150 2032 et
1183 1955 1371 2030 densitate.
1407 1956 1549 2030 Macula
1578 1975 1669 2051 ergo
1701 1954 1909 2028 huiusmodi

738 2075 903 2173 provenit
929 2075 1132 2150 secundum
1166 2076 1415 2150 diversitatem
1445 2075 1603 2171 partium
1634 2076 1745 2170 lunae,
1775 2095 1910 2150 secuu-

590 2283 591 2286 Ν
736 2198 825 2273 dum
856 2195 1071 2272 densitatem
1105 2197 1286 2272 maiorem
1319 2204 1358 2271 et
1389 2197 1584 2288 minorem,
1615 2196 1701 2290 quia
1734 2196 1772 2270 in
1806 2203 1911 2290 parte

737 2317 847 2392 densa
875 2316 1163 2411 multiplicantur
1184 2316 1275 2392 radii
1292 2317 1463 2393 *solares
1481 2316 1772 2411 superficialiter,
1789 2322 1826 2390 et
1845 2335 1910 2411 per

736 2456 964 2531 consequens
989 2437 1049 2512 illa
1075 2457 1161 2532 pars
1185 2444 1241 2512 est
1265 2437 1386 2512 lucida
1417 2444 1454 2512 et
1483 2437 1602 2530 clara3
1628 2436 1666 2511 in
1691 2443 1796 2532 parte
1821 2455 1911 2510 vero

738 2581 820 2634 rara
848 2578 921 2632 non
947 2556 1235 2653 multiplicantur
1260 2550 1449 2651 radii*(¹),
1471 2559 1557 2651 quia
1583 2564 1777 2652 penetrant
1801 2557 1910 2649 intra,

738 2686 775 2756 et
799 2679 880 2754 ideo
907 2698 979 2750 non
1006 2678 1102 2752 bene
1126 2679 1261 2752 lucent.
1287 2680 1332 2752 lit
1363 2679 1482 2754 simile
1514 2679 1562 2753 de
1591 2677 1797 2771 alabastr03
1823 2698 1908 2751 nam

737 2819 822 2894 pars
848 2818 931 2891 quae
957 2803 1012 2870 est
1038 2798 1132 2872 bene
1158 2797 1269 2872 densa
1302 2806 1340 2874 et
1364 2820 1438 2873 non
1464 2806 1698 2893 transparens
1723 2804 1779 2872 est
1805 2798 1910 2874 valde

738 2918 831 3010 alba,
850 2923 887 2990 et
904 2917 963 2991 illa
981 2937 1065 3010 quae
1091 2925 1147 2992 est
1172 2925 1406 3012 transparens
1430 2919 1476 2994 ad
1500 2918 1650 2992 modum
1669 2917 1752 2992 vitri
1769 2926 1826 2992 est
1841 2920 1909 2992 ob-

737 3059 857 3131 scura,
884 3038 1036 3112 tendens
1061 3038 1107 3112 ad
1134 3038 1360 3134 nigredinem
1375 3031 1424 3131 (²).
1451 3040 1495 3112 Et
1520 3039 1548 3111 si
1575 3046 1764 3133 quaeratur
1790 3061 1909 3134 quare

737 3159 825 3232 luna
850 3163 904 3232 est
919 3147 955 3248 (³)
979 3157 1028 3230 ita
1053 3156 1230 3231 difformis
1247 3158 1283 3230 in
1301 3158 1465 3252 partibus
1481 3159 1569 3251 suis,
1585 3158 1791 3251 dicendum,
1810 3159 1909 3253 quod

738 3279 807 3353 hoc
833 3281 887 3351 est
911 3276 958 3350 de
983 3281 1115 3350 natura
1142 3276 1211 3371 sui,
1230 3283 1272 3350 ut
1297 3278 1391 3352 inira
1415 3278 1568 3352 dicetur.
1583 3284 1690 3351 -m
1707 3282 1786 3353 allo.
1804 3280 1910 3354 Nunc

737 3403 846 3472 autor
865 3397 1015 3471 intendit
1032 3396 1233 3492 reprobare
1247 3396 1382 3472 dictam
1402 3398 1610 3494 opinionem
1629 3404 1820 3492 tamquam
1834 3419 1909 3473 non

737 3537 882 3593 veram:
902 3523 939 3592 et
955 3517 1074 3611 primo
1092 3517 1247 3592 ostendit
1262 3517 1449 3611 quomodo
1458 3506 1497 3610 (⁴)
1514 3517 1660 3592 Beatrix
1679 3518 1805 3594 lecerit
1821 3539 1910 3594 eum

737 3644 918 3712 attentum
944 3638 991 3712 ad
1015 3644 1236 3735 argumenta
1262 3660 1346 3732 quae
1371 3640 1513 3712 lactura
1540 3645 1596 3712 est
1610 3629 1670 3732 l⁵l3
1690 3639 1788 3714 unde
1807 3639 1910 3714 dicit:

738 3763 782 3830 Et
802 3761 882 3848 elta,
900 3758 1045 3851 scilicet,
1073 3758 1230 3851 Beatrin,
1256 3759 1364 3833 dixit:
1391 3769 1485 3833 certo
1510 3762 1634 3833 vcdroi
1651 3762 1680 3832 it
1695 3762 1819 3834 medor
1839 3766 1910 3852 tuo,

739 3876 841 3971 idest,
867 3877 1076 3971 opinionem
1103 3899 1217 3972 quam
1235 3879 1354 3953 credis
1372 3899 1513 3972 veram,
1531 3881 1628 3952 assai
1644 3901 1837 3956 commemo
1852 3883 1913 3956 ael

735 4000 844 4091 folco,
866 3998 967 4092 idest,
994 4018 1074 4074 esse
1099 3999 1186 4073 satis
1206 3999 1350 4093 falsum,
1366 4021 1404 4073 sc
1424 4001 1508 4072 dene
1526 4003 1661 4091 ascelti,
1680 3999 1783 4093 idest,
1806 4007 1910 4076 notas

739 4117 776 4190 in
802 4124 936 4211 mente,
963 4121 1227 4209 l’orpomcntur
1251 4122 1302 4193 clt'
1315 4123 1351 4193 io
1376 4122 1427 4211 pli
1440 4114 1526 4213 sard
1545 4141 1708 4214 aromo,
1728 4120 1831 4216 idest,
1847 4139 1911 4195 ar·

737 4244 926 4334 gumenta,
945 4257 1029 4332 quae
1055 4258 1125 4335 ego
1149 4238 1280 4314 laciam
1298 4246 1425 4315 contra
1444 4241 1577 4315 dictam
1595 4241 1816 4336 opinionem.
1833 4241 1911 4316 Hoc

738 4357 845 4450 dicto,
873 4358 955 4432 lacit
982 4358 1143 4452 primum
1170 4365 1433 4456 argumentum
1459 4369 1600 4454 eontra,
1627 4367 1665 4436 et
1689 4361 1812 4458 arguit
1837 4361 1910 4436 sic:

737 4477 768 4551 si
795 4498 922 4550 rarum
949 4485 986 4552 et
1011 4477 1165 4552 densum
1192 4487 1289 4554 esset
1305 4499 1418 4555 causa
1434 4481 1609 4556 claritatis
1625 4487 1663 4557 et
1678 4481 1913 4557 obscuritatis

737 4596 776 4670 in
800 4599 899 4692 luna,
926 4598 1019 4672 sicut
1045 4604 1084 4671 tu
1111 4599 1284 4694 opinaris,
1311 4620 1384 4674 uua
1415 4601 1532 4676 virtus
1562 4608 1601 4676 et
1628 4602 1793 4697 operatio
1818 4610 1914 4677 esset

738 4716 776 4788 in
793 4718 963 4792 omnibus
979 4718 1101 4812 stellis,
1120 4738 1205 4813 quae
1221 4719 1387 4796 similiter
1407 4720 1662 4796 illuminantur
1678 4744 1702 4796 a
1719 4723 1807 4816 sole,
1827 4721 1914 4816 quia

801 4951 827 5010 (¹)
844 4919 880 5000 Le
897 4951 986 5012 parole
1002 4950 1043 5001 l‘ra
1059 4951 1068 5001 i
1085 4953 1135 5002 due
1152 4953 1284 5004 mterlsclri
1301 4967 1349 5003 sou
1364 4955 1477 5016 supplila
1493 4954 1562 5019 dagll
1578 4955 1639 5006 ultrl
1655 4961 1696 5006 tre
1710 4954 1806 5006 Codici.

803 5025 831 5088 (¹)
847 5031 870 5084 l,
887 5027 1080 5090 nigritudinem.
1271 5027 1298 5092 (⁸)
1314 5029 1346 5079 li.
1362 5029 1394 5082 sil
1411 5032 1454 5081 ita.
1516 5058 1518 5061 ·

804 5103 831 5168 l¹l
847 5103 878 5153 E·
894 5103 1015 5168 qualiter·
1272 5107 1301 5171 (¹)
1316 5107 1346 5157 E.
1361 5121 1420 5172 quo
1435 5109 1536 5160 sactum
1551 5116 1621 5172 orot3
1636 5110 1715 5162 undo.
