4575 6842
725 907 771 973 1l
1085 915 1290 972 oonsurunr
1314 915 1534 973 runnmonn

723 1063 828 1158 tium,
851 1067 992 1158 famoso
1023 1065 1133 1155 ursui,
1160 1061 1325 1157 loquitur
1349 1061 1559 1138 verecunde
1583 1061 1620 1135 in
1651 1061 1798 1138 leudem
1824 1062 1894 1158 sui,

722 1205 782 1257 mo
806 1205 880 1258 aou
904 1205 969 1257 con
999 1185 1079 1278 suda
1107 1203 1257 1275 ancora,
1282 1183 1428 1277 scilicet,
1446 1182 1661 1278 christiana3
1688 1183 1753 1258 sed
1778 1183 1896 1259 auda·

723 1313 802 1382 cler
827 1304 951 1380 laudat
976 1324 1112 1380 nomen
1142 1324 1221 1380 suae
1253 1303 1496 1400 professionis,
1522 1303 1663 1379 dicens:
1696 1307 1752 1378 col
1779 1325 1895 1396 nome,

723 1425 870 1521 scilicet,
897 1424 1048 1521 poetico,
1074 1425 1134 1496 obe
1156 1418 1219 1518 piri
1243 1427 1350 1515 duro,
1376 1431 1414 1500 et
1438 1427 1521 1520 plus
1545 1424 1684 1500 durare
1713 1424 1797 1500 lacit
1828 1445 1897 1499 no-

723 1566 811 1620 men
836 1545 1010 1619 aliorum:
1036 1543 1118 1618 ideo
1143 1544 1239 1619 bene
1263 1543 1352 1618 dixit
1376 1545 1566 1619 Lucanus:
1588 1550 1737 1620 Osaccr
1761 1552 1795 1619 ct
1816 1566 1897 1618 mo·

723 1687 814 1758 purus
844 1671 962 1738 uotum
994 1665 1109 1756 labor,
1140 1665 1261 1736 omnio
1282 1667 1360 1758 soto
1385 1666 1504 1756 Eripis
1540 1671 1574 1738 ct
1608 1667 1724 1738 donas
1756 1667 1897 1758 populat

723 1787 927 1860 mortalibus
952 1806 1063 1859 ouum
1088 1789 1158 1860 etc.
1184 1785 1228 1859 Et
1259 1783 1288 1858 si
1321 1784 1408 1859 diois
1439 1785 1527 1859 mihi
1557 1785 1604 1861 de
1627 1777 1833 1882 Aristotele,
1859 1792 1897 1862 et

723 1906 848 1980 multis
874 1904 1091 2002 philosophis
1116 1903 1387 1999 antiquissimis,
1413 1902 1533 1979 dicam
1564 1905 1628 1979 tibi
1658 1905 1706 1980 de
1733 1905 1897 1982 Homero

724 2031 761 2100 et
785 2025 864 2100 aliis
889 2024 1013 2098 multis
1038 2023 1102 2118 qui
1129 2023 1278 2100 suerunt
1303 2023 1366 2098 diu
1392 2030 1490 2119 ante,
1516 2045 1610 2118 qnos
1634 2023 1712 2120 ipse
1736 2025 1897 2121 philoso-

724 2146 818 2242 phus
836 2125 1055 2240 ¹frequenter
1089 2144 1234 2242 allegat,
1264 2151 1302 2219 et
1332 2144 1518 2240 praecipue
1547 2146 1764 2240 Homerum,
1788 2167 1809 2219 c
1833 2141 1898 2240 piri

724 2286 853 2357 ouoru,
879 2265 1027 2360 scilicet,
1045 2264 1250 2360 hominem,
1276 2264 1425 2340 nomine
1449 2265 1547 2340 enim
1569 2272 1686 2361 poetae
1703 2265 1798 2341 sicut
1815 2267 1899 2341 nul-

725 2389 803 2461 lum
830 2385 1044 2480 durabilius,
1062 2385 1111 2459 ita
1129 2386 1272 2459 nullum
1291 2385 1551 2480 honorabilius,
1568 2393 1610 2461 ut
1626 2386 1769 2462 dicetur
1785 2388 1893 2484 piene

725 2507 846 2604 primo
871 2506 1029 2602 capitulo
1054 2505 1227 2580 ramum
1248 2507 1293 2580 m
1317 2525 1404 2581 00oe
1424 2507 1591 2599 quanm:
1608 2512 1667 2582 mr
1681 2515 1806 2602 ampo,
1824 2507 1895 2583 scr-

726 2628 820 2722 licei,
846 2647 944 2702 anno
968 2627 1015 2701 ab
1045 2626 1138 2701 urbe
1163 2626 1308 2701 condita
1333 2625 1531 2724 DCCXXV,
1555 2631 1616 2702 aba
1640 2631 1666 2703 'l
1687 2630 1779 2702 buon
1810 2631 1897 2721 lito,

727 2747 792 2842 qui
817 2747 1042 2822 considerata
1067 2751 1177 2821 aemte
1201 2754 1238 2822 et
1262 2745 1405 2841 imperii
1431 2747 1611 2822 brevitate
1629 2749 1786 2824 excessit
1804 2769 1899 2824 cun-

727 2873 805 2942 ctos
831 2867 1009 2962 principes
1028 2866 1065 2941 in
1083 2865 1289 2960 clementia,
1310 2867 1526 2942 liberalitate
1543 2874 1580 2942 et
1597 2867 1697 2942 omni
1723 2867 1898 2960 bonitate,

725 2987 772 3062 de
797 2987 903 3063 cuius
928 2986 1097 3062 laudibus
1122 2987 1266 3062 dicetur
1291 2987 1336 3060 Vl
1361 2987 1532 3081 Paradisi,
1560 2980 1702 3061 rmmicd
1734 2991 1766 3062 le
1796 2992 1897 3081 soro,

727 3104 831 3202 idest,
849 3107 1040 3200 foramina,
1060 3127 1124 3182 sen
1140 3099 1177 3199 (¹)
1198 3107 1352 3181 vulnera
1369 3106 1512 3202 Christi,
1530 3110 1620 3181 uode
1634 3100 1707 3182 osci
1722 3110 1750 3181 il
1763 3128 1898 3199 scopae

721 3248 790 3320 per
813 3230 927 3300 (liudo
953 3229 1114 3319 deodato,
1140 3227 1286 3321 scilicet,
1302 3227 1418 3302 Annae
1438 3234 1475 3302 et
1494 3228 1662 3325 Cayphae,
1680 3251 1747 3303 con
1772 3232 1900 3303 latmo

725 3349 784 3421 del
797 3368 933 3420 romum
949 3368 1045 3440 repe,
1063 3347 1166 3442 idest,
1175 3347 1331 3442 juvante
1346 3353 1385 3422 et
1401 3339 1680 3442 permittente(¹)
1698 3348 1785 3443 Deo,
1804 3348 1900 3424 sicut

726 3466 803 3562 ipse
819 3467 921 3540 'litus
938 3468 1056 3542 lertur
1072 3466 1206 3542 dixisse
1223 3487 1309 3541 cum
1330 3466 1478 3542 intravit
1494 3468 1628 3543 urbem
1647 3467 1900 3544 clarissimam.

725 3588 771 3660 Et
795 3588 854 3662 hic
879 3593 977 3682 nota,
1003 3588 1130 3682 lector,
1156 3585 1256 3681 quod
1286 3587 1391 3661 multi
1424 3607 1599 3682 perverse
1629 3587 1834 3684 intelligunt
1863 3593 1901 3663 et

727 3713 916 3803 exponunt
941 3708 1047 3782 istam
1074 3709 1232 3799 literam,
1246 3707 1335 3801 quia
1354 3727 1428 3782 non
1447 3714 1503 3782 est
1520 3728 1664 3801 verum,
1683 3708 1782 3802 quod
1799 3708 1902 3784 Titus

728 3829 788 3902 vel
813 3827 1054 3925 Vespasianus
1084 3827 1236 3902 iecerint
1251 3818 1288 3920 (³)
1307 3827 1502 3903 vindictam
1520 3827 1651 3902 Christi
1671 3849 1758 3903 cum
1778 3829 1900 3904 inten-

729 3947 839 4044 tione,
853 3969 938 4023 cum
959 3969 1031 4022 non
1048 3947 1267 4022 crediderint
1280 3946 1463 4022 Christum
1479 3954 1516 4022 et
1529 3947 1666 4023 luerint
1678 3948 1822 4043 penitus
1835 3969 1902 4045 pa·

727 4068 825 4166 gani,
851 4069 945 4143 sicut
969 4074 1069 4164 patet
1095 4087 1161 4162 per
1186 4067 1419 4162 Suetoninm3
1440 4067 1526 4142 etsi
1553 4067 1801 4143 testimonium
1820 4067 1902 4143 eins

729 4208 802 4262 non
829 4189 949 4284 placet
973 4187 1048 4283 tibi,
1066 4187 1154 4282 qnia
1174 4186 1243 4260 luit
1264 4187 1407 4283 gentilis
1424 4186 1588 4281 infidelis,
1605 4195 1706 4263 certe
1723 4187 1903 4283 Iosephus

729 4307 899 4383 hebraeus
924 4315 962 4383 et
987 4307 1115 4382 nobilis
1140 4306 1230 4382 civis
1254 4305 1471 4402 Jerusalem,
1489 4327 1602 4400 quem
1618 4307 1749 4382 beatus
1773 4307 1903 4382 Hiero·

730 4449 865 4526 nymus
890 4434 1085 4504 enumerat
1111 4427 1149 4501 in
1174 4427 1341 4524 catalogo
1358 4436 1583 4522 sanctorum,
1602 4429 1696 4502 hanc
1713 4426 1902 4502 historiam

730 4549 918 4623 luculento
943 4549 1035 4646 stylo
1060 4549 1242 4624 describit.
1261 4550 1305 4622 Et
1321 4548 1511 4646 Egisippus
1530 4548 1824 4644 compendiosius
1846 4569 1904 4644 eo,

731 4673 769 4742 et
794 4668 923 4743 beatus
948 4666 1163 4743 Ambrosius
1179 4667 1243 4763 qni
1261 4668 1461 4764 Josephum
1488 4669 1668 4764 sequitur,
1685 4673 1734 4763 et,
1756 4675 1798 4743 nt
1819 4669 1906 4745 hre-

793 4900 820 4962 ι’)
837 4899 868 4950 B.
884 4899 938 4950 sire
954 4899 1062 4951 vulnera
1079 4900 1256 4964 pretiosissimi
1270 4899 1454 4964 Redemptum·
1468 4901 1552 4952 nocui
1568 4901 1672 4952 homiui
1687 4901 1749 4953 Jssn
1764 4900 1867 4954 Christi.

794 4973 822 5038 (¹)
838 4976 869 5027 B.
885 4978 1048 5040 permittente
1064 4978 1242 5040 omnipotente
1258 4977 1322 5027 nso.

795 5053 823 5116 ι’)
839 5052 869 5104 Β.
886 5052 995 5105 iecerint
1011 5054 1149 5105 vindictum
1165 5054 1269 5106 Domini
1285 5055 1366 5106 noshl
1381 5055 1444 5106 Iesu
1458 5053 1561 5106 Christi.
