4575 6842
723 982 768 1048 18
929 1079 937 1098 ,
1082 995 1287 1051 muuuruu
1312 994 1531 1050 rununmnu

719 1139 782 1214 sed
810 1139 920 1214 etiam
947 1139 984 1212 in
1009 1141 1191 1233 omnibus,
1218 1147 1261 1214 ut
1292 1160 1364 1214 non
1397 1138 1581 1214 immerito
1614 1139 1660 1213 sit
1689 1139 1892 1234 appellatus

721 1258 825 1333 simia
852 1259 1002 1357 Virgilii.
1029 1262 1072 1334 Et
1097 1260 1281 1335 concludit
1297 1259 1433 1333 Statius
1449 1257 1732 1333 immensitatem
1753 1258 1892 1333 amoris

722 1399 834 1473 quem
861 1381 988 1454 babuit
1018 1399 1165 1475 semper
1195 1379 1242 1453 ad
1267 1378 1472 1476 Virgilium,
1497 1378 1639 1453 dicens:
1666 1399 1686 1451 e
1709 1380 1892 1451 comeret

720 1520 769 1572 ua
793 1501 878 1590 sole,
904 1500 1006 1594 idest,
1033 1522 1149 1574 unum
1167 1519 1306 1574 annum
1333 1500 1505 1593 solarem,
1521 1493 1586 1591 piri
1601 1501 1701 1572 cb'io
1716 1519 1789 1573 noo
1806 1501 1893 1590 dep·
1987 1507 1990 1510 ’

615 1603 618 1610 ’
720 1623 794 1712 pio,
829 1622 1021 1716 plusquam
1048 1621 1201 1696 debeam
1222 1621 1332 1715 justae
1357 1639 1477 1714 poenae
1508 1639 1614 1713 meae,
1640 1622 1680 1693 cl
1702 1623 1773 1692 nalo
1798 1623 1893 1693 assir
1968 1618 1971 1623 ’

723 1742 914 1834 ¹(libando,
942 1741 1044 1834 idest,
1069 1741 1116 1814 de
1142 1740 1251 1815 exilio
1276 1738 1489 1835 purgatorii,
1518 1761 1584 1832 per
1609 1761 1703 1812 esser
1719 1742 1834 1813 vivum
1853 1741 1894 1812 di

723 1851 772 1952 ld,
798 1860 944 1954 scilicet,
970 1861 1007 1933 in
1032 1860 1172 1934 mundo
1196 1859 1300 1933 istius
1322 1859 1486 1953 viventis,
1504 1861 1647 1951 quando
1664 1862 1752 1933 otssc
1777 1862 1893 1951 Virgi-

723 1983 791 2074 llo;
818 1981 921 2074 quasi
942 1980 1037 2054 dicat
1058 1981 1213 2054 Statius:
1230 2000 1300 2075 ego
1318 1979 1449 2054 vellem
1467 1980 1637 2074 depacto
1655 1987 1754 2054 stare
1769 1978 1890 2054 adbuc

722 2121 789 2194 per
814 2121 953 2174 annum
980 2099 1016 2173 in
1042 2099 1267 2194 purgatorio,
1294 2105 1332 2173 et
1364 2098 1474 2173 luisse
1506 2098 1567 2173 illo
1599 2106 1766 2194 tempore
1797 2099 1891 2172 lelici
1947 2169 1954 2180 ,

722 2219 792 2294 sub
817 2221 993 2316 Augusto,
1020 2241 1094 2313 quo
1110 2217 1147 2310 (¹)
1173 2219 1305 2293 claruit
1329 2217 1510 2313 Virgilius.

804 2343 931 2414 Vobcr.
950 2342 1020 2414 Ista
1042 2347 1097 2414 est
1114 2346 1247 2434 quarta
1267 2347 1305 2415 et
1332 2340 1458 2413 ultima
1481 2361 1566 2435 pars
1585 2340 1744 2435 capituli,
1763 2341 1800 2414 in
1817 2362 1893 2436 qua

721 2465 828 2556 poeta
866 2461 1024 2535 ostendit
1056 2460 1215 2554 qualiter
1253 2460 1329 2555 ipse
1364 2459 1607 2534 manifestavit
1625 2452 1663 2553 (¹)
1703 2459 1894 2557 Virgilium

723 2573 849 2676 Statio,
875 2581 938 2675 qui
965 2589 1039 2654 tam
1067 2583 1183 2654 multa
1203 2581 1409 2655 contulerat
1430 2599 1515 2653 cum
1535 2579 1684 2676 Virgilio
1698 2571 1736 2672 (³)
1753 2581 1800 2654 de
1815 2581 1895 2676 ipso

725 2701 874 2798 Virgilio
900 2722 972 2776 non
997 2721 1222 2798 cognoscens
1242 2720 1341 2775 eum.
1360 2700 1404 2772 Et
1421 2699 1540 2794 primo
1560 2699 1715 2774 ostendit
1737 2700 1894 2794 qualiter

726 2820 895 2917 Virgilius
922 2820 1135 2916 imposuerit
1148 2809 1186 2912 (⁴)
1213 2819 1278 2892 sibi
1296 2819 1493 2914 silentium,
1509 2820 1574 2894 sed
1591 2819 1667 2915 ipse
1687 2841 1759 2894 non
1777 2821 1895 2916 potuit

725 2941 914 3016 continere
939 2962 979 3016 se
1004 2962 1026 3014 a
1053 2941 1141 3014 risu.
1174 2941 1218 3012 lit
1246 2939 1292 3013 ad
1326 2938 1581 3014 declarandam
1612 2940 1717 3014 istam
1752 2941 1894 3016 literam

725 3062 858 3136 lortem
886 3069 941 3136 est
966 3062 1086 3156 primo
1120 3059 1335 3154 notandum,
1362 3061 1459 3153 quod
1490 3061 1683 3156 appetitus,
1715 3060 1807 3135 alius
1841 3069 1897 3136 cst

726 3182 977 3275 intellectivuS,
1003 3181 1097 3254 allus
1122 3179 1333 3254 seusillvus:
1356 3185 1393 3255 et
1418 3181 1621 3275 sensitivus,
1638 3181 1731 3254 alius
1751 3189 1806 3256 est
1822 3181 1894 3255 ira·

727 3301 869 3395 scibilis,
889 3301 983 3375 alius
1000 3298 1306 3395 concupiscibilis:
1325 3305 1362 3374 et
1379 3300 1430 3373 sic
1446 3299 1636 3396 gaudium,
1655 3301 1754 3393 quod
1774 3307 1898 3376 osten·

727 3422 825 3496 ditur
839 3413 874 3514 (⁵)
903 3442 969 3516 per
995 3421 1110 3494 risum
1144 3419 1306 3526 procedit
1335 3420 1383 3493 ab
1414 3419 1575 3514 appetitu
1607 3421 1897 3516 concupiscibili;

727 3549 764 3618 et
791 3544 956 3637 planctus
981 3541 1044 3636 qui
1072 3549 1244 3615 movetur
1270 3560 1335 3634 per
1360 3540 1531 3615 iniuriam
1564 3541 1727 3636 procedit
1750 3542 1798 3616 ab
1823 3543 1898 3620 ira·

727 3662 859 3736 scibili:
887 3647 931 3737 et‘
948 3661 1058 3736 ambo
1085 3661 1140 3733 isti
1166 3661 1347 3755 appetitus
1363 3667 1449 3733 sunt
1469 3660 1515 3736 de
1535 3662 1694 3756 potentia
1715 3663 1897 3759 sensitiva,

729 3789 765 3857 et
790 3783 883 3857 alter
908 3783 1075 3876 sequitur
1100 3781 1270 3854 alterum.
1297 3780 1341 3853 Et
1365 3780 1546 3875 appetitus
1568 3781 1809 3857 intellectirus
1834 3783 1898 3877 qui

729 3908 784 3976 est
810 3901 990 3994 voluntas,
1008 3906 1045 3976 et
1064 3921 1131 3995 per
1156 3921 1268 3994 quem
1287 3900 1478 3996 regulatur
1491 3901 1672 3996 appetitus
1692 3903 1898 3999 sensitirus,

729 4043 802 4096 non
828 4041 973 4116 semper
998 4028 1053 4095 est
1078 4027 1207 4114 potens
1232 4040 1343 4114 supra
1360 4020 1585 4114 sensitivum,
1604 4021 1690 4117 quia
1709 4043 1781 4098 non
1799 4043 1898 4098 sem·

728 4162 795 4237 per
822 4141 999 4216 irascibile
1024 4148 1061 4214 et
1086 4138 1365 4234 concupiscibile
1381 4139 1502 4214 obedit
1524 4141 1667 4235 rationi,
1685 4141 1762 4216 sive
1786 4143 1899 4221 ratio·

730 4262 802 4336 nali
828 4261 1016 4355 voluntati,
1036 4280 1121 4354 quae
1141 4267 1196 4334 est
1216 4281 1324 4332 suum
1344 4259 1624 4334 tundamentum
1647 4260 1683 4335 in
1700 4263 1898 4338 intellectu.

728 4383 773 4455 El
790 4382 859 4455 hoc
876 4387 931 4455 est
949 4380 1047 4474 quod
1066 4380 1144 4452 vult
1161 4379 1284 4454 dicere
1299 4378 1405 4454 litera
1422 4380 1480 4454 bic
1497 4380 1645 4474 quando
1657 4389 1764 4477 poeta
1776 4391 1901 4459 osten·

728 4501 780 4576 dit
805 4501 903 4595 quod
929 4509 1057 4576 contra
1084 4500 1178 4574 velle
1203 4500 1352 4595 Virgilii,
1377 4500 1469 4574 idest
1498 4501 1658 4597 rationis,
1685 4503 1913 4580 sensualitas·

590 4649 596 4668 =
730 4643 798 4695 sua
824 4621 920 4695 risit:
947 4627 984 4696 et
1003 4620 1087 4694 dicit
1104 4620 1204 4713 quod
1223 4620 1367 4694 imitans
1384 4628 1554 4696 naturam
1577 4623 1779 4698 secundum
1798 4645 1903 4700 oom-

732 4741 938 4836 plexionem
965 4742 1184 4835 naturalem,
1210 4741 1390 4835 appetitus
1416 4742 1609 4817 sensitivus
1631 4744 1753 4818 minus
1778 4745 1902 4821 obedit

794 4967 821 5032 (¹)
838 4971 893 5029 1¹⁷,
909 4969 1020 5033 qurnoo.
1497 4969 1526 5032 (a
1543 4975 1597 5033 ur,
1613 4972 1824 5024 naumurum

794 5043 821 5105 (¹)
837 5043 868 5094 Ε.
886 5057 947 5094 cum
964 5045 1074 5109 Virgilio
1090 5059 1142 5096 non
1159 5059 1400 5109 cognoscentem.
1499 5048 1526 5109 (⁸)
1541 5047 1573 5098 Il.
1589 5049 1720 5112 imposuit.

796 5119 823 5184 (¹)
839 5119 869 5171 E.
886 5121 1030 5171 ostenditur
1045 5121 1149 5185 quando
1165 5121 1273 5182 ridetur,
1290 5121 1356 5172 idest
1371 5133 1418 5184 per
1434 5121 1525 5173 dmm.
