4575 6842
838 992 978 1051 esurus
1001 996 1169 1062 oumrus.
1516 983 1586 1049 coe

413 1140 495 1213 looo
519 1138 668 1235 virginis
693 1138 792 1232 quod
821 1138 859 1212 in
891 1138 976 1213 luco
1007 1143 1104 1213 esset
1134 1137 1324 1231 oblatnm3
1351 1144 1389 1213 ct
1413 1128 1588 1213 continno
1700 1190 1703 1197 ,

412 1259 567 1335 cessavit
591 1263 807 1354 tempestas:
833 1263 870 1332 et
895 1256 1182 1333 deliberantibus
1207 1258 1346 1331 cunctis
1377 1257 1587 1354 stupefactis

412 1386 524 1456 cerva
549 1378 770 1474 pulcerrima
802 1377 973 1472 apparuit
1005 1382 1092 1451 ante
1125 1396 1244 1471 aram,
1270 1362 1383 1470 qua'm
1409 1379 1583 1453 continuo

413 1499 710 1573 immolaverunt.
736 1498 781 1571 Et
806 1495 961 1584 Achilles
985 1503 1024 1571 et
1047 1496 1108 1571 alii
1134 1495 1358 1570 clandestine
1382 1496 1586 1573 destinare·

416 1624 502 1692 runt
527 1617 706 1714 virginem
723 1617 770 1690 ad
788 1636 914 1713 regem
939 1617 1164 1712 scytharum,
1182 1612 1246 1709 qni
1270 1625 1358 1693 tunc
1383 1622 1481 1690 erat:
1510 1636 1585 1710 qno

413 1738 508 1813 iacto
526 1756 632 1833 reges
649 1736 837 1811 venientes
852 1737 899 1811 ad
916 1737 1233 1832 Agamemnonem
1252 1742 1427 1811 moestum
1453 1756 1586 1811 conso-

412 1857 476 1932 lati
500 1856 740 1931 restituerunt
764 1857 883 1952 ipsum
909 1858 956 1931 ad
982 1856 1145 1951 primum
1176 1857 1365 1931 bonorem.
1399 1854 1490 1943 Quae
1528 1874 1588 1931 res

412 1976 480 2051 init
503 1977 710 2075 gratissima
735 1976 924 2071 exercitui,
946 1976 1034 2070 qnia
1053 1996 1183 2052 omnes
1200 1976 1303 2050 illum
1323 1978 1424 2051 velut
1442 1983 1585 2072 patrem

413 2097 719 2192 sapientissimum
746 2096 923 2171 colebant.
949 2096 1113 2185 Qualiter
1138 2103 1266 2172 autem
1292 2096 1438 2171 Orestes
1464 2086 1584 2171 occisa

414 2222 533 2291 matre
550 2217 759 2312 pervenerit
781 2216 827 2291 ad
848 2215 1070 2313 Iphigeniam
1088 2220 1255 2290 sororem
1273 2235 1380 2290 snam
1400 2236 1472 2291 non
1497 2236 1585 2311 pro—

412 2356 560 2431 sequor,
575 2336 661 2431 quia
675 2358 749 2411 non
762 2337 846 2411 iacit
858 2336 904 2411 ad
917 2336 1163 2432 propositum3
1178 2336 1241 2411 sed
1254 2336 1283 2409 si
1301 2336 1395 2411 scire
1410 2336 1497 2412 velis
1514 2338 1585 2411 hoc

411 2457 535 2532 scribit
559 2458 709 2532 Ovidius
733 2458 833 2533 clare
858 2458 951 2532 libro
968 2458 1014 2532 de
1031 2458 1158 2531 Ponto.
1177 2455 1248 2531 Sed
1266 2457 1324 2531 bic
1341 2463 1439 2551 nota,
1456 2459 1583 2553 lector,

413 2578 512 2672 quod
538 2575 741 2652 secundum
769 2576 930 2651 tabulam
948 2572 986 2669 (¹)
1013 2582 1121 2671 poeta
1145 2583 1270 2652 noster
1291 2576 1437 2652 videtur
1461 2577 1584 2653 dicere
1634 2654 1637 2663 ,

414 2698 564 2793 falsum3
582 2697 669 2791 quia
686 2701 938 2794 Agamemnon
956 2718 1030 2772 non
1048 2698 1149 2773 vovit
1165 2718 1234 2773 nec
1250 2698 1455 2774 immolavit
1471 2698 1583 2775 liliam

412 2825 551 2914 sponte,
565 2818 641 2892 imo
654 2838 801 2912 semper
814 2819 944 2912 vetnit3
958 2820 1022 2894 sed
1035 2820 1229 2895 dicendum
1244 2826 1298 2895 est
1311 2820 1410 2915 quod
1423 2827 1533 2896 autor
1544 2813 1581 2914 (¹)

410 2939 549 3034 accepit
561 2940 664 3013 hoca
679 2937 796 3012 Tullio
809 2938 873 3033 qui
885 2939 1008 3014 scribit
1020 2940 1130 3015 tertio
1141 2940 1356 3015 edictorum
1372 2941 1471 3037 qnod
1483 2940 1582 3038 Aga-

346 3152 349 3157 ,
409 3079 585 3134 memnon
609 3080 696 3133 cum
718 3059 924 3135 devovisset
939 3061 1074 3155 Dione,
1092 3063 1192 3156 quod
1209 3062 1245 3137 in
1267 3083 1337 3137 suo
1363 3082 1479 3159 regno
1499 3064 1582 3158 pul-

407 3180 609 3256 cerrimum
636 3187 764 3257 natum
791 3188 887 3256 esset
910 3182 973 3256 illo
996 3203 1106 3277 anno,
1132 3184 1337 3259 immolavit
1355 3183 1580 3279 lpbigeniam

406 3324 482 3399 qua
508 3302 595 3376 nibil
619 3309 701 3378 erat
725 3321 770 3377 eo
787 3322 886 3376 anno
903 3309 1030 3377 natum
1049 3304 1223 3398 pulcrius.
1243 3304 1287 3378 Et
1301 3303 1421 3398 primo
1440 3304 1582 3377 Tuscu·

282 3469 285 3488 .
407 3424 481 3498 lani
497 3422 582 3497 dicit
601 3421 786 3519 lpbigenia
809 3422 846 3495 in
864 3422 993 3497 Aulide
1017 3422 1101 3497 duci
1122 3443 1164 3498 se
1189 3423 1451 3500 immolandam
1464 3424 1582 3521 jubet,

406 3552 450 3618 ut
466 3544 627 3619 bostium
643 3542 793 3639 sanguis
808 3542 1030 3617 effundatur.
1044 3543 1150 3617 Nunc
1167 3544 1213 3618 ad
1231 3544 1375 3620 literam
1390 3545 1476 3619 dicit
1489 3545 1582 3619 Bea-

408 3665 504 3738 trin:
542 3669 573 3737 Ε
600 3666 760 3737 mtroonr
788 3664 885 3755 puoi,
919 3662 1056 3737 scilicet
1087 3663 1267 3759 homines,
1302 3669 1337 3739 lo
1367 3686 1463 3755 gron
1491 3666 1584 3738 duca

408 3788 463 3859 dd
474 3786 589 3875 Greci,
615 3784 942 3878 Agamemnonem,
971 3775 1043 3855 cml
1074 3786 1189 3875 stoltn,
1224 3784 1262 3858 in
1295 3785 1463 3860 vovendo
1488 3784 1584 3859 sicut

408 3906 572 4003 lepbtbe.
594 3904 697 3979 Unde
713 3903 852 3977 Tullius
876 3902 981 3977 dicit:
1002 3906 1217 3995 promissum
1228 3906 1345 3997 potius
1360 3926 1433 3978 ooo
1448 3906 1583 3999 faciem

407 4030 504 4120 dum,
532 4046 637 4119 mom
662 4032 734 4098 tam
753 4026 892 4098 audete
902 4030 1081 4117 peccatam
1102 4026 1387 4099 commitendam.
1415 4026 1459 4098 Et
1475 4025 1581 4100 dicit:

408 4148 499 4219 omis
519 4149 644 4238 mame
668 4147 816 4238 lfipeoia
839 4146 867 4218 tl
887 4164 952 4217 mo
976 4144 1031 4218 bet
1053 4145 1159 4237 cotto,
1183 4144 1267 4218 licet
1290 4165 1364 4219 non
1389 4144 1484 4220 sicut
1508 4144 1581 4219 lilia

407 4266 571 4361 lepbtbe‚
596 4268 683 4361 eset
697 4268 850 4358 protegor
874 4267 913 4339 dt'
935 4286 973 4337 sc
994 4267 1013 4361 t,
1037 4265 1117 4359 solli
1140 4286 1160 4338 e
1184 4267 1208 4365 ι’Ι
1221 4268 1311 4357 scot,
1340 4266 1446 4359 quasi
1471 4264 1579 4359 dicat,

407 4406 536 4459 omnes
562 4385 737 4461 habentes
761 4387 962 4461 bumaoam
987 4385 1232 4479 affectionem,
1258 4388 1317 4459 cle
1346 4388 1428 4460 udir
1450 4389 1580 4479 partor

405 4507 445 4578 di
467 4498 540 4579 cosi
560 4510 650 4599 sotto
674 4509 784 4599 colto;
809 4512 949 4600 quanto
975 4506 1092 4601 magis
1118 4506 1181 4601 qui
1208 4505 1396 4581 viderunt!
1413 4508 1457 4582 Et
1479 4516 1581 4584 certe

406 4624 524 4699 simile
540 4625 669 4700 iecisse
694 4632 868 4700 narratur
884 4625 979 4700 alins
995 4626 1071 4700 dux
1088 4646 1234 4723 graecus
1251 4627 1480 4722 idomeneus,
1499 4628 1575 4724 qni,

405 4752 449 4819 ut
478 4744 602 4819 scribit
627 4744 809 4841 Virgilius,
841 4744 1055 4819 imminente
1084 4745 1202 4820 valida
1238 4754 1456 4842 tempestate
1489 4769 1577 4824 cum

405 4864 541 4941 rediret
564 4887 587 4940 a
612 4864 731 4959 l'roia,
750 4864 849 4940 vovit
874 4884 915 4940 se
939 4865 1220 4941 immolaturum
1239 4868 1397 4963 primam
1417 4888 1497 4943 rem
1516 4888 1579 4944 oc-

467 5125 496 5191 (¹)
512 5128 543 5180 ll.
559 5128 674 5180 inbutum
689 5130 817 5193 poetieam
833 5132 909 5193 poeta
924 5130 1022 5180 noster.
1148 5128 1175 5191 ι’)
1191 5129 1223 5181 ll.
1238 5133 1315 5181 antor
1331 5134 1419 5181 noster
1435 5130 1543 5194 occepit
