4575 6842
805 1003 947 1060 caurus
971 1003 1134 1060 ruamus.
1487 989 1559 1058 373

385 1152 516 1224 clt'unc
529 1151 628 1242 sensi
642 1155 762 1222 nostre
779 1151 905 1240 treptie,
922 1169 995 1223 una
1009 1141 1046 1240 (¹)
1066 1147 1207 1222 unitate
1226 1150 1441 1223 concordiae.
1459 1149 1560 1224 Beue

387 1292 479 1368 ergo
503 1270 589 1344 dicit
613 1269 762 1344 Boetius
788 1269 824 1342 in
850 1269 943 1342 libro
968 1269 1015 1342 de
1041 1269 1177 1365 regulis
1204 1268 1299 1361 fidei,
1320 1270 1420 1364 quod
1446 1269 1560 1344 sancti

388 1393 425 1466 in
451 1391 510 1466 illa
533 1389 651 1486 gloria
676 1395 787 1463 eruut
809 1387 945 1462 astricti
969 1393 1069 1462 tauto
1087 1389 1249 1463 caritatis
1265 1390 1413 1483 ellectu,
1430 1396 1473 1463 ut
1491 1390 1561 1462 mi-

389 1510 512 1586 nimus
538 1509 574 1582 iu
601 1508 763 1583 marimo
788 1508 944 1604 gloriam
971 1529 1076 1582 suam
1095 1508 1131 1582 in
1153 1515 1295 1582 tantum
1316 1529 1397 1584 esse
1421 1510 1563 1606 gaude·

390 1632 453 1726 bit,
479 1630 578 1706 acsi
604 1635 745 1704 tautum
774 1629 926 1724 ipsemet
951 1629 1141 1704 obtineret.
1168 1629 1263 1716 Quid
1289 1629 1451 1702 mirum?
1475 1649 1564 1704 cum

390 1753 489 1826 Deus
514 1769 660 1823 summa
686 1747 829 1843 caritas,
855 1770 1001 1822 summa
1019 1748 1194 1844 sapientia
1213 1749 1249 1822 in
1267 1749 1352 1844 ipsis
1369 1750 1426 1843 sit,
1443 1756 1481 1824 et
1497 1749 1565 1845 ipsi

390 1871 427 1944 in
452 1870 540 1944 Deo.
566 1871 605 1944 ln
632 1869 710 1964 ipso
734 1869 913 1963 siquidem
941 1889 1057 1965 regno
1083 1870 1270 1944 habebunt
1297 1871 1415 1945 lteum
1444 1871 1566 1965 ipsum

392 1989 599 2087 praemiunr,
613 2009 724 2083 quem
743 1993 922 2084 perpetuo
939 1989 1030 2063 facie
1047 1989 1093 2063 ad
1111 1989 1242 2064 iaciem
1260 1990 1565 2084 contemplabun-

392 2123 472 2207 tur3
485 2118 523 2188 et
535 2131 621 2205 quae
638 2131 736 2184 nuuc
753 2129 819 2205 per
836 2110 1025 2203 speculum
1045 2109 1082 2182 in
1101 2109 1299 2206 enigmate
1315 2111 1566 2207 imaginantur

391 2234 512 2309 diviua
537 2237 691 2323 secreta,
711 2237 800 2305 tunc
826 2229 1048 2325 plenitudine
1065 2230 1225 2304 scientiar
1242 2232 1564 2325 comprehendent

393 2355 437 2430 Et
461 2352 645 2428 concludit
669 2351 837 2426 Boetius:
862 2351 1088 2426 Erubescant
1115 2350 1225 2446 igitur
1251 2352 1477 2426 llaclromitae
1502 2351 1566 2446 qui

395 2473 631 2548 mulierculas
656 2477 693 2548 et
721 2469 802 2544 miri
823 2471 961 2566 saporis
979 2489 1110 2546 carnes
1131 2470 1277 2545 delicias
1297 2471 1467 2545 bestiales
1491 2477 1567 2546 ter-

396 2614 504 2670 renas
530 2613 604 2667 non
628 2592 808 2682 coelestes,
825 2591 989 2686 corporis
1009 2611 1082 2664 non
1103 2590 1237 2664 auimae
1258 2591 1568 2664 resurrectionem

396 2704 737 2810 promittuut-Si
769 2713 839 2784 cde.
873 2711 938 2785 llic
967 2711 1145 2784 Picharda
1177 2710 1276 2784 addit
1304 2711 1351 2784 ad
1384 2712 1569 2805 praedicta,

397 2833 495 2929 quod
522 2833 589 2908 ista
614 2853 768 2908 concors
793 2839 831 2908 et
857 2832 958 2905 unita
985 2832 1154 2906 voluntas
1170 2853 1244 2905 non
1261 2832 1381 2905 solum
1403 2838 1457 2907 est
1474 2834 1570 2907 inter

398 2977 463 3032 eos
487 2955 524 3028 iu
548 2955 608 3029 illa
634 2973 740 3050 spera
766 2952 927 3028 interiori
954 2954 1061 3046 lunae,
1088 2954 1151 3028 sed
1177 2953 1289 3028 ctiam
1314 2953 1409 3028 inter
1442 2973 1572 3028 omnes

398 3098 464 3174 per
489 3095 615 3171 speras
640 3074 858 3169 superiores.
886 3073 988 3148 Unde
1013 3073 1116 3148 dicit:
1148 3067 1186 3148 Si
1209 3077 1270 3147 cte
1297 3095 1394 3147 come
1416 3077 1478 3147 noi
1500 3094 1572 3146 sem

398 3201 437 3272 di
458 3199 573 3288 reptio
596 3197 634 3268 tn
657 3197 784 3286 sopito,
808 3194 910 3288 idest,
928 3193 975 3268 de
991 3193 1108 3288 gradu
1128 3193 1165 3267 iu
1186 3193 1358 3290 gradum,
1370 3215 1439 3286 per
1454 3199 1573 3285 puato

397 3339 522 3410 repno,
548 3315 650 3407 idest,
677 3335 743 3408 per
768 3335 898 3388 omues
919 3334 1044 3408 speras
1065 3313 1259 3406 coelorum,
1274 3317 1375 3406 piace
1399 3336 1424 3386 c
1448 3315 1577 3386 tuttoit

399 3459 523 3530 repro,
550 3435 651 3528 idest,
677 3433 848 3508 omuibus
874 3433 1066 3530 regnicolis
1092 3433 1220 3527 beatis,
1244 3455 1340 3506 come
1364 3437 1403 3507 el
1425 3456 1479 3526 re,
1504 3433 1575 3506 sci-
1663 3436 1667 3442 ’

402 3559 495 3651 licet,
521 3562 673 3648 aterno,
698 3557 805 3630 clte'n
829 3575 894 3628 suo
920 3557 1017 3628 ooler
1040 3575 1085 3628 ne
1100 3556 1269 3646 'neopttm
1287 3555 1389 3648 idest,
1410 3555 1577 3630 accendit

403 3699 469 3754 nos
494 3683 532 3754 et
556 3676 695 3751 animat
720 3675 887 3748 insuam
916 3676 1155 3748 voluntatem.
1181 3675 1226 3748 llt
1250 3675 1452 3750 concludit:
1477 3679 1515 3748 in
1541 3677 1577 3748 lu

403 3820 469 3874 see
487 3801 660 3872 voluntate
684 3794 704 3872 c*
726 3803 851 3870 nostre
865 3817 969 3888 paee,
987 3795 1089 3893 idest,
1107 3796 1283 3890 quietatio
1300 3803 1337 3871 el
1354 3798 1578 3872 contentatio

405 3918 535 3994 animi:
561 3937 668 3992 amor
693 3916 791 3991 enim
818 3921 958 4009 quantu
990 3923 1045 3990 cst
1074 3915 1229 3992 dillusus
1254 3915 1291 3990 in
1316 3917 1451 4012 plures,
1477 3923 1579 3991 tanto

405 4047 461 4116 est
487 4039 605 4114 maior
629 4046 668 4114 et
698 4037 904 4133 perfectior,
931 4037 1017 4130 quia
1050 4035 1100 4110 illi
1134 4037 1258 4132 plures
1290 4037 1503 4111 referuntur
1532 4037 1580 4112 ad

407 4183 536 4254 unum,
562 4159 697 4234 scilicet
721 4160 859 4250 Deum3
887 4156 984 4231 uude
1008 4157 1110 4232 dicit:
1141 4159 1222 4249 etta,
1247 4155 1383 4232 scilicet
1411 4159 1581 4232 voluntas

406 4282 539 4374 divina,
566 4277 688 4372 deuel
718 4301 829 4372 mure,
858 4278 1003 4372 scilicet,
1032 4299 1230 4374 magnum·
1256 4283 1295 4353 al
1323 4282 1408 4371 quet
1439 4282 1583 4352 tuttori

407 4421 530 4475 rnuoec
544 4392 598 4474 ciri
614 4402 742 4474 clt’etle
757 4403 848 4492 mie,
868 4419 915 4472 ex
933 4399 1045 4472 nihilo
1062 4398 1158 4472 sicut
1173 4399 1298 4495 augeli·
1311 4405 1348 4474 et
1364 4399 1499 4472 animae
1517 4419 1579 4472 ra·

409 4523 570 4614 tionales‚
595 4541 615 4593 e
638 4522 698 4594 clu
725 4527 857 4593 nature
885 4523 977 4614 soce,
1004 4519 1105 4614 idest,
1132 4519 1301 4614 producit
1331 4539 1398 4615 per
1423 4539 1583 4616 genera·

407 4643 556 4717 tionem.
584 4641 628 4714 Et
654 4640 711 4714 hic
736 4647 821 4714 nota
848 4647 1029 4733 quantum
1061 4639 1259 4714 similitudo
1290 4641 1402 4714 maris
1427 4642 1474 4714 sit
1497 4663 1583 4736 pro·

412 4761 507 4858 pria:
534 4762 627 4836 sicut
652 4761 752 4834 euim
777 4779 907 4835 omnes
931 4781 1039 4854 aquae
1065 4761 1201 4836 nabent
1220 4768 1345 4836 ortum
1371 4783 1394 4836 a
1420 4763 1524 4858 mari,
1546 4770 1585 4839 et

412 4885 651 4957 revertuntur
676 4879 722 4954 ad
749 4879 835 4954 illud
861 4885 898 4954 et
924 4901 1029 4954 mare
1055 4901 1126 4955 non
1155 4881 1358 4973 redundat3
1383 4883 1433 4958 ita
1459 4885 1583 4960 omnia

474 5140 501 5204 (¹)
518 5146 541 5201 t,
559 5141 632 5201 idest,
648 5155 709 5192 uer.
