4575 6842
724 1001 795 1070 tot
1115 1009 1321 1067 counnruu
1345 1009 1514 1065 rnnnnrsr

722 1157 845 1232 radius
870 1157 955 1233 solis
980 1157 1162 1232 retractus
1186 1156 1224 1230 in
1249 1153 1444 1251 superficie
1466 1152 1633 1248 corporis
1658 1152 1798 1227 lunaris
1822 1173 1896 1228 non

721 1285 816 1354 esset
840 1278 1007 1354 diversus
1032 1277 1070 1352 in
1095 1277 1260 1352 claritate
1283 1277 1331 1351 ab
1356 1277 1418 1351 illo
1445 1274 1548 1348 radio
1571 1273 1638 1368 qui
1653 1273 1701 1348 sit
1718 1274 1897 1350 retractus

724 1397 819 1472 intra
843 1418 979 1494 corpus
1003 1399 1101 1472 lunae
1126 1414 1242 1493 prope
1264 1403 1448 1472 centrum.
1475 1395 1529 1468 Ad
1553 1393 1807 1489 probationem
1828 1412 1899 1469 an-

725 1522 801 1591 tem
821 1515 930 1590 huius
947 1516 1094 1591 adducit
1111 1517 1363 1612 probationem
1382 1516 1632 1612 speculorum,
1645 1515 1682 1588 in
1696 1515 1830 1609 quibus
1844 1515 1899 1590 vi·

724 1636 871 1712 debitur
896 1637 1022 1712 lumen
1047 1637 1213 1713 unsdem
1238 1639 1343 1735 ignis,
1362 1659 1435 1712 non
1461 1637 1629 1712 obstante
1655 1636 1754 1730 quod
1780 1653 1897 1710 unum

727 1759 916 1854 speculum
935 1758 981 1831 sit
997 1757 1113 1854 magis
1129 1759 1238 1855 longe
1254 1759 1303 1833 ab
1319 1759 1404 1855 igne
1421 1779 1534 1851 qnam
1552 1758 1662 1832 aliud.
1678 1756 1770 1832 llicit
1786 1777 1897 1854 ergon

732 1885 781 1954 lu
795 1881 987 1972 prenderat
1006 1885 1058 1952 tre
1074 1867 1219 1972 speccti,
1238 1900 1258 1951 e
1275 1881 1427 1952 mmnoot
1441 1881 1456 1951 i
1471 1882 1537 1953 due
1551 1881 1602 1952 du
1620 1886 1665 1970 te,
1682 1877 1784 1972 idest,
1803 1896 1900 1974 pone
1976 1919 1979 1922 ·

727 2019 749 2076 a
775 2000 884 2096 louge
908 2006 994 2075 anto
1020 2006 1067 2094 te,
1094 2002 1128 2072 d'
1141 2021 1190 2072 un
1218 2001 1336 2090 modo,
1361 1998 1464 2092 idest,
1490 1999 1691 2092 equaliter,
1717 2021 1737 2072 e
1767 2000 1792 2072 l'
1803 2001 1900 2072 nitro

721 2113 784 2214 pii
808 2121 971 2211 rimosm,
996 2119 1098 2214 idest,
1125 2125 1163 2194 et
1194 2139 1272 2193 uno
1304 2118 1376 2193 alio
1409 2118 1518 2193 tertio
1548 2118 1697 2214 speculo
1731 2117 1901 2214 magian

725 2240 834 2334 longe
859 2238 986 2334 posito,
1013 2242 1056 2313 tr’
1070 2239 1173 2312 ambo
1198 2241 1224 2312 lt
1243 2241 1364 2332 primi,
1387 2238 1491 2333 idest,
1510 2238 1606 2313 inter
1631 2238 1691 2312 illa
1715 2237 1791 2312 dno
1816 2254 1900 2333 spe·

726 2359 809 2433 cula
835 2357 966 2454 prima,
985 2361 1113 2434 ritrom
1136 2362 1187 2451 pti
1210 2361 1306 2432 occli
1329 2362 1420 2433 tuot.-
1444 2362 1572 2432 rivolta
1592 2361 1641 2432 ari
1657 2361 1735 2451 essi,
1754 2358 1902 2452 scilieet,

727 2478 858 2554 odilla
884 2479 953 2553 tria
987 2480 1135 2574 specula
1166 2479 1360 2574 praedicta3
1390 2479 1532 2574 deinde,
1560 2483 1612 2573 [α’
1627 2482 1689 2552 cte
1720 2500 1769 2552 uo
1799 2482 1900 2571 tunic,

728 2599 821 2674 sicut
841 2599 965 2674 radius
982 2599 1066 2674 solis
1085 2600 1141 2674 vel
1160 2599 1264 2696 ignis,
1282 2603 1309 2673 o·
1325 2607 1400 2673 sica
1416 2602 1509 2692 dopo
1522 2602 1548 2672 'l
1563 2602 1681 2691 domo,
1698 2619 1722 2673 a
1737 2593 1774 2692 (¹)
1797 2607 1903 2697 tergo

731 2726 809 2813 tuo,
841 2722 914 2812 cie,
943 2721 1045 2815 idest,
1076 2720 1174 2815 quod
1206 2721 1344 2814 lumen,
1376 2723 1544 2812 woodo,
1575 2719 1678 2814 idest,
1709 2719 1901 2812 illuminet,

641 2904 645 2912 .
730 2843 745 2914 i
767 2847 821 2915 tre
844 2843 989 2934 sperent,
1015 2848 1053 2916 et
1074 2840 1130 2916 lac
1153 2841 1252 2936 quod
1269 2841 1357 2915 illud
1376 2841 1515 2935 lumen,
1531 2844 1740 2935 riperensem
1758 2840 1903 2934 scilicet,

731 2981 798 3057 por
823 2961 1071 3056 reflexionem,
1097 2964 1228 3035 ritono‘
1251 2982 1277 3035 a
1300 2969 1331 3034 te
1355 2964 1404 3035 da
1429 2966 1515 3054 tutti,
1535 2960 1638 3054 idest,
1659 2961 1707 3035 ab
1731 2961 1904 3035 omnibns

733 3081 850 3156 tribus
875 3082 1030 3177 speculis
1054 3082 1246 3177 praedictis‚
1263 3078 1400 3174 tenete,
1417 3081 1521 3175 idest,
1535 3082 1718 3176 quamvis,
1740 3084 1778 3155 lo
1801 3084 1901 3176 mu,

732 3201 834 3296 idest,
861 3202 951 3276 risio
976 3209 1052 3299 tua,
1084 3197 1146 3295 ptri
1170 3205 1330 3292 lontano,
1355 3200 1457 3296 idest,
1484 3220 1568 3294 quae
1601 3200 1745 3296 respicit
1771 3221 1905 3296 specu-

733 3322 811 3394 lum
832 3323 947 3419 magis
963 3321 1112 3420 alonge
1130 3322 1302 3417 positum,
1314 3343 1385 3395 non
1398 3325 1430 3394 ri
1440 3325 1564 3395 amodo
1577 3329 1673 3395 tanto
1689 3325 1748 3396 net
1762 3330 1905 3414 quanm,

733 3441 836 3536 idest,
862 3463 935 3516 nou
962 3442 1082 3516 videat
1104 3449 1247 3517 tantum
1272 3442 1319 3516 de
1344 3441 1549 3536 quantitate
1565 3441 1724 3535 luminis,
1742 3435 1766 3516 li
1783 3445 1907 3517 munt

698 3651 701 3658 ,
733 3583 829 3636 come
853 3565 996 3636 concion
1025 3565 1076 3635 ct'
1089 3564 1302 3654 epoolmmte
1324 3565 1518 3654 emman,
1544 3561 1690 3656 scilicet,
1721 3561 1908 3657 quodlibet

734 3683 847 3755 trium
874 3683 1108 3777 speculorum
1135 3682 1407 3778 predictorum.
1435 3681 1479 3753 Et
1503 3688 1590 3756 nota
1611 3681 1670 3756 bic
1687 3682 1786 3776 quod
1811 3671 1908 3757 isturl

734 3803 945 3898 exemplum
971 3803 1111 3878 autoris
1131 3803 1271 3899 judicio
1297 3823 1382 3878 meo
1411 3823 1485 3876 non
1513 3802 1707 3897 convincit,
1732 3804 1809 3878 imo
1832 3817 1907 3879 non

735 3922 819 3997 lacit
842 3922 890 3997 nd
916 3923 1154 4018 propositum,
1181 3923 1268 4018 quia
1293 3941 1367 3996 non
1392 3929 1447 3998 est
1472 3921 1592 3997 simile
1619 3923 1667 3998 de
1694 3918 1847 4019 ¹=speculo
1872 3930 1909 3999 et

735 4061 891 4137 corporo
917 4042 1033 4137 lunae3
1060 4063 1144 4116 narn
1172 4042 1362 4138 speculum
1388 4063 1462 4116 non
1487 4043 1616 4138 recipit
1637 4043 1763 4118 lumen
1783 4044 1852 4117 nisi
1870 4043 1909 4118 in

737 4161 929 4256 superficie
954 4163 1171 4259 dyaphanali
1188 4163 1287 4258 politi
1305 4163 1404 4257 quod
1421 4170 1613 4238 extentum
1638 4171 1694 4239 est
1717 4171 1756 4239 et
1781 4165 1910 4240 termi-

740 4273 888 4376 natum'3
914 4281 1014 4356 unde
1030 4281 1117 4375 quin
1143 4283 1333 4377 speculum
1359 4283 1471 4358 babet
1496 4284 1623 4359 lumen
1642 4305 1665 4359 a
1685 4290 1792 4380 tergo
1817 4283 1910 4359 radii

737 4422 812 4476 non
838 4407 988 4496 possunt
1012 4407 1219 4496 penetrare,
1237 4401 1313 4476 imo
1329 4402 1451 4476 stabm
1471 4402 1761 4500 multiplicantur
1785 4405 1823 4478 in
1848 4420 1911 4479 sn-

736 4521 885 4617 perficie
910 4521 1006 4615 eius3
1032 4520 1095 4596 sed
1121 4521 1160 4594 in
1184 4541 1339 4617 corpore
1363 4521 1462 4598 lunoe
1490 4531 1548 4599 cot
1572 4543 1679 4600 secus
1705 4526 1793 4620 quia
1820 4522 1910 4601 raclii
2031 4624 2037 4634 θ

737 4641 1010 4736 profunduntur
1035 4642 1225 4735 usquead
1249 4646 1432 4717 centrum.

680 4829 684 4838 .
817 4765 868 4835 Or
892 4782 987 4835 come
1012 4765 1050 4835 oi
1072 4764 1172 4855 cotpt.
1201 4761 1271 4836 lsta
1288 4769 1346 4837 est
1364 4768 1498 4857 quarta
1523 4770 1561 4839 et
1586 4763 1715 4839 ultima
1738 4779 1826 4862 pars
1840 4781 1912 4864 ge·

740 4881 884 4977 nonalis,
909 4882 947 4956 in
972 4903 1047 4976 qua
1072 4881 1221 4958 Beatrix
1241 4883 1427 4959 destructa
1445 4891 1484 4959 et
1500 4891 1640 4961 cassata
1656 4887 1827 4982 opinione
1842 4902 1912 4964 sno

798 5149 832 5214 τ’)
847 5146 879 5201 n.
893 5149 961 5202 illest
976 5159 991 5202 a
1007 5155 1090 5216 tergo.
