4575 6842
847 989 985 1044 caurus
1010 989 1190 1056 Quunrus.
1532 977 1601 1046 391

507 1137 544 1208 L’
557 1137 653 1208 elna
677 1137 888 1210 dubitarim.
914 1135 986 1210 Ista
1011 1139 1066 1210 est
1091 1133 1199 1209 tertia
1230 1154 1316 1229 pars
1345 1135 1540 1232 generalis,
1566 1135 1605 1209 in

431 1275 506 1350 qua
531 1255 666 1330 Dantes
690 1255 854 1350 procedit
878 1255 925 1329 ad
950 1253 1169 1330 solutionem
1195 1254 1325 1349 primae
1350 1255 1604 1351 dubitationis3

432 1381 469 1452 et
494 1375 613 1470 prime
639 1374 825 1470 praemittit
850 1393 968 1467 quare
986 1373 1168 1449 distulerit
1188 1372 1408 1448 solutionem
1426 1375 1532 1470 illius,
1549 1374 1607 1449 di-

433 1515 538 1570 cens:
565 1498 602 1567 ι’
615 1496 711 1568 elba
727 1494 940 1585 dubitarim,
958 1493 1093 1568 seilicet
1114 1492 1246 1587 prima,
1263 1494 1324 1564 cle
1348 1495 1374 1566 tt
1392 1515 1606 1586 commuove,

433 1614 535 1708 idest,
561 1615 753 1710 perturbat
780 1619 940 1690 mentem
967 1621 1084 1709 tuam,
1101 1615 1149 1686 ba
1170 1633 1249 1686 men
1266 1615 1396 1707 celeno,
1418 1614 1505 1708 quia
1531 1633 1606 1688 nen

432 1743 553 1831 posset
581 1733 729 1807 inlicere
763 1733 925 1808 animam
952 1733 1121 1809 baeretica
1148 1731 1345 1828 pravitate3
1372 1733 1471 1808 unde
1494 1731 1604 1806 dicit:

432 1847 537 1928 siclae
555 1875 622 1928 sua
643 1856 786 1927 malicia
804 1874 877 1926 nen
890 1857 915 1928 c·
924 1857 1045 1944 pocta
1057 1873 1184 1926 maner
1195 1854 1244 1925 da
1262 1873 1317 1925 me
1330 1854 1480 1946 altrum,
1497 1851 1600 1945 idest,

432 1974 627 2050 averitate
643 1995 758 2050 sacrae
775 1973 966 2068 scripturae
984 1973 1021 2047 in
1042 1972 1285 2070 ignerantiam
1305 1971 1446 2045 falsam.
1459 1972 1503 2045 Et
1517 1991 1606 2046 cen-

434 2093 556 2168 firmat
581 2093 719 2168 dictum
740 2114 861 2167 sunm
891 2113 957 2189 per
982 2092 1179 2166 notabilem
1210 2091 1439 2185 sententiam,
1462 2090 1604 2165 dicens:

325 2215 331 2233 '
434 2217 471 2288 lc
486 2220 611 2287 nostm
634 2216 811 2304 prutina,
824 2213 970 2306 scilicet,
988 2211 1121 2306 divina,
1148 2231 1233 2304 quae
1257 2217 1313 2285 est
1337 2231 1484 2305 semper
1503 2230 1605 2305 vera,

428 2354 545 2427 parer
560 2336 713 2424 inpiusta
729 2335 804 2424 apii
819 2335 914 2406 occbt
930 2334 982 2406 del
995 2334 1150 2422 nmrtali,
1163 2330 1266 2421 idest,
1279 2329 1521 2404 intellectibus
1537 2330 1605 2405 be-

434 2453 575 2526 minum
602 2452 767 2546 infirmis,
787 2449 808 2527 e*
831 2457 1037 2543 arpomcnto
1062 2455 1100 2525 di
1120 2454 1212 2545 sede,
1232 2449 1379 2543 scilicet,
1397 2449 1606 2544 christiana,

433 2593 540 2646 enon
557 2575 591 2646 d'
603 2575 729 2646 cretica
745 2575 920 2665 eccelsia,
940 2571 1027 2665 quia
1046 2571 1165 2644 benus
1182 2571 1293 2643 bemo
1311 2569 1426 2644 credit
1448 2569 1604 2645 tirmiter

433 2694 552 2769 Deum
578 2713 659 2768 esse
687 2711 834 2787 semper
858 2693 1015 2786 jnstum‚
1040 2691 1123 2766 licet
1153 2690 1273 2765 rideat
1306 2711 1404 2785 saepe
1419 2681 1455 2783 (¹)
1483 2691 1606 2784 aliqua

434 2832 547 2909 opera
572 2813 824 2908 iniustissima3
850 2820 887 2888 et
917 2813 969 2888 sic
998 2812 1113 2888 credit
1142 2811 1242 2906 qued
1268 2832 1341 2886 nen
1372 2811 1480 2905 videt,
1506 2813 1606 2906 qued

435 2940 490 3009 est
513 2939 775 3030 argumentum
808 2933 899 3007 lidei.
929 2933 974 3006 ut
1002 2932 1180 3027 promittit
1204 2932 1437 3026 solutionem,
1461 2931 1605 3007 dicens:

435 3074 495 3128 ma
518 3057 553 3128 io
578 3058 605 3128 e·
625 3047 711 3148 sard
736 3059 904 3146 coneum,
924 3053 970 3128 de
996 3053 1064 3127 isto
1084 3051 1208 3146 dubie,
1227 3073 1324 3125 come
1340 3055 1461 3142 densi,
1479 3073 1607 3146 aequa-

290 3237 292 3242 ,
433 3173 516 3250 liter
541 3174 634 3250 sicut
658 3175 889 3250 desiderabas
916 3173 994 3249 lieri
1024 3174 1070 3247 de
1097 3172 1310 3267 jamdicto,
1332 3170 1462 3264 percle*
1484 3181 1605 3247 eosne

435 3297 702 3386 acccrptmentc,
720 3295 822 3388 idest,
839 3295 1028 3391 ingenium
1046 3294 1252 3367 humanum
1271 3313 1357 3367 cum
1376 3292 1525 3367 scientia
1547 3315 1607 3368 se-

434 3413 562 3509 culari,
575 3421 680 3507 prote
695 3416 759 3488 ben
770 3421 959 3508 perpetrare
983 3436 1007 3486 α
1033 3421 1152 3505 questa
1178 3415 1331 3487 veritate
1350 3413 1441 3486 Nam
1467 3412 1608 3487 bristo·

435 3535 526 3610 teles
552 3534 657 3610 tertio
684 3535 894 3609 Etbicornm
913 3535 1041 3629 pulcre
1058 3538 1257 3628 pertractat
1280 3533 1387 3606 istam
1415 3533 1608 3609 veritatem

435 3653 482 3729 de
498 3653 707 3728 voluntarie
724 3661 761 3729 et
777 3653 1023 3728 involuntarie
1034 3644 1083 3745 (Ἲς
1098 3693 1148 3706 -
1160 3657 1213 3727 Se.
1231 3654 1337 3727 Nunc
1354 3651 1499 3727 Beatrix
1519 3653 1609 3728 inci-

436 3773 488 3871 pit
512 3773 655 3849 sclvere
679 3775 811 3848 dictam
839 3773 1091 3868 quaestionem,
1117 3779 1156 3847 et
1179 3772 1304 3868 arguit
1332 3792 1398 3866 per
1422 3771 1608 3848 diffinitio·
1736 3763 1739 3768 ’

437 3911 522 3968 nem
551 3892 708 3988 violenti,
733 3894 833 3989 quod
863 3893 940 3968 istae
970 3892 1144 3968 mulieres
1174 3913 1248 3966 nen
1280 3897 1431 3986 pessunt
1456 3892 1607 3967 omnino

436 4011 505 4087 dici
528 4011 743 4088 violentatre.
763 4014 807 4088 Et
822 4014 869 4088 ad
886 4011 1160 4108 intelligentiam
1178 4010 1289 4084 buius
1308 4010 1422 4086 literae
1440 4018 1494 4084 est
1511 4032 1607 4105 prae-

438 4131 638 4206 notandum
657 4133 756 4227 quod
777 4132 1026 4207 voluntarium
1043 4131 1177 4206 dicitur
1193 4130 1298 4204 cuius
1316 4129 1532 4224 principium
1552 4137 1607 4204 est

437 4251 475 4325 in
500 4251 578 4344 ipsu
603 4259 798 4347 operante3
825 4252 1109 4326 involuntarium
1129 4256 1296 4325 econtra
1313 4255 1368 4324 est
1385 4250 1491 4324 cuius
1507 4249 1609 4344 prin-

438 4370 572 4464 cipium
600 4379 656 4445 est
671 4372 691 4416 *
704 4373 751 4446 ab
776 4379 881 4447 extra
900 4373 999 4466 quod
1016 4372 1055 4446 fit
1072 4371 1274 4466 dupliciter,
1294 4371 1352 4445 vel
1377 4391 1443 4466 per
1469 4369 1608 4445 violen-

439 4488 527 4564 tiam
554 4491 611 4564 vel
637 4511 704 4586 per
728 4492 993 4589 ignorantiam3
1026 4492 1227 4567 violentum
1259 4499 1314 4566 est
1343 4492 1451 4566 cuius
1475 4493 1609 4586 princi-

438 4609 540 4704 pium
571 4609 658 4684 est*
673 4600 710 4702 (³)
738 4612 977 4706 extrinsecus,
1004 4612 1053 4686 ita
1083 4612 1182 4706 qued
1209 4612 1348 4706 patiens
1378 4611 1464 4686 nibil
1485 4613 1610 4688 conle-

438 4740 497 4806 rat
529 4730 763 4825 violentanti3
797 4731 891 4806 sicut·
920 4732 949 4804 si
985 4731 1151 4806 bomines
1183 4737 1400 4826 potestatem
1436 4733 1611 4806 babentes

500 4961 529 5026 (¹)
545 4962 576 5012 Ε.
593 4973 704 5024 semper.

501 5035 529 5100 (⁸)
545 5038 576 5087 Ε.
592 5042 621 5086 ut
637 5037 673 5086 ibi
689 5037 834 5088 utrimn-
846 5037 886 5088 Sc.
903 5037 987 5088 Nunc.

502 5113 531 5176 ς’)
545 5115 582 5164 Le
598 5112 687 5176 parole
702 5113 744 5164 ira
759 5114 768 5164 l
784 5114 835 5165 due
851 5113 983 5165 asteriscbi
999 5126 1045 5164 son
1061 5113 1173 5178 snpplite
1188 5115 1259 5180 dagli
1273 5116 1335 5166 altri
1350 5121 1391 5166 tre
1406 5115 1502 5167 codici.
