4575 6842
718 950 788 1017 176
1079 958 1283 1014 comburunt
1307 958 1527 1014 ruautuoatt
1606 983 1610 990 ·

712 1109 750 1179 lu
773 1107 871 1178 seluo
891 1101 1043 1196 percl'd
1062 1107 1165 1198 solta,
1191 1101 1294 1199 idest,
1319 1103 1516 1178 arboribus
1540 1103 1667 1199 plena:
1695 1111 1732 1180 at
1757 1104 1810 1180 sic
1833 1105 1888 1180 vi·

712 1225 823 1301 detur
847 1223 971 1300 dicore
994 1225 1170 1317 breviter,
1196 1224 1294 1319 quod
1321 1233 1453 1300 ventus
1480 1215 1543 1319 qui
1569 1233 1624 1300 est
1650 1226 1708 1301 hio
1735 1249 1808 1302 non
1834 1234 1888 1302 est

711 1345 813 1422 aliud
838 1365 951 1440 quarn
979 1352 1101 1420 motus
1125 1345 1234 1439 aeris,
1253 1345 1353 1438 quod
1377 1345 1484 1419 multi
1510 1345 1622 1422 etiam
1648 1347 1821 1423 dixerunt
1841 1348 1887 1423 de

714 1471 839 1540 nostro
864 1472 975 1540 vento
1001 1464 1172 1540 interiori.
1201 1464 1271 1540 Sed
1296 1463 1355 1540 bio
1381 1472 1477 1558 nota,
1505 1464 1631 1561 lector,
1653 1467 1752 1561 quod
1778 1473 1884 1562 poeta

713 1594 839 1662 noster
857 1607 929 1661 uon
947 1586 1092 1662 videtur
1109 1605 1248 1681 ponere
1265 1585 1413 1680 aliquod
1429 1586 1656 1660 elementum
1674 1587 1778 1683 ignis,
1792 1587 1887 1664 siout

714 1707 825 1802 aliqui
844 1707 1041 1803 philosophi
1059 1706 1211 1801 antiqui,
1230 1705 1293 1801 qui
1315 1704 1487 1780 dixerunt
1507 1704 1628 1803 ignem
1646 1708 1817 1804 generari
1838 1729 1882 1784 er

714 1827 974 1902 confricatione
997 1827 1094 1901 aeris
1118 1810 1164 1900 ad
1191 1826 1350 1919 coelum3
1369 1825 1469 1900 unde
1492 1825 1593 1921 ponit
1609 1827 1668 1903 hic
1684 1848 1813 1903 aerem
1831 1829 1887 1903 vi-

714 1968 805 2024 vum
836 1947 1042 2022 oontinuari
1073 1947 1179 2022 coelo.
1206 1945 1325 2041 aliqui
1359 1967 1450 2022 vero
1485 1947 1651 2024 moderni
1684 1957 1886 2043 posuerunt

713 2087 841 2144 aerem
868 2067 993 2141 visum
1019 2087 1131 2162 super
1157 2067 1292 2164 ignem,
1311 2067 1405 2142 sicut
1421 2067 1622 2143 Brunettus
1643 2069 1803 2165 Latinus,
1822 2069 1884 2164 qui

714 2187 866 2262 nescivit
890 2187 1172 2283 philosophiam3
1200 2194 1236 2263 et
1261 2187 1355 2264 sicut
1384 2187 1534 2262 llicbael
1559 2187 1704 2262 Scottus
1729 2188 1792 2283 qui
1818 2189 1886 2263 luit

713 2307 846 2382 melior
857 2329 990 2404 magus
1003 2329 1116 2403 quam
1130 2308 1319 2402 naturalis,
1335 2315 1376 2382 ut
1389 2307 1474 2383 dicit
1486 2307 1675 2384 albertus:
1692 2308 1755 2383 sed
1772 2308 1884 2384 credo

714 2430 813 2526 quod
839 2437 946 2524 poeta
971 2429 1135 2523 loquitur
1154 2430 1352 2524 moraliter,
1371 2437 1412 2504 ut
1430 2428 1596 2504 ostendat
1620 2428 1881 2504 habitationem

714 2550 871 2624 bominis
897 2548 1047 2644 perlecti
1071 2569 1153 2624 osse
1178 2549 1388 2646 contiguam
1407 2550 1513 2644 coelo,
1531 2549 1625 2623 sicut
1641 2549 1809 2624 doctores
1829 2548 1885 2624 di-

714 2675 804 2745 cunt
828 2669 1038 2765 paradisum
1059 2668 1273 2744 deliciarum
1293 2669 1501 2766 pertingere
1522 2689 1641 2762 usque
1662 2669 1707 2743 ad
1734 2668 1882 2766 globum

714 2791 813 2864 lunae
836 2789 1069 2887 hyperbolice
1086 2791 1288 2884 loquentes.
1302 2797 1393 2864 -Ε
1407 2793 1453 2864 Ια.
1473 2790 1538 2864 Ηίο
1558 2789 1733 2864 blathildis
1758 2796 1882 2864 osten-

713 2910 767 2986 dit
792 2910 948 3005 qoaliter
972 2917 1199 3006 generantur
1226 2911 1366 2986 tructus
1386 2911 1434 2984 ibi
1453 2911 1588 2985 virtute
1610 2909 1719 3004 venti,
1741 2910 1882 2985 dicens:

714 3035 748 3104 E
762 3033 798 3103 ta
818 3033 958 3124 manu,
976 3029 1077 3122 idest,
1095 3032 1209 3127 sylva,
1224 3053 1403 3124 percurso,
1421 3031 1468 3104 ab
1486 3030 1546 3105 illo
1563 3051 1652 3105 aare
1668 3030 1745 3106 sive
1763 3035 1884 3123 vento,

714 3157 811 3225 tanto
832 3157 948 3244 puoto,
974 3150 1076 3244 idest,
1102 3159 1157 3224 est
1185 3158 1293 3226 tantae
1318 3151 1500 3247 potentiae,
1517 3153 1578 3224 cte
1601 3153 1693 3225 datto
1718 3171 1784 3224 rua
1810 3152 1885 3224 oir-

713 3277 780 3344 tute
796 3273 981 3362 improprio
998 3273 1134 3363 tauro,
1149 3271 1250 3366 idest,
1269 3271 1394 3366 implet
1413 3291 1552 3365 aerem,
1570 3292 1589 3343 c
1605 3273 1732 3365 quello,
1749 3270 1883 3344 scilicet

711 3411 806 3465 aura
824 3391 882 3465 vel
899 3411 966 3465 aar
986 3390 1037 3465 sic
1063 3390 1336 3487 impraegnatus,
1357 3399 1484 3482 rmore,
1503 3391 1604 3485 idest,
1622 3396 1832 3467 commovet
1849 3396 1886 3464 et

711 3511 887 3606 concutit,
897 3514 961 3607 poi
971 3514 1127 3602 orando
1142 3516 1285 3586 intorno
1291 3538 1306 3605 ;
1323 3518 1361 3586 et
1378 3512 1446 3587 isto
1460 3511 1569 3587 modo
1582 3511 1620 3585 dt
1634 3511 1884 3606 multiplicatio

711 3630 890 3706 arborum
926 3631 999 3704 ibi:
1035 3631 1133 3706 unde
1167 3631 1262 3725 dicit,
1290 3651 1308 3703 e
1333 3633 1465 3704 l'ottra
1496 3639 1607 3722 utro,
1632 3630 1727 3704 illius
1760 3630 1883 3727 sylvae,

712 3771 859 3844 coracepc
882 3753 1031 3844 efiplto,
1049 3751 1152 3846 idest,
1170 3751 1285 3848 gignit
1311 3757 1349 3826 at
1372 3751 1477 3846 parit,
1494 3753 1630 3825 cliuoso
1647 3754 1764 3844 tegna,
1781 3751 1883 3845 idest,

713 3870 816 3946 varia
831 3864 868 3964 (¹)
895 3891 1033 3968 genera
1064 3871 1257 3964 arborum,
1281 3874 1320 3945 dl
1343 3873 1479 3946 diuerso
1503 3867 1607 3963 obli,
1631 3875 1781 3947 secondo
1806 3869 1887 3945 clt'd

713 3993 842 4084 dopna,
868 3990 969 4085 idest,
995 3991 1166 4086 disposita
1191 3991 1344 4087 passive,
1360 4013 1426 4083 per
1442 4012 1492 4082 sc,
1509 3991 1587 4065 sine
1612 3991 1765 4086 semine,
1783 4011 1884 4084 oper

711 4132 776 4187 ruo
800 4114 898 4202 aab,
923 4111 1026 4205 idest,
1052 4111 1258 4186 secundum
1284 4111 1482 4208 puritatem
1507 4110 1564 4184 sui
1589 4112 1686 4186 aeris
1704 4117 1742 4186 et
1761 4110 1884 4207 proxi·

713 4232 878 4308 mitatem
904 4233 998 4307 eoeli.
1016 4233 1061 4306 lit
1085 4233 1248 4308 declarat
1265 4233 1363 4327 quod
1384 4231 1472 4306 dixit
1493 4231 1552 4306 bic
1576 4231 1622 4307 de
1646 4232 1883 4330 generatione

712 4354 890 4428 arborum
916 4373 983 4449 per
1008 4354 1043 4427 id
1069 4353 1169 4448 quod
1194 4353 1323 4428 accidit
1347 4351 1543 4447 aliquando
1560 4352 1598 4427 in
1616 4353 1748 4428 nostris
1773 4353 1884 4428 arbo·

714 4473 816 4548 ribus
840 4473 1070 4568 naturaliter,
1096 4474 1160 4548 sed
1185 4474 1353 4567 occulte,
1380 4493 1466 4548 uam
1497 4473 1621 4568 aliqua
1645 4473 1758 4547 arbor
1782 4472 1886 4570 vigo-

713 4615 800 4670 rosa
816 4594 1034 4692 impraegnat
1055 4615 1183 4670 aerem
1210 4592 1508 4669 circumstantem
1534 4593 1647 4669 odore
1668 4615 1747 4688 suo,
1766 4600 1803 4667 et
1818 4593 1886 4668 ali-

713 4715 798 4809 quis
822 4721 954 4790 ventus
978 4720 1141 4809 asportat
1165 4714 1268 4788 illum
1296 4733 1421 4789 aerem
1448 4713 1495 4788 ad
1520 4719 1658 4789 terram
1688 4720 1812 4810 aptam
1839 4713 1886 4788 ad

712 4833 991 4930 concipiendum
1006 4826 1057 4928 (¹),
1075 4841 1112 4910 et
1132 4834 1180 4909 ibi
1199 4840 1370 4909 nascetur
1395 4833 1521 4908 similis
1546 4834 1677 4928 arbor3
1696 4839 1733 4909 et
1753 4832 1801 4908 ita
1819 4832 1885 4906 ali·

776 5021 804 5083 t't
819 5023 851 5074 E.
867 5024 938 5073 vnn
953 5024 1084 5088 lignorum
1100 5025 1154 5074 riva
1170 5023 1294 5074 arborum
1311 5035 1414 5087 genera,
1431 5025 1466 5074 dl.

777 5100 804 5162 (¹)
819 5099 851 5152 Ε.
866 5101 1063 5164 concipiendum
1079 5102 1124 5153 ubl
1139 5106 1269 5153 nascetur.
