4575 6842
850 979 991 1035 caurus
1016 980 1159 1034 narnus.
1518 966 1588 1034 317

416 1125 567 1222 inguine
580 1125 685 1219 inira,
698 1132 736 1200 et
747 1127 919 1220 precibus
936 1127 1092 1201 deorum
1111 1125 1343 1199 marinorum
1360 1126 1457 1200 lotos
1471 1125 1592 1220 primo

416 1245 533 1320 multa
558 1265 656 1340 aqua
673 1244 771 1319 dulci
788 1245 987 1320 fluviorum
1005 1245 1121 1320 lactus
1139 1251 1196 1319 est
1212 1245 1302 1320 deus
1320 1246 1486 1321 marinos
1505 1267 1591 1318 mu-

415 1373 491 1441 tata
517 1365 554 1438 in
585 1365 715 1440 melius
740 1365 842 1439 omni
867 1366 985 1460 primo
1011 1365 1141 1462 ligura.
1170 1365 1245 1440 Hac
1272 1365 1376 1439 breui
1400 1364 1588 1460 premissa

417 1487 560 1578 labella,
578 1507 676 1560 nunc
700 1485 901 1580 considera,
922 1487 1047 1581 lector,
1066 1493 1246 1582 quantum
1274 1486 1370 1561 bene
1387 1505 1591 1580 repraesen-

418 1614 470 1683 tet
495 1612 656 1680 mentem
683 1605 795 1680 nostri
821 1607 985 1681 autoris:
1011 1627 1098 1682 nam
1124 1607 1286 1681 Glaucus
1311 1607 1469 1700 piscator
1494 1604 1591 1702 ligu-

418 1726 544 1802 raliter
569 1732 624 1801 est
650 1732 756 1821 poeta
777 1727 923 1821 Dentes,
942 1726 1006 1822 qui
1023 1726 1085 1800 diu
1099 1726 1230 1801 *luerat
1246 1726 1404 1822 piscatus
1430 1725 1467 1799 in
1492 1743 1590 1818 aqua

417 1844 547 1920 interni
573 1853 610 1920 et
635 1847 850 1942 purgatorii,
877 1853 913 1921 et
937 1847 1086 1922 tandem
1113 1852 1333 1942 pervenerat
1362 1846 1409 1921 ad
1439 1851 1586 1941 pratum

417 1967 550 2058 virens,
578 1965 641 2040 ubi
667 1987 857 2060 nunquam
886 1967 1007 2042 luerat
1031 1967 1124 2041 alius
1150 1974 1269 2064 poeta,
1290 1966 1426 2041 scilicet
1450 1966 1497 2040 ad
1524 1983 1590 2059 pa·

417 2087 580 2162 radisum
605 2086 833 2182 deliciarum,
853 2094 891 2163 ct
912 2087 959 2161 ibi
986 2095 1178 2182 tamquam
1204 2087 1361 2183 piscator
1386 2087 1506 2162 bonus
1523 2105 1590 2180 po·

416 2215 541 2282 suerat
567 2207 732 2282 homines
758 2214 883 2304 captos
916 2229 1088 2284 sermone
1118 2227 1199 2301 suo,
1226 2207 1291 2301 qui
1306 2198 1342 2299 (¹)
1370 2206 1454 2282 lacti
1479 2205 1588 2298 avidi,

414 2334 560 2424 gustata
586 2349 681 2402 nova
708 2330 835 2423 herba,
861 2329 953 2404 idest
978 2329 1155 2423 doctrina,
1179 2349 1263 2422 quae
1289 2329 1483 2422 hucusque
1507 2327 1588 2401 lue-

416 2456 475 2522 rat
495 2448 665 2523 inviolata
691 2461 729 2526 et
754 2450 901 2544 intacta,
919 2450 1151 2524 intraverunt
1176 2469 1300 2542 marc;
1318 2447 1450 2544 etipse
1469 2468 1588 2521 novus

414 2567 574 2644 Glaucus
601 2569 726 2645 relicta
753 2575 851 2644 terra
879 2590 985 2645 more
1009 2569 1135 2644 Glauci
1162 2569 1280 2643 lactus
1305 2575 1361 2643 est
1384 2568 1504 2663 primo
1528 2587 1588 2641 se·

418 2688 571 2781 mideus‚
594 2695 630 2762 et
650 2689 756 2782 plene
781 2695 818 2764 et
842 2689 1003 2784 perlecte
1019 2690 1115 2764 lotus
1140 2689 1238 2765 dulci
1262 2709 1360 2783 aqua
1386 2689 1584 2764 fluviorum

415 2806 571 2902 paradisi
597 2805 812 2881 deliciarum
838 2809 954 2884 iactus
980 2815 1035 2884 est
1060 2809 1152 2885 deus
1177 2808 1214 2882 in
1241 2829 1376 2906 magno
1402 2807 1497 2883 mari
1522 2827 1587 2903 pa-

417 2926 524 3002 radisi
548 2947 635 3002 com
661 2928 740 3003 aliis
765 2929 879 3004 beatis
905 2936 1048 3006 mutata
1073 2929 1194 3004 lorma
1220 2929 1348 3024 primae
1377 2934 1521 3004 natura
1547 2935 1586 3003 et

416 3047 515 3142 vitae3
543 3054 579 3122 et
605 3047 667 3123 ubi
693 3070 807 3144 parra
834 3051 917 3125 navi
943 3051 1121 3125 hactenus
1137 3056 1286 3146 ceperat
1304 3049 1420 3146 pisces
1439 3069 1585 3144 parvos,

415 3189 513 3243 nuno
539 3187 624 3242 cum
643 3190 779 3266 magno
796 3171 953 3267 navigio,
974 3171 1065 3246 idest
1090 3171 1164 3245 alto
1190 3169 1337 3267 ingenio
1353 3169 1466 3242 intrat
1484 3188 1588 3242 mare
1681 3230 1687 3238 .

414 3309 605 3385 magnum,
631 3290 735 3386 idest,
762 3291 979 3387 prolundam
1011 3291 1217 3384 materiam,
1246 3290 1285 3365 in
1313 3289 1510 3385 quocapit
1534 3289 1589 3384 pi·

415 3429 495 3484 sces
526 3431 692 3507 magnos,
722 3411 814 3487 idest
844 3411 1010 3486 homines
1039 3411 1231 3506 sapientes,
1262 3410 1356 3484 sicut
1390 3409 1467 3504 ipse
1504 3429 1590 3504 pro·

415 3535 572 3605 testatur
587 3521 625 3624 (²)
654 3531 690 3605 in
715 3531 890 3627 principio
915 3531 1061 3627 capituli
1087 3529 1238 3605 secundi
1263 3529 1459 3622 sequentis.
1485 3528 1590 3604 Nunc

413 3650 459 3724 ad
492 3650 635 3725 literam
666 3649 751 3726 dicit
782 3658 909 3726 autor:
941 3672 1011 3748 ego
1040 3652 1187 3744 Dentes,
1217 3653 1266 3724 mi
1293 3653 1343 3744 sei
1370 3652 1421 3723 tat
1449 3652 1588 3740 dcrttre,

414 3770 562 3864 scilicet,
584 3770 781 3864 intellectu,
799 3770 886 3866 quia
912 3770 949 3844 in
969 3789 1123 3865 corpore
1150 3775 1315 3843 mutatus
1340 3788 1413 3843 non
1440 3774 1506 3862 est,
1531 3771 1591 3842 nel

413 3912 477 3964 suo
514 3898 663 3984 aspecto,
696 3891 801 3985 idest,
836 3891 873 3964 in
910 3891 1118 3986 aspectione
1155 3889 1345 3983 Beatriois,
1376 3893 1462 3983 puel
1491 3892 1524 3962 si
1553 3892 1589 3982 se

417 4013 562 4102 Glauco,
580 4011 737 4106 piscator
753 4011 929 4104 marinus,
947 4012 1004 4082 net
1025 4015 1151 4100 postor
1174 4009 1358 4098 deltano
1384 4007 1524 4082 insolita
1550 4012 1588 4080 et

415 4130 583 4226 mirabili,
608 4134 668 4205 elre
691 4134 718 4205 'l
749 4135 785 4226 se
814 4138 975 4205 consorte
999 4131 1091 4222 deplr'
1115 4133 1200 4202 altri
1223 4131 1280 4202 dei
1302 4132 1341 4202 in
1366 4149 1447 4201 mor
1460 4153 1476 4221 ;
1501 4147 1586 4221 quae

414 4251 527 4326 herba
558 4251 642 4326 lecit
680 4273 767 4326 eum
799 4251 1011 4347 participem
1041 4249 1235 4326 divinitatis
1267 4254 1305 4323 et
1334 4247 1588 4322 immortalita-

414 4371 469 4446 tis.
489 4413 539 4424 -
562 4379 816 4464 trosumaner.
847 4373 912 4448 llio
941 4377 1047 4468 poeta
1080 4369 1334 4466 superextollit
1362 4369 1456 4442 hanc
1480 4385 1587 4442 suam

415 4490 619 4566 mirabilem
653 4492 1009 4585 transmutationem,
1040 4511 1124 4585 quae
1158 4511 1232 4564 non
1265 4494 1384 4584 potest
1415 4507 1588 4562 sermone

413 4610 599 4706 explicari,
617 4632 686 4686 nec
710 4611 789 4686 dari
816 4611 921 4686 alteri
938 4609 1105 4706 intelligi3
1124 4608 1224 4684 etad
1242 4609 1351 4682 huius
1368 4608 1483 4682 literae
1499 4607 1587 4681 satis

413 4731 582 4806 obscurae
600 4732 883 4807 declarationem
897 4739 952 4806 est
966 4731 1084 4826 primo
1102 4728 1472 4825 praesupponendum,
1487 4728 1586 4823 qood

413 4852 556 4925 nullum
582 4852 718 4927 animal
746 4853 782 4926 in
809 4873 934 4928 rerum
957 4857 1090 4925 natura
1108 4855 1251 4924 tantum
1275 4849 1412 4925 recedit
1426 4855 1465 4924 et
1481 4850 1585 4924 elon·

477 5111 505 5176 [¹]
520 5117 543 5172 t,
561 5112 708 5176 quistatim
725 5113 794 5164 lorti.
1044 5109 1072 5173 (Ἴ
1089 5116 1112 5170 t,
1131 5115 1251 5162 testator.
