4575 6842
732 934 807 1004 362
1074 961 1080 970 ·
1123 947 1519 1004 communetotum

729 1092 860 1167 melius
877 1098 984 1166 vocat
1000 1091 1206 1168 Beatricenr
1224 1093 1339 1168 solem
1354 1092 1623 1167 illuminantem
1640 1099 1805 1167 mentem
1821 1093 1903 1168 eius

727 1211 824 1287 circa
849 1210 990 1306 divina3
1015 1213 1075 1285 cle
1096 1215 1181 1306 prio
1206 1216 1255 1286 mi
1277 1204 1399 1287 scotdd
1423 1215 1451 1286 tr
1471 1219 1562 1305 petto
1591 1214 1771 1304 d’unwre,
1797 1192 1900 1304 idest,

728 1351 811 1426 quae
836 1331 956 1434 primo
980 1333 1164 1408 amoravii
1187 1353 1254 1407 cor
1274 1353 1403 1410 meum
1420 1332 1628 1427 carnaliter,
1646 1332 1778 1409 deinde
1795 1354 1900 1410 men-

726 1453 859 1547 taliter,
885 1453 980 1528 sicut
1005 1473 1102 1554 saepe
1127 1460 1317 1530 ostensum
1348 1459 1404 1530 est
1435 1454 1473 1531 in
1501 1454 1678 1554 principio
1707 1454 1839 1530 inierni
1865 1462 1903 1530 et

728 1573 764 1648 in
790 1573 862 1649 line
888 1573 1100 1671 purgatorii,
1119 1577 1164 1647 m'
1177 1595 1268 1648 oaao
1283 1582 1442 1667 rouperto
1461 1577 1490 1648 tl
1511 1577 1610 1648 dolce
1631 1583 1776 1668 uspctto,
1797 1575 1900 1670 idest,

729 1694 1024 1770 manifestaverat
1042 1693 1129 1768 milri
1147 1700 1293 1790 gratam
1310 1693 1572 1789 inspectionem
1593 1694 1691 1770 circa
1714 1696 1897 1770 maculam

727 1813 836 1907 lunae,
862 1816 900 1888 dt
929 1813 1017 1886 delta
1047 1803 1171 1904 void,
1195 1813 1291 1888 bene
1320 1812 1417 1908 dicit,
1451 1814 1537 1909 quia
1567 1814 1696 1908 pulcra
1720 1814 1900 1890 subtiliter

727 1933 817 2008 dixit
842 1933 938 2008 circa
970 1932 1077 2007 istam
1104 1934 1298 2008 materiam
1331 1933 1378 2008 ad
1408 1933 1662 2009 elucidandam
1692 1934 1897 2029 veritatem,

723 2055 911 2145 morundo
936 2073 955 2126 e
977 2055 1210 2146 appropiando,
1230 2053 1333 2148 idest,
1350 2073 1512 2150 arguens
1537 2075 1605 2149 pro
1629 2059 1668 2129 et
1692 2062 1833 2148 contra,
1858 2062 1901 2132 ut

726 2173 842 2270 patuit
867 2174 903 2251 in
928 2173 1147 2269 praecedenti
1164 2174 1399 2271 capitulo-
1412 2177 1516 2248 litto.
1534 2174 1600 2250 llic
1620 2175 1755 2251 Dantes
1772 2177 1900 2251 volens

726 2294 864 2370 intrare
889 2315 1024 2370 novam
1046 2296 1239 2371 materiam
1260 2295 1469 2370 animarum
1488 2295 1592 2392 lingit
1612 2315 1653 2371 se
1678 2296 1791 2371 luisse
1815 2298 1900 2372 abs·

727 2419 886 2492 tractum
912 2415 1137 2512 apparitione
1163 2437 1307 2511 aarum,
1324 2415 1414 2490 dum
1432 2421 1581 2511 pararet
1600 2415 1723 2490 dicere
1742 2416 1899 2492 Beatrici

727 2536 931 2631 quoderat
957 2537 1223 2612 iactuscertus
1255 2537 1303 2613 de
1330 2536 1427 2612 dicta
1456 2536 1635 2630 veritate;
1667 2536 1765 2611 undo
1789 2536 1897 2612 dicit:

727 2661 773 2730 Et
794 2659 829 2730 io
855 2660 945 2732 levat
969 2659 1004 2730 to
1029 2679 1131 2750 copo,
1150 2657 1213 2732 ubi
1229 2657 1350 2753 primo
1367 2657 1516 2732 tenebat
1533 2657 1654 2732 vuum
1671 2656 1835 2732 delirum
1861 2658 1899 2731 in

729 2775 932 2852 Beatricem
952 2778 1164 2852 auscultans
1185 2783 1324 2853 attente
1349 2771 1481 2872 quael')
1495 2776 1651 2871 dicebat,
1663 2796 1762 2850 nunc
1782 2776 1900 2851 erexit

728 2903 846 2993 caput,
862 2893 923 2990 pot
948 2905 1037 2989 erto,
1055 2897 1158 2992 idest,
1177 2897 1298 2992 altius,
1316 2904 1413 2972 tanto
1431 2903 1561 2988 qucum
1577 2900 1610 2970 si
1628 2917 1816 2988 convenae,
1835 2897 1896 2971 tali

729 3018 904 3115 materiae,
930 3022 1149 3114 aprosarr'r,
1174 3017 1276 3113 idest,
1302 3017 1349 3092 ad
1375 3017 1613 3112 loquendum,
1629 3039 1699 3110 per
1717 3020 1900 3111 confossa

727 3147 925 3232 molosso,
951 3141 1090 3235 supple,
1117 3159 1209 3233 esse,
1234 3124 1398 3232 conara
1426 3137 1574 3232 scilicet,
1589 3137 1637 3212 de
1653 3158 1784 3214 errore
1802 3157 1898 3232 meo,

726 3259 755 3333 si
783 3266 905 3336 tanmn
931 3281 1038 3336 error
1063 3266 1164 3354 erat3
1185 3280 1270 3334 nam
1291 3259 1412 3354 primo
1429 3258 1587 3332 habebat
1606 3257 1814 3353 opinionem
1835 3277 1900 3334 ve·

726 3399 819 3475 ram,
847 3403 959 3475 quam
991 3388 1115 3458 tamon
1140 3379 1308 3479 ‘mutant
1338 3379 1425 3474 quia
1451 3378 1528 3453 risa
1557 3385 1614 3478 est
1638 3378 1705 3454 sibi
1730 3399 1897 3475 erronea,

723 3522 743 3572 e
767 3509 875 3593 certo,
902 3501 1003 3595 idest,
1030 3500 1268 3577 certioratum
1294 3505 1332 3574 et
1356 3498 1583 3574 declaratum
1609 3498 1656 3572 de
1680 3498 1774 3572 dicta
1797 3498 1896 3573 veri-

726 3627 819 3716 tate3
838 3621 901 3698 sad
927 3629 1109 3697 retractus
1135 3626 1190 3696 est
1214 3642 1238 3695 a
1258 3620 1485 3696 confessione
1501 3641 1582 3714 sua,
1600 3619 1698 3695 uude
1717 3619 1820 3694 dicit:
1838 3641 1899 3692 mo

725 3743 867 3835 muana
896 3741 1042 3837 scilicet
1076 3741 1309 3836 umbrarum,
1343 3738 1390 3815 de
1421 3739 1571 3834 quibus,
1586 3739 1709 3814 statim
1730 3739 1897 3842 dicetur,

725 3883 895 3955 apparas,
921 3861 1035 3936 oculis
1061 3862 1164 3956 meis,
1189 3862 1250 3934 cte
1273 3863 1408 3933 mentre
1438 3880 1493 3934 nte
1521 3865 1618 3934 mato
1646 3866 1765 3932 stretto
1794 3879 1820 3931 u
1847 3880 1898 3950 aa,

726 3983 888 4058 novitate
914 3983 979 4078 rei,
1000 3983 1087 4078 quia
1112 3983 1191 4058 istae
1215 3985 1301 4056 sunt
1326 3979 1454 4075 primae
1470 3978 1604 4054 animae
1629 4000 1722 4073 qrras
1747 3978 1836 4055 vidit
1860 3978 1898 4054 in

726 4103 905 4200 paradiso,
931 4101 1013 4206 ideo
1038 4102 1159 4178 subita
1184 4101 1362 4197 apparitio
1379 4100 1432 4175 rei
1453 4099 1646 4196 incognita
1665 4099 1814 4174 abstulit
1830 4099 1897 4174 sibi

725 4222 962 4300 intentionem
989 4221 1173 4317 loquendi,
1200 4228 1238 4296 et
1262 4220 1361 4297 dedit
1385 4219 1452 4294 sibi
1477 4219 1716 4294 intentionem
1736 4218 1895 4313 videndi3

724 4343 806 4418 ideo
830 4343 927 4437 dicit,
939 4365 1008 4436 per
1032 4345 1180 4434 cederat,
1197 4340 1342 4435 scilicet,
1363 4341 1498 4416 dictam
1525 4340 1715 4434 visionem,
1739 4343 1802 4414 alre
1824 4361 1897 4414 non

724 4467 773 4538 mi
799 4485 972 4540 soooenne
1002 4465 1041 4538 di
1070 4467 1140 4536 mio
1167 4463 1393 4557 conternans,
1427 4461 1532 4556 quasi
1562 4460 1670 4556 dicat,
1697 4460 1897 4536 necessita

723 4592 849 4660 mente
874 4605 957 4660 mea
983 4591 1157 4679 concepta
1183 4583 1375 4677 consessio,
1388 4589 1426 4658 et
1445 4582 1541 4677 coepi
1558 4581 1750 4657 attendere
1765 4581 1813 4655 ad
1823 4601 1898 4688 ‘no-

724 4726 808 4780 vam
827 4705 1102 4802 apparitionem.
1113 4747 1163 4760 —
1176 4707 1289 4794 Quali.
1302 4705 1408 4779 Nunc
1426 4709 1533 4798 poeta
1549 4702 1722 4778 describit
1739 4703 1897 4776 lormam

724 4832 762 4900 et
795 4825 992 4921 imaginem
1026 4825 1192 4921 ipsarum
1229 4825 1450 4899 umbrarum
1482 4844 1550 4920 per
1581 4822 1897 4917 comparationem

789 5084 817 5149 (¹)
834 5083 865 5134 Ε.
881 5097 911 5135 ea
928 5097 995 5148 quas.
