4575 6842
681 934 753 1002 482
1072 944 1279 1000 counuruu
1303 944 1470 999 rnnnnrsr

680 1092 783 1185 idest,
809 1114 832 1167 a
858 1113 931 1187 qua
957 1089 1088 1185 incipio
1113 1110 1213 1165 nunc
1240 1110 1377 1165 novum
1412 1094 1622 1182 tractatum,
1646 1090 1675 1162 il
1698 1088 1854 1178 vocudol,

681 1212 784 1306 idest,
810 1231 959 1304 nomen,
983 1212 1077 1284 della
1106 1214 1219 1302 stella,
1244 1209 1346 1303 idest,
1378 1210 1523 1305 planeta
1548 1208 1711 1309 Veneris,
1741 1228 1854 1303 quarn

565 1406 569 1413 .
679 1339 790 1408 autor
815 1330 998 1428 specificat
1018 1353 1042 1406 a
1059 1351 1171 1406 cursu
1190 1351 1269 1406 suo.
1289 1332 1381 1405 Nam
1399 1330 1524 1405 Venus
1548 1328 1745 1425 aliquando
1762 1349 1858 1425 prae·

681 1453 776 1529 cedit
801 1454 917 1528 solem
943 1452 980 1526 in
1004 1459 1090 1526 ortu
1116 1472 1197 1547 suo,
1225 1456 1262 1527 et
1287 1458 1376 1527 tunc
1400 1456 1555 1525 vocatur
1576 1450 1734 1545 Lucifer,
1752 1450 1856 1545 quasi

682 1572 903 1648 lucidissima
928 1573 1142 1664 stellarum3
1168 1570 1366 1666 aliquando
1391 1590 1481 1645 vero
1506 1570 1626 1645 oritur
1643 1577 1724 1666 post
1748 1591 1857 1645 occa-

682 1714 767 1767 sum
794 1692 890 1787 solis,
911 1698 947 1767 et
973 1699 1060 1766 tunc
1085 1697 1140 1765 est
1167 1689 1381 1787 retrograda
1408 1696 1445 1765 et
1471 1696 1626 1765 vocatur
1650 1690 1855 1786 llesperns3

684 1813 767 1889 ideo
797 1812 882 1888 dicit
912 1813 1050 1907 pulcre,
1076 1814 1136 1885 cte
1155 1813 1181 1885 'l
1202 1814 1259 1885 sol
1285 1813 1491 1903 oupteppiu,
1517 1811 1620 1905 idest,
1645 1832 1757 1905 quam
1784 1813 1856 1887 Ve-

686 1953 815 2008 nerem
842 1939 1030 2026 tamquam
1059 1951 1192 2029 vagam
1218 1952 1323 2005 suam
1349 1931 1608 2026 pulcerrimam
1633 1932 1686 2006 sol
1711 1932 1857 2027 pulcer-

686 2052 803 2127 rimus
829 2053 985 2148 respicit,
1010 2074 1055 2126 or
1078 2056 1127 2125 du
1152 2072 1278 2147 coppo,
1307 2048 1399 2127 idest
1422 2073 1445 2126 a
1473 2058 1591 2148 tergo,
1623 2058 1662 2127 et
1691 2057 1780 2127 tunc
1803 2061 1860 2126 est

684 2173 927 2267 occidentalis,
939 2195 985 2247 or
1000 2176 1050 2247 da
1066 2176 1183 2265 ciplio,
1201 2172 1304 2267 idest,
1321 2194 1344 2247 a
1361 2173 1493 2266 fronte,
1510 2180 1548 2248 et
1564 2179 1653 2247 tnnc
1665 2180 1722 2249 est
1738 2174 1861 2248 orien-

687 2292 776 2367 talis.
803 2294 847 2367 Et
871 2294 993 2368 subdit
1018 2293 1205 2387 quomodo
1235 2293 1426 2368 intraverit
1451 2314 1598 2388 speram
1616 2293 1778 2387 Veneris,
1803 2292 1861 2367 di·

686 2434 796 2489 cens:
820 2416 856 2486 io
880 2434 954 2488 non
979 2415 1024 2485 m'
1037 2416 1176 2487 cocorst
1194 2415 1233 2486 dl
1255 2416 1365 2487 salire
1388 2417 1426 2487 in
1442 2416 1524 2505 cltc,
1544 2413 1691 2505 scilieet,
1717 2413 1857 2489 stellam

687 2538 837 2628 propter
870 2532 1032 2607 subitum
1068 2530 1261 2607 transitum
1296 2531 1433 2606 iactum
1468 2532 1505 2605 in
1537 2532 1700 2627 instanti3
1736 2554 1795 2605 mc
1824 2536 1860 2607 lu

689 2655 811 2727 donna
843 2656 928 2744 mia,
960 2651 1106 2746 scilicet,
1140 2650 1300 2747 Beatrix,
1336 2652 1485 2727 domina
1522 2652 1730 2747 spiritualis,
1763 2655 1863 2727 clt'to
1914 2668 1917 2673 ’

691 2775 762 2847 nidi
773 2776 839 2867 [cr
855 2768 918 2866 ptri
933 2774 1035 2864 tella,
1053 2772 1139 2869 quia
1157 2778 1295 2866 quanto
1313 2772 1430 2869 magis
1445 2772 1609 2848 ascendit
1626 2772 1743 2868 magis
1760 2775 1863 2850 eral-

690 2901 791 2969 tatur
816 2893 853 2968 in
878 2893 1030 2989 lumine,
1049 2894 1135 2989 qnia
1162 2892 1280 2989 magis
1298 2888 1335 2986 (¹)
1362 2894 1629 2989 appropinquat
1658 2894 1705 2969 ad
1730 2894 1862 2988 neum,

691 3021 729 3090 et
762 3014 892 3091 altiora
917 3012 1038 3110 videt;
1067 3017 1116 3087 mi
1144 3018 1220 3109 [ccc
1258 3018 1357 3088 assai
1376 3017 1468 3110 sede,
1494 3034 1560 3109 per
1594 3014 1681 3089 satis
1715 3014 1865 3089 evidens

691 3134 849 3231 signum,
875 3137 1045 3209 desseret
1068 3141 1180 3209 entre.
1195 3173 1244 3189 -
1267 3139 1298 3208 Ε
1319 3155 1426 3209 conte.
1460 3135 1524 3209 llic
1553 3141 1662 3210 autor
1694 3133 1864 3210 describit

691 3250 832 3325 animas
867 3250 1067 3325 luminosas
1099 3248 1233 3345 positas
1266 3249 1301 3322 in
1336 3248 1404 3323 ista
1436 3249 1539 3326 stella
1568 3249 1766 3324 clarissima
1800 3268 1866 3344 per

692 3370 839 3465 pulcras
864 3369 1167 3467 comparationes.
1199 3368 1253 3443 dd
1285 3370 1385 3463 quod
1417 3376 1472 3445 est
1502 3369 1620 3465 primo
1652 3370 1867 3464 notandum,

695 3490 794 3586 quod
821 3491 945 3567 Venus
968 3490 1172 3565 secundnm
1198 3491 1403 3586 astrologos
1424 3497 1479 3565 est
1504 3491 1648 3586 planeta
1674 3490 1769 3566 bene
1794 3490 1869 3565 lor·

694 3617 845 3685 tulatus
877 3610 1083 3707 significans
1118 3610 1304 3704 mulieres,
1332 3610 1581 3707 juventutem,
1612 3612 1867 3705 instrumenta,

694 3731 833 3825 solatia,
859 3730 946 3825 otia,
972 3736 1201 3825 ornamenta,
1219 3729 1347 3823 risum,
1368 3730 1558 3826 gaudium,
1575 3730 1865 3825 delectationem,

694 3872 875 3945 amorem,
896 3851 1128 3945 suavitatem,
1145 3850 1365 3944 amicitiam3
1384 3857 1421 3926 et
1444 3856 1499 3925 est
1519 3851 1633 3926 calida
1651 3858 1688 3926 et
1706 3851 1864 3944 humida,

663 4005 674 4027 ·
697 3971 807 4046 habet
831 3972 993 4047 colorem
1019 3972 1236 4047 candentem
1255 3979 1292 4047 et
1309 3970 1571 4067 splendentem,
1593 3979 1630 4046 et
1647 3970 1713 4046 sibi
1729 3972 1867 4047 adscri-

695 4092 835 4166 buntur
860 4113 989 4167 omnes
1013 4094 1243 4188 voluptates3
1268 4092 1351 4167 ideo
1375 4097 1485 4167 autor
1511 4091 1709 4168 introducit
1738 4093 1774 4167 in
1799 4094 1868 4169 hac

697 4234 804 4310 spera
827 4213 970 4287 animas
995 4234 1125 4288 eorum
1157 4211 1422 4304 virtuosorum,
1454 4211 1517 4307 qui
1549 4212 1590 4286 in
1617 4212 1691 4288 vita
1718 4214 1870 4289 luerunt

698 4332 917 4429 voluptuosi,
935 4338 973 4408 et
998 4338 1124 4407 tamen
1151 4332 1245 4407 bene
1270 4330 1434 4406 viventes
1452 4334 1511 4408 vel
1537 4333 1632 4409 bene
1657 4334 1868 4410 morientes.

698 4454 791 4529 Dicit
815 4474 930 4552 ergo:
949 4458 981 4527 Ε
997 4456 1065 4527 uid
1076 4456 1112 4526 io
1137 4454 1175 4526 in
1199 4473 1279 4525 essa
1295 4455 1382 4543 lucc,
1400 4452 1503 4547 idest,
1521 4452 1718 4531 invenere
1744 4455 1872 4531 lucen-

699 4573 850 4667 tissima,
875 4578 965 4649 cltre
989 4576 1141 4664 luccae,
1159 4572 1261 4666 idest,
1278 4572 1419 4648 animas
1436 4575 1601 4650 lucentes
1617 4574 1872 4653 'venereorum

700 4695 762 4789 qui
789 4694 1037 4770 communiter
1062 4700 1149 4768 sunt
1173 4694 1302 4790 pulcri,
1321 4698 1495 4769 muooorst
1514 4699 1552 4769 in
1567 4699 1662 4792 piro,
1683 4696 1786 4792 idest,
1803 4696 1877 4772 cir·

702 4814 887 4907 culariter,
907 4813 995 4908 quia
1020 4821 1144 4888 motus
1168 4820 1224 4889 est
1249 4812 1448 4909 perfectum
1472 4822 1510 4890 et
1538 4816 1642 4891 dicit:
1664 4812 1728 4912 piri
1752 4840 1771 4892 e
1795 4839 1874 4892 mm

765 5067 795 5132 t'l
810 5070 906 5133 uim·
920 5072 1011 5135 mm
