4575 6842
743 935 883 992 CANTUS
909 938 1100 995 VlGESfflUS
1124 937 1295 994 OCTAVUS·
1537 928 1602 996 161

429 1080 532 1174 idest,
559 1101 633 1156 uon
659 1080 809 1158 maioris
838 1080 1009 1176 impetus,
1034 1083 1095 1154 cte
1123 1102 1232 1156 soaue
1261 1089 1374 1174 vento,
1407 1083 1524 1178 qualis
1550 1089 1605 1158 est

429 1203 614 1298 zephyrus
627 1207 762 1296 noster,
777 1201 840 1296 qni
856 1201 1019 1277 suaviter
1035 1200 1184 1276 adducit
1201 1202 1305 1278 nobis
1323 1205 1432 1279 llores
1450 1211 1487 1280 et
1504 1205 1604 1283 fron-

430 1322 495 1398 des
520 1328 689 1417 tempore
713 1321 819 1396 veris.
851 1323 897 1396 ut
928 1322 1000 1423 boc
1030 1322 1237 1398 manifestat
1270 1343 1336 1418 per
1368 1324 1525 1421 signum,
1551 1326 1606 1416 di.-

429 1461 535 1518 cens:
556 1462 626 1534 per
650 1444 706 1514 cui
728 1444 759 1514 te
779 1443 925 1536 fronde,
953 1441 1048 1516 illius
1074 1443 1196 1539 sylva,
1223 1446 1441 1518 tremolundo
1462 1454 1603 1539 propte,

431 1569 511 1637 tutte
535 1568 661 1654 quante
681 1563 895 1654 paparano,
921 1562 1016 1656 quia,
1034 1564 1285 1657 sequebantur
1306 1568 1449 1638 motum
1475 1585 1604 1660 spera,

431 1686 506 1757 alto
527 1689 643 1775 purte,
668 1680 816 1775 scilicet,
841 1701 972 1757 versus
997 1682 1236 1778 occidentem,
1257 1687 1291 1758 ν’
1307 1687 1335 1757 u
1357 1692 1460 1758 sunto
1476 1693 1603 1777 moute,

432 1803 579 1897 scilieet,
592 1801 808 1899 purgatorii,
820 1805 908 1894 puta
927 1806 964 1876 lc
975 1806 1098 1896 pomo
1114 1805 1252 1896 umbro,
1266 1804 1413 1900 scilicet,
1427 1805 1463 1880 in
1482 1826 1602 1883 mane.

430 1924 476 2006 ltt
500 1922 559 2003 bic
584 1927 671 1998 uota
695 1922 795 2016 quod
821 1927 928 2017 poeta
955 1943 1019 2017 per
1046 1924 1115 1998 boc
1140 1923 1330 1998 moraliter
1354 1925 1417 1998 dat
1442 1925 1603 2021 intelligi,

431 2042 530 2137 quod
550 2041 588 2116 in
605 2042 667 2116 lali
683 2048 783 2116 statu
800 2042 957 2138 virtutis,
974 2043 1059 2118 licet
1074 2043 1186 2138 spiret
1204 2050 1335 2119 ventus
1352 2045 1493 2140 aliquis,
1512 2045 1604 2120 idest

429 2163 554 2257 aliqua
579 2162 670 2238 levis
694 2163 922 2258 perturbatio
953 2184 1037 2258 quae
1067 2184 1197 2259 parum
1231 2164 1354 2258 llectit,
1380 2185 1454 2238 non
1480 2171 1603 2252 minen

431 2282 566 2380 trangit
591 2283 649 2358 vel
675 2283 872 2376 prosternit
895 2283 1059 2378 arbores,
1077 2303 1146 2358 nec
1167 2282 1315 2378 impedit
1337 2284 1435 2359 viros
1461 2284 1602 2360 virtuo

432 2423 493 2478 sos
517 2425 539 2477 a
565 2423 635 2477 suo
660 2403 800 2498 placido
825 2403 947 2480 officio
972 2409 1009 2478 et
1034 2403 1221 2480 exercitio.
1247 2404 1332 2479 ldeo
1356 2404 1453 2480 bene
1483 2404 1604 2478 subdit

432 2522 579 2598 frondes
603 2522 696 2617 dico
721 2543 792 2596 uon
821 2517 913 2615 pero
941 2531 1072 2617 sparte,
1098 2523 1201 2618 idest,
1226 2523 1435 2620 dispartitae,
1460 2527 1524 2598 dol
1547 2527 1603 2598 lor

433 2663 527 2716 esser
551 2643 670 2734 doto,
696 2641 783 2737 quia
808 2643 920 2718 arbor
948 2643 1165 2718 naturaliter
1194 2644 1308 2718 tendit
1340 2649 1439 2720 recte
1473 2665 1604 2718 versus

433 2765 581 2858 coelum,
595 2770 706 2855 tanto,
718 2765 779 2837 cite
793 2766 844 2854 pli
859 2766 1031 2855 oupetletti
1043 2785 1109 2857 per
1126 2766 1157 2836 le
1172 2768 1258 2838 time
1278 2767 1462 2838 tmctmrer
1477 2768 1600 2857 d'ope-

431 2904 500 2960 rar
524 2888 609 2978 opat
632 2888 688 2958 tor
712 2892 803 2976 orta,
820 2884 922 2979 idest,
939 2885 1122 2981 garritum
1139 2891 1178 2960 et
1194 2892 1356 2959 cantum.
1375 2887 1418 2959 Et
1438 2885 1496 2959 bic
1517 2890 1602 2962 nota

433 3006 531 3102 quod
558 3025 623 3100 per
653 3025 742 3080 aves
772 3010 873 3080 recte
887 2997 923 3097 (⁴)
954 3005 1017 3079 dat
1044 3003 1193 3101 intelligi
1227 3004 1326 3079 viros
1355 3005 1535 3100 sapientes
1566 3011 1603 3080 et

432 3125 626 3220 virtuosos,
658 3124 721 3219 qui
753 3125 878 3199 rolant
910 3144 977 3220 per
1006 3124 1128 3219 apices
1158 3124 1350 3219 virtutum,
1385 3131 1422 3200 et
1455 3130 1603 3201 cantant

431 3247 559 3324 laudes
583 3246 660 3320 Deo
685 3266 772 3320 cum
799 3244 932 3319 latitia.
947 3250 1082 3320 -Mc
1100 3245 1166 3319 llic
1190 3250 1298 3339 poeta
1323 3244 1494 3320 describit
1516 3265 1603 3328 can·

431 3374 511 3442 tum
529 3367 675 3441 illarum
692 3364 817 3440 arium
828 3389 838 3459 3
851 3371 889 3439 et
901 3363 986 3438 dicit
999 3363 1172 3458 breviter,
1186 3363 1284 3458 quod
1302 3384 1391 3438 aves
1407 3364 1603 3439 cantabant

430 3485 634 3565 secundum
668 3490 812 3559 motum
845 3483 941 3558 illius
967 3483 1066 3558 venti
1096 3483 1160 3577 qui
1194 3483 1422 3578 percutiebat
1456 3483 1601 3558 irondes

428 3608 607 3682 arborum
633 3611 671 3681 et
696 3603 942 3682 resonantiam
962 3603 1129 3697 iaciebat,
1147 3603 1240 3678 sicut
1263 3610 1395 3680 ventus
1415 3602 1601 3678 orientalis

430 3727 514 3805 iacit
529 3718 566 3819 (²)
594 3726 630 3799 in
663 3725 784 3821 pineta
818 3724 916 3819 apud
941 3724 1167 3798 Ravennam.
1195 3724 1237 3796 Et
1268 3729 1324 3798 est
1353 3723 1600 3818 propriissima

429 3847 678 3942 comparatio:
704 3847 806 3943 sylva
831 3845 930 3921 enim
955 3845 1140 3919 Ravennae
1165 3843 1275 3918 babet
1292 3843 1329 3916 in
1347 3863 1387 3916 se
1410 3843 1517 3939 pinus
1539 3863 1602 3930 pr-

429 3968 539 4046 bores
555 3966 756 4042 odoriferas
774 3965 867 4040 sicut
883 3965 975 4057 ista;
1001 3983 1086 4057 quae
1111 3963 1217 4059 pinus
1234 3962 1442 4058 producunt
1459 3963 1601 4048 tructus

429 4087 644 4164 fortissimos
669 4091 852 4181 protectos
871 4083 1057 4179 multiplici
1075 4083 1212 4159 cortice
1230 4103 1303 4158 noo
1321 4082 1490 4157 timentes
1512 4082 1600 4174 viru,

430 4209 489 4284 rel
512 4213 766 4303 tempestatem
790 4206 886 4281 sicut
910 4211 949 4280 et
973 4204 1151 4280 virtutes:
1178 4211 1216 4280 et
1247 4203 1342 4278 sicut
1371 4208 1502 4277 ventus
1535 4221 1600 4276 re-

430 4327 533 4407 nierus
557 4329 606 4404 ab
630 4327 772 4404 oriente
799 4326 912 4422 spirat
944 4325 982 4399 in
1012 4325 1073 4400 illa
1098 4325 1212 4422 sylva,
1243 4323 1292 4397 ita
1324 4321 1360 4396 in
1395 4322 1473 4396 ista.
1509 4321 1602 4403 llicit

429 4469 540 4546 ergo:
566 4453 629 4522 tra
653 4449 844 4539 camundo,
868 4446 939 4521 illae
963 4466 1061 4539 aves,
1088 4448 1188 4519 l'orc
1207 4447 1336 4538 pomo,
1357 4443 1502 4536 scilicet,
1527 4441 1598 4526 diei

429 4575 518 4645 tunc
541 4568 736 4665 surgentis,
753 4565 901 4662 quaudo
927 4565 996 4640 viri
1013 4565 1170 4663 religiosi
1189 4570 1337 4639 cantant
1356 4563 1529 4656 Primam,
1547 4564 1600 4636 ri·

429 4708 591 4780 ceccano,
608 4688 713 4761 illum
739 4692 904 4780 rentum,
921 4687 1018 4759 intra
1035 4689 1065 4758 le
1081 4688 1190 4778 soplic
1205 4687 1265 4758 obe
1284 4690 1406 4757 bacun
1431 4683 1599 4772 bordone,

429 4808 532 4902 idest,
558 4807 720 4902 firmum,
746 4809 814 4882 ulle
837 4827 899 4880 suc
922 4808 1021 4899 rime,
1044 4804 1147 4899 idest,
1160 4804 1300 4898 'cant11i‚
1321 4805 1490 4893 bordone,
1507 4800 1599 4894 dice,

492 5065 520 5128 (¹)
534 5063 567 5116 E.
583 5068 656 5115 corte
670 5063 724 5116 dat.
915 5062 942 5125 θ)
958 5061 990 5112 Ε.
1006 5060 1069 5116 tacit
1083 5063 1209 5126 impetum
1226 5061 1254 5112 in
1269 5062 1364 5125 procu.

566 5171 604 5214 tv.
1441 5167 1464 5209 rr
