4575 6842
714 957 853 1013 muros
879 958 1095 1013 rnrcnsruus
1120 958 1315 1015 smunnus.
1526 933 1597 1014 ma

424 1109 474 1199 pli
498 1110 582 1182 uos
606 1108 710 1198 send,
738 1104 874 1179 scilicet
898 1104 957 1178 alii
982 1125 1005 1179 a
1030 1105 1110 1180 visu
1138 1110 1176 1179 et
1198 1105 1308 1180 etiam
1327 1106 1427 1180 visus
1443 1111 1598 1183 caetera-

426 1248 510 1301 rum
537 1247 678 1319 rerum,
704 1226 749 1299 m'
762 1245 851 1297 ocu
885 1227 960 1298 tutti
987 1228 1110 1317 menti,
1137 1224 1240 1319 idest,
1266 1226 1414 1321 mortui,
1441 1225 1597 1321 inutiles,

425 1348 511 1441 quia
536 1346 623 1420 nihil
648 1344 747 1419 aliud
772 1342 929 1439 videbat,
956 1343 1139 1439 audiebat,
1159 1347 1218 1421 vel
1243 1346 1432 1421 sentiebat.
1451 1346 1496 1420 Et
1516 1353 1598 1421 tan·

279 1467 284 1477 '
424 1466 477 1564 git
502 1465 698 1562 quomodo,
724 1464 867 1539 dicens:
894 1472 926 1538 et
953 1467 1032 1556 essi,
1058 1464 1162 1561 idest,
1195 1466 1292 1539 oculi
1325 1466 1409 1561 mei,
1440 1469 1598 1558 putum

426 1588 558 1680 putadi,
581 1608 605 1662 a
629 1585 760 1660 dextra
784 1591 822 1659 et
853 1583 1009 1679 sinistra,
1036 1606 1149 1657 aucun
1172 1593 1310 1678 parete,
1336 1584 1439 1680 idest,
1474 1586 1598 1660 obsta-

426 1707 564 1800 culum,
581 1709 619 1780 di
643 1726 715 1778 uon
739 1706 848 1797 color,
866 1704 967 1797 idest,
986 1705 1138 1779 curandi
1157 1705 1205 1779 de
1226 1704 1349 1799 aliqua
1360 1698 1397 1797 (¹)
1418 1726 1475 1800 re3
1501 1703 1599 1778 unde

426 1846 500 1901 non
525 1830 668 1921 poterat
694 1824 811 1899 visum
838 1824 986 1899 llectere
1011 1825 1048 1897 in
1073 1824 1234 1919 aliquam
1262 1831 1415 1922 partem,
1442 1825 1492 1898 ita
1517 1831 1600 1899 erat

425 1946 575 2044 ligatus3
602 1945 700 2020 unde
724 1945 828 2019 dicit:
854 1938 926 2018 cosi
951 1949 985 2020 to
1010 1953 1112 2019 sunto
1136 1949 1226 2039 riso,
1243 1945 1346 2040 idest,
1372 1946 1525 2019 honesta
1543 1945 1599 2019 la-

425 2064 498 2140 cies
524 2064 626 2139 istius
651 2071 786 2139 sanctae
811 2065 986 2159 mulieris,
1014 2069 1128 2138 troelli
1153 2087 1250 2157 ose,
1277 2066 1380 2159 idest,
1404 2065 1514 2139 traxit
1533 2084 1598 2139 eos

423 2186 470 2260 ad
487 2205 538 2280 se,
564 2206 631 2258 con
648 2188 794 2259 toudco
810 2193 895 2277 rete,
909 2186 1012 2279 idest,
1029 2186 1270 2261 delectatione
1281 2186 1419 2260 amoris
1436 2206 1549 2279 quam
1560 2176 1598 2278 (¹)

425 2305 624 2400 antiquitus
649 2306 808 2381 babebat
840 2305 876 2379 in
902 2327 958 2401 ea,
986 2307 1045 2382 vel
1071 2306 1251 2381 memoria
1276 2305 1417 2399 antiqui
1447 2304 1597 2399 amoris,

424 2428 488 2522 qui
513 2426 575 2500 diu
603 2428 784 2503 extinctus
810 2448 909 2501 nunc
928 2447 1145 2515 reaccensus
1163 2433 1238 2521 est3
1256 2427 1340 2502 licet
1356 2432 1483 2500 autem
1502 2432 1599 2502 esset

424 2546 476 2621 sic
500 2546 704 2641 dispositus,
732 2554 856 2622 tamen
883 2547 1061 2623 violenter
1086 2553 1236 2623 coactus
1273 2554 1329 2621 est
1358 2546 1508 2622 volvere
1542 2546 1599 2620 vi-

426 2687 508 2739 sum
543 2667 813 2761 sinistrorsum3
846 2666 945 2742 unde
977 2667 1081 2741 dicit:
1118 2669 1357 2760 quandoper
1386 2671 1511 2760 sorzo,
1544 2665 1599 2740 rei

425 2784 572 2880 auditae,
597 2789 645 2859 mi
666 2791 707 2880 [u
733 2789 824 2859 volto
847 2789 876 2859 il
899 2788 986 2877 viso,
1013 2807 1035 2860 a
1067 2785 1230 2880 dextera,
1259 2786 1320 2860 ubi
1352 2792 1445 2879 erat,
1475 2781 1537 2859 udr
1562 2788 1599 2860 la

425 2908 570 2979 dobba
591 2908 663 2979 mlo
687 2909 736 2979 do
760 2908 868 2997 quelle
892 2908 966 2998 dee,
992 2904 1138 2999 scilicet,
1167 2904 1249 2999 tide,
1275 2924 1351 3000 spe,
1372 2910 1409 2979 et
1433 2906 1599 3000 caritate,

427 3044 511 3119 quae
542 3033 627 3099 sunt
659 3025 813 3101 virtutes
839 3024 983 3118 diviua,
1004 3028 1171 3119 percb'io
1195 3027 1280 3099 udia
1303 3028 1352 3099 da
1377 3028 1470 3117 loro,
1495 3026 1598 3121 idest,

427 3146 474 3219 ab
492 3144 576 3240 ipsis
592 3145 806 3241 dicentibus
819 3166 886 3219 uo:
904 3152 1044 3238 Troppo
1054 3149 1143 3239 fiso;
1162 3146 1361 3221 voluerunt
1376 3145 1500 3221 dicere
1521 3146 1599 3222 istae

426 3270 502 3339 tres
515 3266 614 3359 quod
629 3266 764 3341 Dantes
781 3265 888 3340 nimis
906 3265 979 3341 fixe
997 3266 1213 3361 respiciebat
1229 3266 1446 3361 Beatricem,
1464 3288 1600 3368 secun<

426 3385 515 3460 dum
541 3385 731 3459 consilium
759 3385 825 3459 sibi
850 3385 978 3460 datum
1004 3386 1174 3481 superius
1199 3386 1247 3461 ab
1272 3385 1339 3460 illis
1360 3387 1486 3481 primis
1507 3409 1601 3482 qua-

427 3511 525 3599 tuor,
547 3526 631 3598 quae
657 3505 850 3581 dixerunt:
873 3509 926 3600 [α’
943 3509 1003 3581 cbc
1027 3526 1100 3579 nou
1124 3509 1295 3599 mspormi
1319 3514 1409 3582 etc:
1429 3508 1601 3583 volebant

426 3645 518 3723 ergo
543 3626 620 3700 istae
647 3633 721 3701 tres
746 3626 844 3720 quod
869 3632 978 3721 poeta
1004 3632 1215 3702 removeret
1241 3627 1361 3702 visum
1386 3648 1409 3701 a
1433 3627 1601 3703 Beatrice

427 3751 470 3818 ut
495 3745 635 3821 videret
660 3745 864 3821 exercitum
892 3744 1121 3839 redeuntem,
1148 3753 1191 3819 ut
1214 3746 1335 3819 statim
1362 3748 1601 3840 sequitur.-

427 3870 461 3939 E
483 3869 519 3939 lc
544 3865 767 3959 disposizioo.
794 3865 858 3941 llic
884 3873 993 3961 poeta
1018 3864 1188 3940 describit
1204 3866 1474 3961 dispositionem
1493 3889 1600 3942 suam

428 3984 546 4080 qualis
575 3992 656 4060 erat
687 3984 834 4059 adalia
868 3985 1022 4060 videnda
1054 4006 1140 4059 cum
1173 3986 1391 4062 removisset
1420 3989 1602 4063 oculosa

427 4104 614 4181 Beatrice:
640 4112 678 4181 et
702 4104 964 4181 sententialiter
982 4105 1060 4179 vult
1084 4105 1218 4199 dicere,
1236 4106 1335 4199 quod
1354 4106 1450 4181 sicut
1470 4107 1602 4181 oculus

429 4224 493 4319 qui
518 4224 677 4319 respexit
701 4225 971 4323 aliquantulum
998 4225 1114 4299 solem
1141 4233 1309 4300 remanet
1326 4226 1530 4321 hebetatus,
1549 4225 1599 4301 ita

429 4345 527 4437 quod
545 4366 618 4419 non
636 4350 754 4439 potest
770 4344 896 4421 videre
911 4345 982 4419 alia
1000 4344 1182 4420 sensibilia
1200 4345 1344 4422 minora
1363 4346 1480 4422 donec
1496 4347 1603 4442 paul-

429 4463 529 4538 latim
548 4465 772 4540 reformetur
779 4490 789 4560 3
808 4466 857 4540 ita
882 4487 906 4541 a
931 4466 1040 4540 simili
1060 4467 1191 4541 oculus
1209 4473 1327 4561 poetas
1344 4469 1407 4561 qui
1428 4488 1603 4564 respexe-

429 4590 487 4657 rat
511 4584 715 4661 Beatricem
741 4607 815 4661 non
847 4592 990 4681 poterat
1021 4586 1147 4662 videre
1178 4588 1267 4661 alias
1298 4608 1474 4683 personas
1507 4589 1603 4664 illius

428 4704 624 4799 exercitus,
650 4703 718 4779 nisi
744 4711 869 4801 postea
895 4704 1157 4782 reformatione
1182 4707 1287 4782 sacta.
1313 4707 1407 4783 Dicit
1430 4730 1521 4807 ergo
1546 4710 1602 4785 la-

428 4823 527 4899 ciens
553 4824 868 4921 comparationem
894 4825 1053 4900 nobilem
1080 4832 1118 4900 et
1142 4828 1304 4901 claram:
1330 4833 1364 4902 E
1391 4832 1428 4903 lo
1452 4833 1602 4925 disposi-

492 5084 520 5149 (·)
536 5088 591 5148 117,
607 5085 693 5152 sliqua
708 5086 759 5139 alia
774 5100 813 5140 ra.
1032 5086 1060 5153 (¹)
1075 5087 1107 5140 ll.
1123 5102 1211 5154 quom.
