4575 6842
693 971 739 1036 dd
1050 977 1255 1032 couuuruu
1279 977 1498 1032 runcanonu

690 1130 768 1218 rell,
794 1126 880 1220 quia
908 1125 986 1220 jam
1015 1123 1259 1197 transiverant
1285 1143 1350 1218 per
1376 1128 1490 1196 totam
1516 1121 1652 1196 scalam
1683 1119 1862 1194 conlabu-

690 1247 808 1340 lando,
827 1265 910 1340 qnae
935 1251 991 1318 est
1014 1251 1192 1318 excavata
1219 1244 1255 1316 in
1284 1249 1418 1338 monte,
1443 1243 1493 1318 ita
1518 1241 1617 1336 quod
1640 1239 1754 1316 babet
1777 1241 1861 1315 hinc

691 1366 776 1441 inde
800 1366 905 1461 quasi
923 1365 1090 1461 parieles,
1108 1372 1146 1438 et
1163 1370 1407 1459 pervenerant
1424 1364 1460 1437 in
1481 1363 1575 1437 viam
1595 1363 1753 1456 planam,
1770 1361 1862 1436 idest

690 1486 727 1560 in
753 1485 949 1560 cornicem.
977 1484 1020 1556 El
1045 1485 1224 1578 descripto
1250 1485 1330 1558 looo
1354 1483 1526 1558 describit
1549 1489 1705 1576 tempus,
1723 1481 1858 1574 dicens,

691 1606 888 1701 quodiam
915 1610 996 1678 erat
1027 1604 1155 1697 quinta
1184 1604 1275 1678 hora
1307 1604 1401 1698 diei3
1429 1603 1527 1678 unde
1557 1602 1661 1677 dicit:
1693 1625 1712 1676 e
1741 1592 1802 1693 pld
1831 1605 1863 1675 le

692 1732 831 1818 puallro
855 1726 979 1797 ancille
1002 1725 1059 1796 det
1082 1725 1224 1814 plorno,
1249 1723 1351 1817 idest,
1372 1731 1534 1817 quatuor
1558 1725 1659 1797 horae
1685 1743 1769 1817 quae
1793 1741 1862 1796 an·

692 1847 861 1920 cillantur
889 1843 1036 1918 servitio
1062 1843 1144 1937 diei,
1169 1865 1258 1916 eron
1286 1847 1417 1916 rimosa
1445 1846 1618 1935 addietro,
1651 1842 1752 1935 idest,
1779 1843 1858 1937 jam

692 1967 955 2062 praelerieranl,
976 1987 995 2037 e
1020 1967 1056 2037 lc
1081 1967 1201 2055 quinta
1225 1985 1290 2036 ero
1309 1966 1348 2036 al
1363 1974 1463 2056 nmo,
1484 1965 1588 2057 idest,
1607 1965 1860 2060 gubernaculo

690 2087 788 2180 solis,
815 2086 915 2180 idest,
934 2085 1133 2180 parabatur
1158 2082 1204 2158 ad
1230 2083 1419 2158 servitium
1437 2084 1507 2158 diei
1526 2083 1634 2178 tertii,
1659 2087 1860 2158 drlzzondo

689 2229 760 2299 pur
784 2209 821 2279 ln
844 2227 885 2278 su
911 2207 1089 2278 tardante
1114 2225 1237 2294 como,
1262 2204 1365 2298 quasi
1396 2203 1515 2278 dicat:
1548 2203 1740 2298 incipiebat
1773 2211 1860 2278 tuuc

691 2327 888 2401 ascendere
913 2326 990 2398 sole
1014 2325 1084 2397 sub
1107 2323 1261 2418 ardenti,
1281 2343 1368 2398 cum
1388 2324 1486 2398 enim
1505 2332 1601 2398 esset
1626 2333 1713 2399 lunc
1742 2325 1858 2419 aequi·

692 2446 854 2520 noctium
873 2449 953 2519 erat
971 2464 1083 2538 prope
1098 2443 1526 2532 meridiem-Quando.
1540 2444 1605 2518 Hic
1618 2451 1724 2539 pocta
1737 2451 1861 2519 oslen-

695 2566 746 2640 dit
770 2564 956 2659 quomodo
988 2565 1033 2638 de
1064 2563 1212 2637 consilio
1236 2563 1372 2659 Virgilii
1402 2571 1439 2638 et
1467 2583 1646 2638 consensu
1673 2564 1775 2639 Statii
1804 2563 1861 2637 iu-

695 2692 886 2761 traverunl
912 2685 1093 2759 cornicem
1120 2683 1212 2757 sexli
1237 2684 1375 2776 circuli,
1397 2683 1543 2759 dicens:
1574 2687 1722 2772 Quando
1741 2687 1767 2757 'l
1789 2687 1859 2757 mio

694 2809 798 2897 duco,
824 2806 967 2900 scilicet,
995 2805 1165 2900 Virgilius
1193 2803 1304 2878 dixit:
1334 2808 1370 2877 io
1398 2807 1503 2878 credo
1537 2807 1631 2877 clr'c
1656 2808 1691 2878 lo
1715 2813 1857 2898 soemo,

696 2927 797 3022 idest,
816 2926 1036 3002 extremitati
1063 2925 1162 3020 ripae,
1181 2929 1407 3016 ciconoepnu
1425 2913 1545 3016 volper
1561 2929 1592 2999 le
1608 2929 1723 3000 destre
1738 2928 1860 3018 spallo,

695 3047 780 3142 quia
805 3046 851 3120 ad
877 3047 1067 3120 dexteram
1086 3065 1231 3138 semper
1249 3045 1322 3117 itur
1339 3065 1405 3140 per
1422 3046 1690 3140 purgatorium,
1706 3047 1862 3136 pirundo

693 3169 856 3241 dmonte
881 3187 976 3238 conte
999 3155 1060 3257 pici
1083 3168 1238 3258 solemo;
1256 3166 1341 3258 quia
1367 3185 1433 3258 per
1458 3166 1593 3238 scalam
1615 3185 1762 3260 semper
1787 3165 1862 3239 itur

695 3291 806 3379 recte,
824 3286 887 3360 sed
905 3306 971 3380 per
997 3284 1181 3359 circulum
1194 3284 1431 3358 circulariter.
1450 3285 1494 3357 Et
1510 3285 1613 3358 dicit:
1631 3277 1700 3357 cosi
1722 3287 1745 3358 l'
1754 3305 1863 3358 ason·

693 3427 761 3499 za,
787 3405 905 3501 *quia
931 3406 1050 3506 taliter
1074 3405 1261 3479 iveramus
1281 3425 1346 3498 per
1365 3425 1495 3505 omnes
1513 3406 1669 3481 circulos
1694 3408 1862 3500 superio-

694 3545 764 3620 res,
777 3526 827 3599 ila
844 3524 1068 3599 debebamus
1081 3523 1245 3599 didicisse
1258 3525 1425 3619 viam5su
1442 3518 1465 3598 li
1480 3533 1605 3599 nostra
1620 3519 1859 3620 insepna*(¹);

693 3645 774 3720 licet
799 3667 872 3719 non
898 3651 1092 3740 appareret
1108 3645 1158 3718 ibi
1174 3644 1274 3718 aliud
1294 3644 1451 3740 signum.
1469 3645 1513 3718 Et
1534 3645 1648 3742 tangit
1668 3647 1775 3720 aliam
1797 3667 1860 3721 ra·

695 3767 843 3860 tionem,
857 3786 974 3859 quare
991 3785 1122 3839 secure
1142 3765 1253 3858 ibant,
1271 3765 1449 3839 dicentes:
1470 3788 1488 3836 e
1503 3769 1732 3858 prendamrno
1748 3771 1785 3840 lo
1802 3771 1860 3841 ola

694 3908 760 3962 con
784 3907 863 3960 men
886 3893 1046 3978 sospetto,
1072 3887 1146 3959 imo
1171 3905 1258 3959 cum
1284 3906 1417 3981 magna
1443 3885 1671 3981 confidentia,
1689 3909 1756 3980 per
1772 3892 1863 3962 l’as-

693 4011 802 4080 sentlr
829 4009 868 4081 dl
898 4009 996 4098 quell'
1009 4009 1128 4078 anima
1161 4007 1289 4097 dopna,
1323 4005 1468 4098 scilicet,
1507 4005 1619 4098 Statii,
1659 4027 1743 4100 quae
1781 4017 1863 4084 crat

695 4125 803 4223 digna
829 4126 1041 4200 ascensione
1065 4146 1152 4200 cum
1173 4126 1252 4221 jam
1278 4133 1374 4198 esset
1404 4132 1559 4221 purgata
1592 4133 1630 4200 et
1658 4126 1809 4202 liberata
1838 4147 1861 4203 a

696 4247 811 4342 poenis
837 4245 1056 4341 purgatorii,
1082 4245 1164 4319 ideo
1189 4245 1386 4320 verisimile
1403 4250 1482 4319 erat
1499 4246 1599 4340 quod
1623 4254 1723 4321 recte
1747 4247 1861 4323 duce—

696 4375 800 4443 retur
826 4387 890 4461 per
918 4366 1014 4439 viam
1042 4365 1158 4439 istam.
1185 4365 1229 4455 Et
1254 4352 1550 4446 subdil'modum
1577 4367 1700 4461 eundi,
1722 4366 1861 4442 dicens:

695 4491 763 4578 elli,
788 4487 862 4560 duo
886 4493 1004 4581 poetae
1029 4486 1181 4579 antiqui,
1204 4489 1311 4577 pinon
1336 4490 1495 4577 dinanzi,
1515 4487 1577 4581 qui
1601 4493 1861 4582 praecesseraut

695 4627 781 4682 eum
802 4607 880 4702 jam
907 4626 973 4702 per
1004 4607 1103 4681 mille
1132 4627 1259 4701 annos,
1286 4615 1319 4680 et
1343 4611 1380 4681 io
1410 4611 1530 4681 soletto
1563 4611 1710 4700 diretro,
1734 4609 1862 4704 supple

694 4728 803 4820 ibam,
828 4734 860 4799 et
884 4729 1063 4800 oscottooo
1096 4730 1153 4800 lor
1185 4730 1350 4818 sermoni,
1377 4727 1601 4822 scientificus,
1627 4729 1716 4801 cll'a
1737 4735 1864 4821 poetar·

694 4847 743 4919 mi
765 4847 906 4918 doocno
931 4849 1102 4937 intelletlo,
1128 4855 1166 4920 et
1191 4847 1279 4921 nulli
1305 4847 1471 4940 dubium,
1502 4847 1587 4940 quia
1613 4847 1747 4921 Dantes
1763 4840 1801 4942 (¹)
1827 4849 1863 4921 in

755 5033 782 5093 (¹)
798 5031 834 5082 Le
852 5033 939 5094 parole
956 5033 996 5083 ln
1012 5035 1020 5084 i
1037 5035 1087 5084 due
1103 5035 1236 5084 asteriscbi
1252 5049 1316 5085 sono
1332 5036 1373 5086 dei
1389 5035 1476 5085 codici
1492 5035 1642 5085 Stronlano
1658 5048 1673 5085 e
1690 5039 1745 5087 ur.

757 5105 784 5169 (Ἰ
802 5105 831 5156 E
848 5107 942 5158 Doulou
959 5117 1032 5172 poeta
1048 5115 1136 5160 noster
1152 5111 1178 5160 in
1195 5111 1245 5161 rita
1261 5116 1428 5162 scandente.
