4575 6842
775 958 914 1014 cnurus
938 959 1129 1016 monemus
1154 959 1297 1016 antuus.
1594 945 1621 1012 o

452 1125 569 1179 unum
596 1103 716 1178 solum
743 1103 949 1198 prodigum,
968 1105 1055 1198 quie
1079 1105 1184 1178 avari
1207 1112 1294 1178 sunt
1318 1103 1459 1200 infiniti,
1476 1112 1513 1180 et
1533 1124 1622 1199 pro-

449 1224 522 1322 digi
554 1224 641 1320 rari,
672 1230 709 1300 et
741 1229 827 1297 sint
859 1223 977 1320 magis
1009 1223 1108 1298 clari.
1148 1223 1241 1297 Dicit
1274 1243 1388 1321 ergo:
1422 1247 1442 1298 e
1478 1227 1622 1317 Virgilio

448 1338 558 1420 rende*
580 1347 629 1419 lui
652 1347 679 1418 it
701 1363 811 1417 camo
835 1343 924 1416 ob’o
948 1335 1001 1417 old
1030 1347 1063 1418 si
1092 1348 1258 1439 mnam,
1289 1343 1376 1438 quia
1404 1344 1483 1439 pari
1513 1363 1622 1419 reve·

451 1466 568 1542 rentia
592 1463 779 1539 inclinavit
802 1470 911 1558 eaput
937 1464 998 1559 illi,
1023 1471 1061 1539 et
1086 1465 1300 1540 resalutavit
1313 1458 1351 1557 (¹)
1377 1463 1492 1538 illum.
1520 1464 1621 1539 Unde

445 1587 556 1662 dicit:
580 1588 641 1678 poi
665 1577 846 1676 mutnet,
875 1586 1015 1680 supple,
1040 1585 1182 1660 dicere:
1210 1590 1246 1658 tu
1272 1605 1395 1658 verace
1418 1592 1526 1677 rorte,
1550 1585 1621 1658 sei-

445 1707 534 1782 licet
557 1705 690 1800 divina,
716 1705 754 1780 in
779 1725 853 1800 qua
879 1726 953 1779 non
979 1712 1109 1801 regnat
1133 1705 1279 1801 invidia,
1300 1726 1373 1780 non
1403 1707 1502 1781 valet
1526 1705 1621 1780 adu-

449 1828 548 1922 latio,
574 1829 634 1901 ede
659 1847 713 1900 me
732 1828 860 1918 η’ἰσρα,
877 1825 979 1920 idest,
997 1825 1167 1921 confluat,
1186 1827 1264 1900 nalt'
1276 1833 1394 1900 emmo
1418 1830 1528 1919 esitio,
1551 1826 1622 1900 sot-

449 1945 545 2041 licet,
571 1945 608 2020 in
633 1945 746 2020 limbo
771 1945 914 2038 inlerni,
933 1945 995 2020 ubi
1016 1967 1099 2019 sum
1126 1947 1214 2021 exul
1238 1947 1461 2022 eternaliter
1477 1967 1500 2020 a
1517 1946 1622 2022 curia

450 2065 545 2140 illius
570 2066 678 2162 regis,
706 2069 731 2138 t·
748 2086 873 2158 ponpa
896 2069 934 2140 in
957 2085 1056 2158 pune,
1083 2086 1195 2160 quam
1227 2065 1399 2140 nuntiasti
1425 2066 1541 2161 nobis,
1566 2069 1624 2139 net

450 2187 551 2260 beato
574 2188 732 2277 comitto,
757 2185 860 2280 idest,
879 2185 916 2260 in
933 2186 1150 2261 concistorio
1170 2187 1377 2260 beatorum.
1396 2187 1440 2260 Et
1456 2187 1508 2261 sic
1527 2187 1621 2280 vide,

451 2307 638 2401 quomodo
655 2305 828 2402 Virgilius
844 2311 965 2401 captat
982 2305 1274 2380 benevolentiam
1293 2306 1451 2400 optando
1468 2306 1516 2379 illi
1532 2306 1622 2380 illud

448 2429 589 2503 bouum
607 2426 706 2521 quod
723 2446 791 2521 pro
808 2445 848 2501 se
865 2447 1070 2520 numquam
1089 2433 1282 2520 sperat-
1294 2431 1415 2500 Corne!
1432 2427 1497 2500 llic
1515 2433 1622 2521 poeta

450 2547 550 2644 ponit
575 2546 785 2642 petitionem
817 2567 930 2640 quam
957 2545 1040 2620 lecit
1065 2545 1201 2620 Statius
1222 2565 1268 2620 ex
1294 2546 1548 2641 admiratione,
1566 2546 1622 2620 di-

449 2688 554 2744 cens:
580 2669 753 2762 diss'eplt',
771 2666 917 2760 scilicet,
935 2666 1071 2740 Statius
1083 2657 1140 2758 (²):
1171 2670 1296 2740 Come!
1314 2666 1417 2760 idest,
1435 2666 1622 2760 quomodo

449 2796 505 2866 est
529 2788 626 2863 istud
650 2787 787 2861 lactum
814 2785 993 2880 mirabile,
1017 2809 1054 2860 se
1080 2791 1138 2860 voi
1156 2791 1238 2861 sieta
1256 2789 1377 2861 ambre
1398 2791 1458 2860 cte
1485 2791 1555 2860 Dio
1580 2807 1622 2860 su

448 2933 520 2986 oon
546 2911 661 3001 degni,
681 2907 782 3002 idest,
801 2927 893 3001 quas
909 2907 1007 2982 Deus
1024 2927 1097 2982 non
1119 2908 1228 2982 laniat
1251 2908 1379 3004 dignas
1404 2908 1618 2983 ascensione

450 3050 621 3126 superna,
642 3029 736 3102 sicut
762 3034 802 3100 tu
827 3027 915 3102 diois
935 3028 1034 3122 quod
1051 3029 1228 3124 relegeris
1245 3028 1281 3101 in
1307 3028 1442 3123 inferis,
1456 3032 1510 3103 cli
1535 3032 1619 3102 o'bu

452 3159 548 3226 tuoto
573 3156 699 3240 scorta,
719 3149 799 3244 jam
825 3169 891 3243 per
916 3155 970 3222 tot
993 3148 1141 3244 gradus,
1159 3169 1226 3240 per
1243 3153 1280 3221 uz
1297 3169 1363 3224 sua
1378 3154 1491 3239 scuto,
1517 3149 1620 3244 idest,

451 3290 518 3368 per
544 3277 708 3344 montem
739 3267 942 3364 purgatorii
966 3267 1030 3361 qui
1059 3268 1161 3342 ducit
1190 3267 1236 3342 ad
1269 3267 1434 3341 coelum‘t
1460 3269 1503 3341 Et
1537 3268 1621 3342 lacit

452 3411 566 3464 unam
584 3388 841 3485 parenthesim,
859 3387 1002 3461 dicens:
1023 3390 1052 3478 (e
1064 3394 1170 3481 purte
1185 3389 1366 3460 andebam
1379 3391 1496 3482 sorte),
1517 3388 1622 3481 idest,

452 3518 490 3587 et
515 3511 661 3586 interim
679 3509 824 3583 ibamus
841 3507 1027 3602 velociter,
1045 3527 1112 3582 neo
1129 3508 1366 3583 tardabamus
1383 3509 1452 3582 illis
1469 3510 1624 3602 loquen-

453 3632 561 3726 tibus,
588 3631 636 3706 ita
671 3630 770 3724 quod
798 3629 857 3703 hic
891 3637 994 3722 parte
1023 3649 1097 3703 non
1127 3629 1274 3704 denotat
1311 3630 1528 3724 portionem,
1555 3650 1624 3705 nec

454 3758 510 3827 est
535 3771 682 3844 nomen,
709 3750 784 3824 imo
813 3749 1042 3844 adverbium,
1073 3755 1110 3825 et
1141 3757 1283 3824 tantum
1315 3751 1411 3825 valet
1441 3758 1621 3844 quantum

453 3873 491 3947 in
516 3873 585 3946 isto
612 3871 744 3965 medio,
770 3876 887 3946 otest
912 3871 1068 3966 vulgare
1093 3870 1339 3944 llorentinum.
1358 3871 1402 3943 Et
1421 3871 1542 3945 subdit
1564 3893 1624 3947 re·

453 3993 685 4089 sponsionem
712 3991 852 4087 Virgilii
876 3990 922 4066 ad
948 3989 1104 4064 Statium
1129 3991 1272 4065 dicens:
1302 3994 1371 4064 e'l
1393 3996 1510 4066 douor
1540 3996 1624 4085 snio,

453 4113 600 4208 seilicet,
627 4111 799 4208 Virgilius
823 4111 936 4185 dixit:
962 4133 1000 4183 se
1032 4119 1067 4184 tu
1098 4113 1264 4202 optarat
1291 4115 1305 4184 t
1333 4117 1445 4204 sepul,
1477 4113 1624 4208 scilicet,

454 4236 481 4308 P
503 4235 607 4330 nigra
621 4222 670 4327 (³),
689 4235 748 4306 obe
764 4234 873 4325 quasti
885 4237 1006 4324 porta,
1024 4230 1171 4323 scilieet,
1188 4229 1256 4304 iste
1272 4237 1379 4326 poeta
1397 4251 1514 4306 novus
1530 4234 1626 4329 gerit

454 4355 492 4430 in
518 4355 649 4448 lronte,
675 4375 694 4426 e
718 4355 777 4428 oba
802 4354 944 4443 tanget
961 4354 1108 4445 profila,
1133 4351 1235 4443 idest,
1261 4371 1345 4444 quae
1375 4352 1476 4448 signa
1511 4375 1627 4451 ange·

455 4479 514 4551 lus
538 4473 709 4550 describit
734 4493 820 4549 cum
847 4492 934 4547 ense
960 4472 1160 4566 unicuique
1185 4472 1332 4547 intranti
1357 4474 1626 4569 purgatorium,

361 4689 365 4702 ι
455 4616 617 4690 quorum
645 4600 806 4688 quatuor
827 4593 906 4687 jam
931 4592 1077 4687 delerit,
1095 4598 1131 4666 et
1158 4592 1227 4666 tria
1252 4592 1372 4666 adbuc
1399 4601 1536 4668 restant
1559 4595 1627 4669 de-

454 4716 573 4809 lenda,
598 4715 662 4788 ben
688 4716 813 4788 vadrai
836 4715 897 4786 oba
921 4715 1065 4786 nooman
1088 4711 1138 4784 eb’
1151 4715 1180 4784 e'
1196 4715 1299 4804 regni
1316 4716 1371 4787 roi
1390 4714 1506 4805 buoni,
1524 4714 1625 4809 idest,

456 4834 554 4930 quod
579 4834 624 4907 sit
649 4833 695 4908 de
720 4852 878 4909 numero
911 4831 1184 4926 salvandorum,
1211 4832 1295 4906 lioet
1323 4853 1394 4928 ego
1423 4832 1491 4906 sim
1522 4835 1626 4908 dam-

519 5097 546 5160 (¹)
563 5099 617 5157 117,
633 5097 761 5148 alumen,
882 5097 908 5160 (¹)
926 5099 980 5158 117,
997 5093 1043 5146 llls
1059 5095 1163 5146 Statius.
1286 5095 1314 5156 l'l
1330 5099 1377 5146 ¹¹⁷
1392 5109 1408 5146 θ
1424 5096 1454 5146 Ε·
1470 5109 1530 5159 9⁸¹⁵
1544 5097 1626 5161 ⁰¹8¹·-
