4575 6842
734 956 872 1014 cinnas
896 958 1110 1013 rnrnnsfflas
1133 959 1296 1014 renerus.
1528 942 1599 1011 287

426 1107 529 1201 idest,
543 1110 742 1182 renovatus
759 1110 895 1199 mente,
916 1098 946 1177 si
962 1126 1057 1177 cama
1071 1106 1192 1197 piam
1212 1107 1357 1196 novelle,
1369 1105 1599 1177 annovettatc

425 1231 463 1303 di
478 1230 618 1302 novella
630 1228 780 1320 fracida,
794 1223 889 1299 sicut
907 1224 1045 1298 dictum
1065 1231 1120 1299 est
1137 1245 1250 1320 supra
1267 1224 1314 1299 de
1336 1225 1460 1320 planta
1481 1223 1603 1299 scien·

427 1349 487 1423 tiae
512 1348 608 1444 boni,
634 1346 681 1421 ad
707 1366 820 1441 quam
844 1344 1015 1447 alligatus
1032 1343 1100 1417 suit
1116 1338 1152 1437 ζ’)
1171 1364 1318 1418 currus.
1336 1343 1382 1417 Et
1397 1350 1485 1419 nata
1501 1342 1601 1438 quad

428 1467 653 1565 comparatio
679 1471 733 1541 cst
759 1464 1025 1561 propriissima:
1053 1463 1262 1538 sicutenim
1281 1464 1404 1557 planta
1425 1483 1509 1558 quae
1527 1470 1602 1539 ste-

428 1594 524 1664 terat
549 1586 653 1682 quasi
678 1584 782 1661 arida
806 1604 874 1681 per
898 1589 1019 1658 tntum
1045 1589 1192 1678 tempus
1208 1582 1363 1679 hyemis,
1381 1581 1603 1658 adveniente

430 1728 518 1783 vere
535 1705 718 1781 reviviscit
744 1711 780 1781 et
806 1704 965 1778 efficitur
990 1709 1067 1778 tota
1091 1703 1238 1798 pulcra3
1256 1702 1308 1778 ita
1325 1702 1448 1777 anima
1469 1708 1601 1798 poete,

429 1847 514 1921 quae
539 1827 660 1902 inerat
679 1826 741 1901 diu
759 1825 895 1900 inutilis
920 1825 998 1900 sine
1023 1825 1277 1919 tractandae
1297 1823 1490 1920 incipiente
1511 1845 1602 1899 vere
1706 1921 1708 1926 Ι

431 1947 595 2021 refloruit
611 1945 657 2021 ad
677 1967 809 2021 verum
828 1946 1002 2020 fructum.
1021 1944 1123 2019 Unde
1142 1944 1244 2019 dicit:
1261 1966 1370 2037 para,
1389 1945 1491 2040 idest,
1509 1966 1602 2041 pur-

429 2074 537 2165 gatus
562 2069 611 2142 ab
634 2067 735 2142 omni
761 2065 930 2163 rubigine
955 2065 1141 2161 vitiorum,
1160 2088 1178 2139 e
1198 2068 1351 2158 dispecto
1369 2088 1393 2138 a
1410 2069 1518 2142 satae
1535 2069 1604 2139 an

429 2191 535 2283 stelle,
558 2188 660 2283 idest,
678 2187 725 2262 ad
743 2187 866 2281 coelcs‚
885 2186 990 2281 quasi
1007 2186 1120 2260 dicat:
1146 2192 1254 2281 aptus
1279 2186 1327 2260 ab
1351 2186 1496 2261 actione
1516 2206 1602 2281 per-

430 2307 525 2383 secta
556 2307 735 2382 virtutum
772 2304 973 2381 ascendere
1008 2305 1055 2379 ad
1092 2306 1292 2401 perfectam
1324 2305 1604 2401 contemplatio·-

430 2448 516 2503 nem
543 2428 760 2521 caelestium,
787 2426 892 2501 cuins
918 2426 1110 2521 participes
1141 2448 1208 2501 nos
1233 2425 1341 2500 iaciat
1366 2426 1430 2520 qui
1455 2432 1603 2521 poetam
1666 2448 1731 2509 as

430 2546 550 2642 ipsum
578 2546 697 2621 adhuc
714 2547 751 2620 in
772 2566 884 2620 carne
904 2545 1088 2621 viventem
1106 2567 1173 2641 per
1185 2553 1269 2622 tam
1287 2546 1443 2621 arduam
1465 2547 1603 2622 scalaun

430 2667 478 2741 ad
504 2687 544 2742 se
570 2686 701 2761 rapere
726 2664 895 2762 dignatus
920 2671 985 2739 est.
1013 2664 1141 2741 Arnen.
1664 2655 1666 2660 ’

532 2856 708 2924 Hactenus
732 2852 805 2942 i'pse
828 2870 912 2923 snas
936 2852 1008 2925 ct'cti
1032 2856 1218 2927 tolerantia
1238 2874 1365 2947 pinnas

537 2974 705 3061 Crimina,
732 2978 765 3043 et
787 2974 933 3065 afflictas
957 2975 1077 3045 medis
1102 2974 1309 3047 canadas
1334 2976 1449 3047 cimas

368 3174 370 3178 ,
535 3093 752 3164 domnanae
777 3098 892 3165 tamen
916 3100 1055 3185 acates5
1080 3112 1165 3165 nam
1190 3094 1340 3167 roborat
1361 3096 1442 3168 ilias

505 3204 508 3211 ’
538 3214 676 3284 Venturi
699 3233 777 3305 spes
803 3214 925 3305 qtappe
950 3213 1032 3285 dani
1052 3214 1218 3306 pacisque
1239 3218 1379 3307 fictura.

530 3338 593 3405 Est
615 3353 716 3405 mnas
741 3336 800 3424 qai
824 3336 932 3406 cetera
958 3340 1076 3405 ventas
1100 3338 1288 3407 conanimi
1309 3343 1342 3407 ct
1363 3337 1492 3409 inatres

530 3457 609 3526 ima
634 3460 747 3527 terrem
768 3474 903 3546 sepner,
926 3455 1052 3545 primis
1076 3454 1254 3527 radicibus
1278 3463 1404 3530 mant

531 3580 577 3648 nt
591 3576 686 3667 jaca
709 3584 925 3668 perceptam
949 3576 1135 3665 anpantar
1159 3577 1196 3648 in
1221 3578 1346 3649 ordia
1371 3597 1483 3669 pyras

532 3690 671 3784 Parpat
694 3696 834 3787 qaispne
858 3714 952 3786 saon
979 3714 1115 3766 samma
1138 3697 1203 3767 sed
1225 3697 1372 3768 mimine
1396 3718 1541 3773 carram
1691 3676 1699 3684 ’

531 3816 638 3885 Milite
662 3833 739 3885 cam
762 3834 870 3887 sacra
895 3816 1062 3905 cnnspeai
1086 3820 1118 3886 et
1140 3816 1288 3904 mystica
1311 3818 1440 3910 siavia,-

534 3936 592 4005 Me
614 3952 707 4005 nana
731 3940 832 4006 astra
857 3941 983 4008 vacant
1004 3937 1101 4008 sedes
1124 3941 1159 4008 et
1179 3955 1294 4026 repca
1319 3936 1464 4011 deamm.

509 4119 662 4215 Explicit
677 4111 714 4213 (²)
741 4130 788 4195 24
813 4121 1017 4197 decembris
1045 4130 1151 4196 1409.

499 4352 527 4416 (¹)
542 4353 574 4404 E.
590 4352 684 4404 suerat.

436 4425 527 4555 mg)
542 4428 573 4481 Ε.
588 4430 700 4495 Explicit
716 4434 867 4483 cernentum
883 4431 999 4495 magistri
1013 4430 1171 4483 Bencvcnnti
1187 4430 1220 4481 dc
1229 4430 1324 4483 Ymcic
1333 4444 1413 4497 caper
1422 4433 1607 4499 Paratum

513 4518 534 4555 c.

845 4730 941 4783 rutis
965 4731 1194 4787 runanronn.
