4575 6842
747 959 817 1026 328
866 997 869 1004 ι
1136 973 1341 1030 conunruu
1366 975 1531 1029 rannnrsr

741 1119 854 1192 tendit
874 1119 1067 1194 ostendere
1084 1120 1211 1214 pulcra
1233 1119 1508 1195 ratiocinatione
1525 1117 1624 1212 quod
1640 1135 1815 1192 ascensus
1831 1116 1910 1191 eius

740 1238 785 1312 ad
811 1239 947 1312 coelum
968 1245 1023 1313 est
1040 1239 1229 1332 naturalis,
1247 1239 1333 1333 quia
1351 1241 1463 1314 homo
1480 1237 1698 1312 naturaliter
1715 1237 1908 1312 inclinatur

740 1357 786 1432 ad
812 1379 1002 1432 summum
1028 1359 1179 1433 bonum.
1205 1360 1332 1454 lucipit
1350 1366 1476 1434 autem
1498 1377 1630 1452 parurn
1648 1377 1671 1430 a
1689 1357 1798 1452 longe
1814 1376 1910 1450 prae·

740 1477 899 1573 mittens,
921 1479 1019 1572 quod
1038 1479 1161 1552 omnia
1187 1478 1342 1553 tendunt
1358 1479 1395 1552 in
1413 1479 1550 1552 bonum
1570 1475 1731 1570 quodam
1755 1475 1909 1549 mirabili

740 1597 868 1672 ordine
894 1605 1045 1673 naturae.
1078 1599 1179 1674 Unde
1210 1598 1318 1673 dicit:
1351 1621 1371 1672 e
1403 1590 1583 1688 merod,
1615 1596 1754 1692 supple,
1788 1596 1910 1670 dicere

742 1717 801 1791 illa
818 1713 855 1811 (¹)
883 1720 988 1794 beata
1014 1720 1172 1813 Beatrix,
1203 1723 1234 1792 le
1264 1741 1343 1792 cose
1371 1727 1453 1793 trttte
1480 1727 1607 1812 quante
1633 1720 1753 1790 lamro
1784 1721 1909 1791 ordine

741 1843 799 1910 tra
825 1841 923 1932 loro,·
949 1845 1004 1913 est
1028 1845 1153 1914 autem
1180 1839 1271 1914 ordo
1296 1839 1441 1934 parium
1472 1837 1747 1933 dispariumque
1779 1857 1906 1911 rerum

740 1979 808 2031 suo
834 1959 914 2033 loco
939 1959 1235 2034 collocandorum
1261 1959 1383 2034 debita
1407 1959 1601 2054 dispositio,
1629 1966 1670 2032 ut
1694 1957 1746 2032 ait
1777 1957 1907 2053 dugu-

736 2077 871 2171 stinus3
903 2097 1126 2172 perquem:
1158 2081 1297 2170 ducato
1333 2099 1476 2172 qucum
1506 2083 1619 2152 torum
1649 2085 1763 2152 cumr
1783 2080 1909 2151 sortito

735 2201 904 2290 decenter,
933 2205 974 2272 ut
998 2199 1083 2274 dicit
1107 2199 1297 2295 Horatius3
1323 2207 1362 2276 et
1385 2200 1548 2294 loquitur
1572 2207 1683 2274 autor
1707 2198 1754 2274 de
1781 2197 1909 2273 ordine

736 2318 912 2413 naturali3
941 2319 1038 2395 unde
1062 2319 1166 2393 dicit:
1192 2342 1212 2392 e
1236 2327 1366 2412 questo,
1382 2320 1530 2412 scilicet,
1547 2319 1649 2414 ordo,
1670 2317 1827 2413 e'sormo
1850 2320 1910 2390 cire

737 2441 759 2512 l
771 2443 947 2530 universo,
974 2439 1109 2514 scilicet
1125 2445 1244 2514 totum
1271 2440 1465 2532 mundum,
1488 2445 1530 2534 sa
1553 2443 1760 2532 simiplicnte
1784 2441 1907 2528 auio,

735 2559 817 2634 ideo
834 2559 929 2634 bene
946 2559 1033 2632 nihil
1051 2559 1192 2652 melius,
1207 2559 1293 2632 nihil
1306 2560 1469 2654 pulcrius
1485 2559 1521 2632 in
1536 2580 1663 2634 rerum
1681 2564 1813 2632 natura
1830 2557 1908 2652 ipso

737 2677 875 2772 ordine,
901 2685 943 2751 ut
968 2677 1051 2752 dicit
1077 2677 1320 2773 philosophus.
1347 2679 1447 2753 Sicut
1472 2699 1563 2776 ergo
1588 2679 1706 2753 dictus
1730 2678 1823 2752 ordo
1852 2681 1906 2750 ost

738 2820 758 2872 a
778 2799 865 2894 lice,
887 2799 936 2874 ita
955 2820 1014 2874 ros
1032 2799 1228 2873 mundane
1243 2784 1330 2874 sunt
1346 2821 1368 2874 a
1384 2800 1481 2875 dicto
1497 2800 1636 2894 ordine,
1650 2807 1687 2874 et
1702 2797 1906 2874 secundum

737 2919 840 2994 illum
868 2920 1046 3016 recipiunt
1071 2921 1335 2996 distinctionem
1362 2929 1399 2998 et
1423 2921 1669 2998 diversitatem
1704 2923 1739 2995 in
1774 2941 1904 2996 earum

737 3039 1021 3136 operationibus.
1062 3041 1106 3114 Et
1142 3041 1273 3135 probat
1312 3043 1381 3116 lroc
1417 3043 1536 3137 primo
1575 3042 1610 3114 in
1647 3041 1905 3137 spiritualibus,

736 3160 865 3236 deinde
891 3160 927 3233 in
953 3161 1192 3254 naturalibus,
1218 3161 1360 3236 dicens:
1387 3165 1410 3235 ἴ
1422 3165 1491 3236 ulte
1514 3169 1686 3256 ereamre,
1714 3162 1818 3254 idest,
1838 3181 1906 3235 an·

735 3281 861 3385 gelicae
887 3280 1109 3374 substantiae,
1136 3284 1379 3376 rapotonem,
1407 3281 1552 3376 scilicet,
1579 3282 1616 3355 in
1641 3283 1737 3357 dicto
1765 3281 1903 3374 ordine,

736 3403 886 3490 dormo,
913 3399 1014 3492 idest,
1041 3397 1236 3495 vestigium
1264 3402 1321 3475 vel
1351 3403 1576 3496 exemplum,
1605 3404 1811 3476 dclielerno
1841 3420 1905 3472 au·

734 3521 823 3610 iore,
841 3519 941 3612 idest,
962 3519 1093 3593 divinae
1118 3519 1298 3615 bonitatis,
1315 3524 1472 3615 ilpuale,
1491 3521 1638 3616 scilicet,
1656 3523 1771 3615 valor,
1788 3516 1902 3612 drino,
1955 3607 1960 3617 ι

735 3638 880 3733 scilicet,
908 3639 1070 3733 ultimus,
1096 3643 1134 3712 ot
1152 3643 1259 3732 quote
1283 3636 1415 3734 dsottc
1446 3645 1483 3714 to
1515 3649 1650 3715 toccula
1682 3661 1824 3731 nmmo,
1859 3637 1904 3712 ad

735 3779 846 3852 quem
874 3758 984 3834 linem
1012 3759 1125 3834 tendit
1148 3760 1267 3835 dictus
1291 3762 1382 3836 ordo
1400 3770 1549 3857 propter
1565 3780 1676 3855 quem
1694 3767 1750 3836 est
1774 3759 1902 3834 lactus

735 3917 785 3933 -
797 3881 1023 3952 Netl'ordirre.
1037 3879 1103 3954 llic
1119 3879 1264 3954 Beatrix
1281 3881 1439 3955 ostendit
1455 3881 1621 3957 ordinem
1639 3901 1720 3956 esse
1736 3880 1773 3953 in
1791 3879 1903 3954 rebus

735 3998 980 4092 naturalibus3
1007 3999 1104 4073 unde
1130 3999 1233 4073 dicit:
1265 4006 1359 4074 little
1374 4009 1512 4091 natue,
1529 4001 1631 4095 idest,
1657 4001 1821 4075 omnium
1843 4018 1903 4072 re·

734 4139 820 4194 rum
846 4124 882 4192 ot
908 4118 1125 4213 specierum,
1151 4141 1239 4192 sono
1264 4123 1407 4212 accline,
1432 4120 1535 4213 idest,
1561 4122 1747 4197 acclinatus
1767 4120 1826 4194 vel
1847 4119 1902 4192 in-

734 4239 929 4330 clinabiles,
955 4241 1033 4312 nell
1043 4241 1168 4314 ordine
1192 4243 1291 4314 clr'io
1314 4243 1407 4332 daco,
1432 4241 1578 4336 scilicet,
1606 4242 1818 4336 praedictum
1838 4259 1902 4314 or·

733 4358 854 4432 dinem
882 4359 1137 4434 universalem.
1171 4361 1216 4434 Et
1241 4361 1298 4436 lric
1329 4369 1413 4436 nota
1445 4363 1543 4456 quod
1572 4370 1697 4438 tantus
1728 4369 1784 4438 est
1811 4361 1903 4436 ordo

734 4486 887 4570 naturae,
915 4484 955 4550 ut
979 4479 1077 4571 quod
1104 4487 1159 4554 est
1185 4499 1411 4556 venenosum
1429 4488 1466 4556 et
1483 4481 1740 4556 inconveniens
1766 4481 1829 4554 uni
1848 4486 1904 4555 est

735 4598 823 4672 utile
848 4603 885 4671 et
902 4597 1124 4672 conveniens
1143 4599 1267 4694 alteri;
1285 4600 1379 4674 sicut
1390 4599 1626 4696 jusquiamus
1642 4601 1705 4695 qui
1722 4607 1778 4674 ert
1796 4600 1903 4674 cibus

548 4777 552 4785 .
603 4735 605 4741 ·
734 4719 887 4811 passeris
912 4719 996 4792 licet
1022 4720 1157 4794 nomini
1183 4721 1228 4793 sit
1245 4741 1467 4816 venenosus3
1485 4729 1523 4796 et
1545 4721 1639 4796 sicut
1656 4723 1820 4817 napellus
1845 4722 1902 4796 in·

734 4836 863 4911 teriicil
889 4839 1074 4914 hominem
1101 4842 1219 4914 solum
1247 4849 1424 4937 portatus,
1440 4849 1479 4916 et
1497 4842 1688 4916 mulierem
1707 4855 1902 4938 praeg‘nan·

796 5095 823 5158 l')
840 5095 870 5146 Ε.
888 5095 930 5146 iila
948 5097 1059 5147 nonam.
