4575 6842
750 989 891 1048 contnuo
914 988 1107 1048 videamus
1129 986 1301 1046 etratus.
1540 973 1610 1045 itt

438 1144 604 1214 cautaret
627 1136 761 1214 audisti
786 1137 824 1213 in
847 1135 1008 1238 capitulo
1032 1131 1265 1229 preoouontt,
1292 1131 1379 1226 quio
1404 1131 1609 1209 delectatur

438 1255 476 1332 in
500 1257 817 1355 bonooperum,
842 1277 863 1330 e
894 1257 1089 1346 roepdendo
1111 1257 1183 1346 por
1214 1254 1264 1326 do
1288 1255 1396 1344 flore,
1421 1251 1525 1346 idest,
1549 1271 1611 1326 so·

438 1377 623 1454 nmuendo
646 1377 858 1456 florentiore
881 1395 997 1470 opera
1021 1371 1166 1451 virtutis
1190 1371 1238 1450 ad
1263 1370 1471 1448 iaciendum
1498 1391 1611 1454 suurn

439 1503 593 1591 emtum,
607 1503 649 1572 ut
663 1496 807 1573 dicebat
823 1515 936 1594 aupra
965 1495 1002 1572 in
1031 1492 1176 1569 somnio
1205 1492 1319 1566 nostri
1345 1498 1482 1587 poem
1507 1495 1612 1584 orde,

440 1616 543 1711 idest,
573 1637 621 1692 or
654 1616 790 1711 quihus
823 1615 987 1709 ilorihus,
1020 1621 1107 1689 totto
1135 1615 1173 1688 lo
1205 1633 1272 1686 ruo
1306 1615 1365 1686 otu
1397 1633 1463 1685 ora
1494 1614 1612 1704 pholo,

440 1736 533 1814 idest
544 1731 596 1831 (⁴),
620 1736 702 1812 eius
726 1737 801 1812 vita
833 1743 916 1814 erat
945 1741 1087 1812 ornata.
1120 1735 1164 1810 Et
1193 1733 1355 1810 declarat
1385 1733 1524 1808 dietum
1546 1752 1613 1828 por

440 1857 569 1952 simile,
584 1856 728 1936 diceus:
754 1861 900 1934 doum
914 1859 983 1947 opii
1003 1875 1152 1949 appare,
1170 1853 1367 1947 interdum,
1390 1855 1614 1934 mutauere

440 1998 536 2068 ooro,
562 1976 750 2071 mirabilis,
776 1979 836 2050 odo
858 1979 972 2052 druto
992 1997 1060 2068 per
1085 1977 1295 2066 maraoipltu
1319 1976 1393 2048 nrtt'
1406 1977 1501 2048 ultro
1521 1993 1614 2066 peo-

438 2119 544 2193 onre;
570 2098 675 2193 quasi
704 2097 800 2174 dicat
830 2096 958 2174 tacite:
986 2117 1086 2173 nune
1110 2094 1239 2172 accidit
1266 2093 1354 2171 milri
1381 2094 1475 2170 siout
1505 2113 1614 2190 pere-

439 2218 548 2316 grino
572 2218 777 2297 transeunti
802 2238 869 2313 per
893 2217 1125 2294 solitudinem
1156 2216 1349 2310 virentem,
1376 2215 1435 2290 eui
1465 2214 1614 2296 miranti

439 2338 693 2418 amoenitatem
717 2338 853 2414 florum
883 2343 921 2412 et
952 2337 1131 2414 orborum
1165 2355 1210 2410 ex
1243 2335 1427 2432 insperato
1462 2340 1615 2430 appeunt

440 2458 663 2556 prdoerrima
689 2458 805 2555 virgo,
832 2479 916 2552 quae
940 2458 1063 2536 statim
1096 2456 1250 2534 retrahit
1279 2455 1400 2531 visum
1432 2455 1479 2530 ad
1510 2453 1614 2531 illum

440 2581 589 2660 dimisae
604 2579 828 2675 inspectione
845 2579 967 2674 splrae.
978 2618 1028 2634 -
1039 2581 1125 2652 Det.
1143 2579 1249 2654 Nuno
1265 2585 1373 2672 poeta
1390 2575 1490 2672 ponit
1507 2595 1614 2650 suam

441 2702 648 2780 orationem
665 2698 836 2774 ad‘iotam
854 2698 1043 2794 egregiam
1057 2698 1257 2776 dominam.
1272 2699 1315 2772 Et
1327 2697 1446 2793 primo
1464 2695 1614 2790 quidam

443 2821 529 2897 lnoit
553 2819 747 2896 exordium
774 2838 861 2896 oum
886 2817 1071 2914 petitione,
1096 2818 1238 2894 dioens:
1265 2819 1405 2892 Dirr'io
1430 2836 1455 2888 a
1480 2817 1544 2888 lei:
1564 2812 1614 2892 illi

443 2940 613 3034 dominu,
638 2941 716 3032 dod,
752 2938 861 3014 diotio
892 2938 1124 3034 deprecativa
1155 2944 1221 3032 eut,
1248 2936 1352 3032 quasi
1378 2936 1495 3012 dicat:
1523 2953 1615 3031 rogo

441 3067 491 3155 te„
508 3061 597 3134 della
613 3062 748 3150 donno,
772 3058 825 3135 sio
848 3058 1184 3134 commendatorum
1201 3078 1222 3132 a
1240 3055 1484 3152 pulcritudine
1501 3073 1615 3149 quarn

442 3180 606 3263 maxime
629 3179 801 3257 auorum
826 3179 1011 3274 mulieres,
1032 3181 1129 3254 od'oi
1145 3180 1255 3270 rogpi
1274 3180 1420 3252 domor
1443 3177 1611 3269 lietoldi,

442 3302 547 3397 qumi
571 3301 679 3394 dieat,
697 3321 781 3396 quae
797 3299 932 3376 videris
954 3307 1143 3394 amorata3
1162 3299 1244 3374 ideo
1264 3299 1418 3374 deheres
1440 3317 1521 3372 esse
1537 3296 1616 3392 pla-

442 3423 533 3518 cida,
558 3425 624 3496 s'i'
636 3424 848 3498 oo'oredere
872 3424 910 3494 oi
932 3421 1126 3511 temptanti,
1148 3419 1252 3514 idest,
1285 3419 1398 3516 signis
1423 3416 1616 3492 exteriori-

441 3544 523 3638 bus,
548 3545 609 3616 olle
631 3544 771 3634 roplioo
794 3563 889 3616 eonor
913 3545 1071 3618 testimo
1095 3543 1154 3615 del
1180 3561 1299 3632 ruore,
1333 3538 1494 3614 maxime
1523 3537 1561 3610 in
1577 3527 1615 3631 (²)

444 3667 541 3744 uoto
577 3661 726 3756 amoris,
752 3660 840 3755 quia
870 3681 977 3738 amor
1006 3662 1118 3738 colari
1144 3680 1218 3736 non
1248 3667 1378 3756 potest,
1409 3662 1549 3752 oopoott
1575 3661 1617 3731 in

440 3788 559 3877 ooplr'o
575 3785 613 3858 di
627 3784 753 3856 troerti
770 3785 906 3873 nomm,
925 3780 1013 3875 quia
1030 3800 1101 3877 ego
1125 3780 1280 3856 ulterius
1297 3781 1424 3886 venire
1442 3800 1514 3855 non
1532 3799 1617 3875 pos·

441 3925 545 3999 anm,
576 3923 680 3978 oeroo
713 3908 834 3994 quartu
865 3904 1014 3991 rioiera,
1045 3901 1149 3994 idest,
1190 3882 1328 3994 rivum,
1361 3907 1472 3990 uoto,
1511 3898 1615 3994 idest,

306 4039 315 4064 ⁶
440 4031 517 4102 tam
542 4043 675 4119 prope3
696 4027 779 4098 erat
801 4020 902 4096 enim
927 4019 1004 4115 ipsa
1028 4019 1177 4095 domina
1207 4017 1293 4094 sotis
1318 4038 1340 4093 a
1371 4019 1490 4115 longe,
1516 4021 1567 4092 olr'
1580 4022 1616 4094 io

436 4165 549 4238 pomo
572 4145 732 4220 mundar
755 4143 815 4216 ode
839 4147 876 4214 tu
898 4143 1007 4232 eund,
1032 4138 1137 4234 quasi
1161 4139 1273 4216 dicat:
1302 4143 1343 4212 ut
1367 4137 1522 4212 sentiam
1549 4137 1616 4212 de-

444 4263 677 4343 laetationem
703 4268 818 4338 tuam.
844 4260 890 4336 lit
913 4259 973 4335 hic
997 4266 1085 4335 uota
1110 4259 1209 4354 quod
1238 4264 1346 4353 poeta
1376 4257 1509 4334 merito
1534 4264 1617 4332 tan-

445 4390 526 4460 tum
562 4381 710 4460 allectat
741 4381 1038 4478 appropinquare
1071 4380 1118 4455 ad
1157 4379 1264 4454 istam
1295 4378 1494 4473 dominam,
1529 4377 1616 4473 quia

445 4504 540 4580 iacta
565 4501 783 4600 purgatione
806 4501 982 4577 vitiorum
1000 4501 1149 4595 optabat
1168 4498 1346 4575 aooedere
1365 4497 1411 4572 ad
1431 4497 1616 4593 operatio·

444 4643 531 4700 nom
555 4623 712 4717 ¹uirtutis,
742 4642 827 4718 quoe
858 4626 1144 4716 representatur
1174 4618 1211 4694 in
1236 4618 1305 4692 isla
1331 4617 1489 4694 domina.
1521 4618 1616 4694 Noto

444 4743 568 4837 etium
584 4743 711 4837 lector,
730 4762 843 4837 quam
861 4742 1008 4838 pulcros
1028 4741 1219 4836 rhythmos
1236 4743 1343 4833 poeta
1361 4743 1486 4814 noster
1504 4737 1616 4816 labri-

442 4863 539 4940 eurit
566 4862 610 4938 ‚in
647 4872 723 4940 tam
758 4862 887 4958 pulcra
922 4860 1093 4934 materia:
1119 4879 1166 4934 ex
1198 4879 1273 4954 quo
1303 4865 1455 4954 apparet
1479 4879 1614 4934 verum

505 5123 533 5185 pp
549 5125 603 5180 ur,
619 5121 865 5182 teutonorum
881 5121 940 5172 rtur⁴
1109 5119 1140 5180 t¹l
1157 5119 1186 5170 n.
1203 5119 1230 5170 tn
1245 5118 1296 5169 *1¹¹⁰
1312 5118 1417 5172 amona
