4575 6842
752 972 891 1027 CANTUS
915 972 1106 1027 vruesruus
1130 972 1260 1027 Nouus.
1520 965 1589 1031 201

419 1117 641 1213 temporalis,
666 1117 798 1193 deiude
826 1118 1021 1214 spiritualis
1051 1117 1286 1193 animarum:
1313 1140 1382 1195 uec
1406 1121 1463 1195 isti
1496 1122 1592 1197 berre

418 1238 555 1333 dicunt,
581 1238 667 1333 quia
692 1238 810 1314 Lucas
829 1240 908 1334 jam
930 1245 1148 1313 numeratus
1165 1244 1221 1314 est
1238 1240 1334 1315 iuter
1350 1242 1592 1339 evangelistas

419 1362 513 1437 iuter
540 1382 633 1455 quos
657 1366 738 1435 erat
763 1379 916 1452 currus3
937 1360 1001 1435 sed
1022 1358 1111 1467 mibi
1137 1360 1283 1435 videtur
1309 1362 1409 1456 quud
1435 1363 1491 1437 isti
1515 1362 1592 1437 duc

420 1487 505 1556 suut
516 1476 553 1573 (¹)
570 1480 645 1555 duo
662 1479 841 1575 principes
856 1480 1119 1575 apostolorum,
1135 1479 1281 1574 scilicet,
1295 1482 1428 1580 Petrus
1443 1487 1481 1555 et
1494 1483 1592 1557 Pau·

420 1602 497 1676 lus:
529 1620 690 1695 quorum
721 1601 877 1674 Paulum
911 1599 1046 1695 figurat
1076 1621 1162 1675 curu
1193 1621 1292 1696 ense,
1322 1602 1409 1695 quia
1435 1601 1592 1677 rimatur

420 1721 599 1816 proluuda
634 1711 913 1815 scripturarum,
940 1720 999 1795 vel
1025 1720 1111 1814 quia
1137 1722 1309 1795 vuluerat
1333 1728 1372 1796 et
1394 1721 1480 1795 ierit
1497 1742 1592 1816 pun·

420 1841 552 1937 gendo,
578 1840 811 1935 increpando,
832 1840 1044 1915 mordendo.
1072 1840 1223 1915 Petrum
1242 1860 1332 1915 vero
1354 1846 1591 1935 repraesentat
1732 1922 1735 1927 ,

420 1960 457 2035 iu
483 1961 609 2038 babitu
635 1959 777 2051 medici,
796 1960 882 2055 quia
905 1960 1030 2035 babuit
1051 1980 1183 2035 sanare
1203 1961 1358 2035 vulnera
1379 1961 1590 2035 animarum

420 2080 594 2156 solvendo
619 2088 656 2155 et
681 2082 883 2178 parceud03
910 2089 948 2155 et
972 2080 1091 2176 primo
1114 2081 1259 2156 curavit
1274 2100 1316 2155 se
1334 2082 1466 2176 ipsum.
1486 2083 1592 2157 Nunc

419 2200 466 2275 ad
490 2200 634 2275 literam
659 2208 767 2296 poeta
792 2201 963 2275 describit
983 2202 1069 2275 istos
1095 2200 1188 2273 duos
1214 2202 1335 2294 quoad
1362 2201 1527 2277 babitum
1553 2208 1591 2277 et

419 2327 557 2416 actum,
584 2322 722 2396 dicens:
749 2328 925 2415 appresso
950 2328 1032 2395 tutto
1056 2324 1084 2394 it
1109 2328 1322 2414 pubertate
1354 2326 1464 2413 bodo,
1489 2322 1590 2416 idest,

419 2448 499 2537 post
524 2462 671 2538 passum
697 2442 892 2537 difficilem,
919 2463 1030 2536 quem
1058 2447 1157 2516 tauta
1182 2450 1263 2517 arte
1288 2442 1486 2538 descripsit,
1518 2446 1591 2517 cidi

419 2566 489 2637 duo
509 2565 622 2637 veccbi
639 2565 676 2635 iu
694 2564 786 2637 abito
807 2553 956 2655 dispdri,
974 2562 1075 2656 idest,
1094 2561 1295 2657 dissimiles
1317 2563 1405 2658 quia
1424 2572 1527 2637 'uuus
1552 2563 1588 2638 iu

421 2685 547 2759 babitu
574 2684 716 2777 medici,
733 2685 826 2758 alter
853 2683 1010 2777 militari,
1028 2704 1087 2755 ma
1098 2686 1187 2775 puri
1208 2686 1247 2756 ib
1266 2692 1351 2778 utto,
1372 2685 1459 2778 quia
1476 2684 1587 2759 ambo

422 2803 585 2900 apostoli,
604 2804 719 2878 nuntii
737 2802 879 2897 Christi,
896 2803 1036 2899 pugiles
1057 2802 1155 2893 fidei,
1176 2804 1238 2897 qui
1264 2802 1311 2877 ad
1338 2825 1454 2879 unum
1476 2804 1588 2879 linem

423 2924 689 3017 militaveruut3
708 2924 789 2999 ideo
805 2924 900 2999 bene
916 2923 1020 2998 dicit:
1040 2930 1073 2997 et
1086 2930 1243 2997 onustato
1260 2926 1394 3015 crode,
1408 2923 1495 3017 quia
1509 2942 1590 2999 ma·

419 3051 505 3120 turo
535 3052 572 3119 et
603 3045 717 3141 gravi.
736 3084 785 3099 -
803 3047 841 3117 L’
855 3066 912 3118 uu.
945 3044 1009 3118 llic
1043 3050 1150 3139 poeta
1181 3044 1351 3119 describit
1385 3044 1588 3139 specialiter

419 3171 621 3259 utrumque
647 3166 793 3258 borum,
819 3163 960 3238 diceus:
988 3166 1099 3255 L'un,
1122 3162 1270 3257 scilieet,
1296 3164 1487 3258 Petruasi
1511 3184 1588 3237 mu·

417 3296 541 3361 struva
574 3290 678 3359 alcun
710 3288 762 3359 de'
780 3287 990 3379 febricitari,
1025 3284 1126 3377 idest,
1162 3284 1402 3377 medicorum,
1436 3285 1474 3356 di
1511 3287 1590 3375 puel

417 3428 551 3480 sommo
564 3410 761 3499 Ippocrate,
775 3404 837 3498 qui
855 3404 922 3478 luit
939 3404 1140 3498 antiquitus
1159 3404 1399 3499 peritissimus
1413 3403 1587 3497 medicus,

418 3533 459 3601 ut
484 3527 622 3601 dictum
647 3530 702 3599 est
727 3524 860 3601 luterni
886 3524 1045 3620 capitulo
1068 3524 1123 3617 Vl,
1149 3526 1223 3615 aba,
1248 3524 1351 3618 idest,
1374 3544 1498 3618 quem,
1519 3542 1588 3597 rru-

417 3655 499 3721 turu
520 3651 593 3741 fece
617 3649 690 3737 apli
718 3648 877 3733 animati,
907 3644 1009 3737 idest,
1039 3643 1260 3738 bominibus,
1291 3646 1342 3717 cb’
1355 3646 1424 3717 elta
1453 3646 1500 3715 ltu
1524 3636 1588 3736 ptri

418 3772 515 3860 σανίς
547 3766 649 3860 quasi
680 3765 793 3840 dicat:
830 3771 963 3838 natura
992 3764 1149 3859 providit
1181 3763 1290 3837 saluti
1322 3763 1514 3838 bominum
1540 3762 1587 3839 dc

417 3888 554 3963 auxilio
587 3886 826 3980 medicorum,
862 3890 1010 3981 propter
1044 3904 1157 3979 quem
1194 3883 1317 3958 omnia
1352 3883 1446 3958 lacta
1479 3889 1586 3975 suut3

418 4012 553 4100 lettre,
572 4007 717 4100 scilicet,
735 4008 881 4100 Paulus,
899 4012 1079 4079 mastruca
1103 4009 1140 4079 tu
1162 4006 1346 4078 coaucta
1361 4024 1464 4095 cura,
1481 4004 1585 4096 idest,

417 4136 536 4203 artem
554 4126 776 4202 contrariam
795 4126 948 4219 medico,
966 4146 1032 4198 con
1054 4146 1127 4199 uua
1150 4127 1264 4218 spada
1285 4126 1402 4198 lucida
1421 4131 1455 4198 ct
1468 4130 1585 4216 acum,

417 4270 530 4344 quam
556 4248 651 4321 bene
676 4246 842 4321 exercuit
867 4246 904 4319 iu
929 4245 1093 4320 claritate
1119 4246 1212 4341 fidei,
1234 4249 1285 4320 tat
1302 4249 1362 4319 cte
1381 4248 1419 4319 di
1438 4265 1510 4338 qua
1526 4246 1589 4318 dut

374 4412 376 4415 v
415 4374 472 4443 rto
504 4370 551 4441 mi
577 4371 613 4462 fe
637 4388 771 4461 paura,
801 4366 947 4461 scilicet,
978 4367 1299 4461 abataticum,
1330 4367 1418 4461 quia
1448 4366 1587 4463 rigidus

415 4488 608 4563 videbatur
637 4508 704 4582 pro
733 4486 942 4562 delensicue
978 4507 1130 4580 currus3
1159 4488 1257 4562 uude
1292 4486 1452 4562 Paradisi
1488 4486 1587 4581 capi·

416 4609 494 4683 tulo
519 4608 645 4681 llllllll
671 4605 815 4681 Beatrir
843 4606 997 4700 loquens
1022 4606 1067 4681 de
1093 4607 1208 4681 Paulo
1236 4607 1321 4681 dicit
1350 4606 1398 4681 ad
1421 4608 1586 4700 Petrum,

419 4731 486 4802 cle
505 4730 589 4801 mise
605 4736 677 4801 tecu
695 4731 808 4801 ltomu
824 4729 883 4800 bct
897 4728 988 4799 buon
1002 4730 1075 4819 filu.
1085 4768 1135 4781 -
1148 4730 1225 4801 Pol.
1242 4728 1308 4802 Hic
1324 4733 1432 4822 poeta
1450 4728 1588 4802 descri-

416 4849 468 4923 bit
492 4848 654 4923 breviter
679 4854 840 4942 quatuor
864 4848 1032 4921 doctores
1057 4848 1095 4921 iu
1121 4849 1245 4923 babitu
1277 4848 1418 4942 humili,
1443 4848 1585 4941 diceus:

480 5105 506 5168 (¹)
523 5104 554 5154 E.
570 5108 631 5154 sunt
646 5104 783 5167 principes.
