4575 6842
733 958 777 1024 10
1090 970 1295 1027 coumrmr
1321 971 1540 1026 susurronis

729 1115 806 1188 tulo
832 1115 888 1210 IV,
915 1121 952 1190 et
975 1115 1095 1212 giosat
1119 1114 1260 1190 dictum
1285 1136 1410 1209 suurn,
1435 1115 1575 1190 diceus:
1601 1117 1690 1189 dove
1717 1118 1765 1188 iu
1792 1117 1821 1189 il
1848 1119 1901 1190 oi·

725 1237 827 1308 corio
844 1238 881 1309 di
897 1239 1016 1310 Pietro
1042 1238 1072 1309 le
1092 1239 1234 1330 piante;
1259 1236 1347 1330 quia
1371 1236 1525 1331 augelus
1542 1234 1686 1308 Domini
1712 1235 1775 1329 qui
1801 1236 1899 1332 tigu-

727 1361 784 1430 rat
808 1355 1037 1430 sacerdotem
1064 1355 1166 1431 sedet
1191 1356 1228 1430 in
1253 1356 1379 1431 iimina
1399 1361 1513 1451 porte
1538 1362 1577 1430 et
1600 1361 1702 1430 tenet
1726 1356 1837 1452 pedes
1861 1357 1898 1430 in

724 1497 873 1550 summo
898 1477 1028 1573 gradu.
1054 1475 1146 1550 Dicit
1170 1496 1280 1573 ergo:
1305 1483 1418 1549 deme
1438 1479 1538 1570 forse
1550 1469 1612 1568 piei
1629 1469 1703 1566 pisi,
1721 1475 1815 1550 inira
1843 1476 1898 1550 di-

725 1601 827 1670 ctum
853 1597 1024 1691 gradum,
1046 1617 1137 1688 poco
1161 1617 1184 1668 o
1209 1598 1327 1689 assae
1360 1595 1446 1691 quia
1476 1594 1517 1672 iit
1546 1601 1781 1670 terraemotus
1811 1617 1897 1692 par-

725 1735 795 1790 vus
812 1717 871 1790 vei
886 1736 1062 1812 magnus3
1080 1722 1119 1791 et
1135 1715 1251 1811 tangit
1268 1735 1417 1790 causam
1435 1707 1472 1808 (¹)
1492 1721 1738 1810 terraemotus,
1755 1717 1895 1809 dicens:

725 1855 798 1928 ma,
820 1857 888 1928 per
918 1843 1018 1910 vento
1048 1837 1108 1909 cde
1132 1839 1170 1910 'n
1198 1843 1296 1910 terra
1325 1839 1357 1908 si
1384 1837 1580 1927 noscenda,
1609 1855 1683 1907 non
1712 1857 1754 1908 so
1786 1856 1894 1928 come,

724 1956 830 2050 quasi
855 1956 970 2032 dicat:
995 1957 1333 2050 qualitercumque3
1351 1955 1427 2049 sed,
1444 1950 1574 2046 quassu
1589 1977 1662 2028 non
1679 1947 1788 2029 uemd
1805 1960 1891 2052 mai,

724 2077 870 2171 scilicet,
896 2099 962 2174 per
988 2077 1085 2151 viam
1112 2077 1222 2151 venti.
1249 2077 1293 2149 Et
1318 2074 1476 2150 finaliter
1495 2075 1630 2150 Statius
1655 2076 1815 2173 assignat
1833 2098 1897 2152 ve·
1928 2103 1933 2110 ·

725 2217 806 2270 ram
832 2217 982 2272 causam
1010 2197 1104 2271 iliius
1130 2201 1365 2271 terraemotus
1386 2197 1611 2290 spirituatem
1638 2204 1676 2270 et
1701 2200 1895 2293 moralem,

722 2316 864 2391 dicens:
891 2321 1035 2391 erman
1059 2319 1205 2409 quando
1229 2319 1357 2390 meana
1376 2319 1498 2390 enimn
1523 2319 1667 2410 mado,
1688 2318 1791 2413 idest,
1809 2339 1895 2414 per-

722 2437 816 2512 iecte
842 2445 1010 2533 purgata,
1035 2440 1195 2528 siseate,
1211 2429 1241 2510 si
1257 2439 1317 2509 cde
1332 2457 1456 2530 serpo,
1479 2437 1573 2511 sicut
1597 2438 1700 2512 arari
1718 2439 1895 2533 jacentes,

723 2580 745 2631 o
770 2561 830 2632 cite
845 2561 877 2630 si
892 2579 1034 2648 mooun,
1051 2557 1145 2634 sicut
1164 2557 1223 2632 aiii
1246 2577 1317 2647 non
1331 2558 1507 2654 jacentes,
1528 2559 1586 2633 vei
1604 2579 1678 2632 nou
1694 2559 1813 2654 iigati3
1827 2581 1895 2652 per

722 2682 812 2753 satir
836 2700 891 2770 so,
910 2678 956 2752 ad
982 2679 1095 2753 alium
1115 2679 1272 2776 gradum
1294 2679 1534 2774 superiorem,
1552 2700 1572 2751 e
1596 2682 1647 2752 toi
1661 2683 1778 2773 pudo,
1800 2701 1895 2774 qua-

723 2801 796 2876 lem
815 2799 995 2892 audivisti,
1009 2799 1156 2893 scilicet,
1168 2798 1284 2895 gloria
1298 2799 1335 2872 iu
1347 2799 1499 2873 excelsis
1512 2798 1600 2893 Deo,
1613 2801 1777 2890 seconde,
1790 2800 1894 2893 idest,

723 2921 890 3015 sequitur
927 2919 1137 2994 immediate
1176 2921 1567 2993 tremorem-Deua
1603 2922 1793 2994 mundicia.
1830 2921 1895 2995 iiic

725 3040 860 3115 Statius
887 3039 1080 3134 respondet
1106 3039 1298 3133 quaestioni
1323 3038 1458 3113 tacitae:
1475 3045 1619 3134 poterat
1639 3039 1737 3114 enirn
1755 3032 1790 3131 (²)
1811 3041 1893 3114 Vir-

721 3161 828 3258 gilius
854 3159 975 3234 statim
1007 3166 1157 3254 petere:
1183 3157 1230 3232 ad
1260 3157 1347 3251 quid
1377 3159 1434 3233 vei
1459 3158 1646 3252 quomodo
1675 3160 1893 3256 cognoscitis

721 3302 787 3357 vos
813 3280 911 3374 quod
936 3280 1059 3374 aliqua
1088 3279 1213 3352 anima
1237 3277 1282 3352 sit
1307 3283 1486 3375 purgata?
1513 3279 1706 3375 respondet
1734 3281 1891 3354 Statius:

721 3406 749 3477 il
778 3405 834 3476 sot
865 3404 975 3493 noter,
1009 3401 1110 3494 idest,
1145 3401 1222 3473 sola
1255 3400 1434 3493 voluntas,
1465 3404 1507 3495 [a
1537 3421 1678 3493 pruooc
1708 3404 1780 3493 cde,
1806 3409 1890 3477 tutto

718 3523 840 3614 liberm
866 3521 944 3596 sine
978 3520 1101 3614 aliqua
1126 3519 1352 3612 necessitate,
1378 3522 1506 3593 tctnrn
1537 3524 1732 3613 sorprende
1759 3543 1784 3593 α
1813 3543 1892 3596 mu-

718 3649 974 3731 terrerevello,
991 3641 1136 3733 scilicet,
1154 3660 1347 3714 ascensum
1365 3639 1412 3714 ad
1431 3639 1599 3714 altiorem
1620 3641 1779 3736 gradum
1801 3664 1893 3738 pur·

716 3762 858 3858 gatorii,
885 3765 964 3836 edi
988 3764 1085 3834 veter
1110 3763 1141 3834 te
1164 3763 1284 3851 piooc,
1302 3759 1404 3852 idest,
1421 3765 1459 3832 et
1484 3765 1573 3834 tuuc
1591 3760 1747 3835 delectat
1773 3762 1889 3856 ipsam

716 3884 878 3958 animam
911 3881 1006 3956 veile
1037 3887 1185 3955 mutare
1216 3886 1452 3954 conventum.
1478 3879 1522 3952 Et
1553 3881 1728 3955 continuo
1753 3882 1888 3957 Statius

717 4003 802 4078 iacit
827 4002 936 4077 aliam
961 4001 1240 4095 antipophoram
1266 3999 1491 4092 necessari03
1509 4000 1597 4094 quia
1614 4000 1785 4098 Virgilius
1806 4009 1888 4078 erat

717 4122 839 4198 statim
858 4122 1042 4196 dicturus:
1061 4120 1259 4215 quomodo,
1280 4138 1402 4193 noune
1422 4120 1503 4192 vuit
1521 4139 1669 4215 semper
1689 4121 1792 4196 exire
1809 4143 1890 4217 poe-

716 4250 830 4319 namt
850 4243 1052 4339 respondet
1076 4241 1224 4334 Statius,
1240 4240 1340 4336 quod
1360 4242 1452 4334 vuit,
1469 4241 1533 4316 sed
1558 4261 1632 4314 non
1657 4241 1782 4336 libere,
1801 4243 1888 4338 quia

715 4364 839 4439 anima
864 4370 992 4459 sponte
1017 4361 1162 4437 subiicit
1187 4382 1228 4436 se
1252 4361 1369 4455 euipae
1385 4352 1422 4452 (³)
1449 4361 1620 4458 exigente
1636 4362 1757 4437 divina
1779 4363 1889 4458 justi-

715 4486 775 4559 tia.
802 4485 894 4559 Dicit
920 4504 1031 4580 ergo:
1045 4485 1168 4577 primu
1187 4485 1269 4555 vuol
1283 4483 1379 4572 dene,
1395 4481 1542 4576 scilicet,
1560 4490 1707 4557 mutare
1730 4485 1886 4580 gradum

716 4605 778 4679 ilie
800 4604 924 4679 anima
948 4610 1149 4696 antequam
1173 4602 1320 4676 recedat
1342 4621 1364 4675 a
1390 4622 1511 4697 poena,
1536 4623 1596 4674 me
1620 4605 1648 4676 it
1671 4607 1797 4678 talento
1816 4625 1889 4678 non

714 4727 838 4815 tona,
863 4723 966 4816 idest,
991 4721 1173 4818 appetitus
1199 4742 1273 4796 nou
1302 4721 1499 4816 permittit3
1525 4721 1630 4816 quasi
1655 4723 1761 4817 dicat,
1787 4723 1887 4818 quod

776 4941 803 5001 (¹)
820 4942 874 4999 11⁷,
890 4951 994 4989 causam
1010 4937 1182 5001 generationis
1199 4943 1372 4987 terremotus.
1452 4957 1455 4960 ·

774 5015 802 5078 (¹)
818 5016 850 5066 Ε.
866 5016 935 5065 enim
953 5015 1038 5066 dicere
1055 5015 1179 5079 Virgilius
1192 5021 1222 5066 et
1236 5015 1332 5066 statim.

777 5093 804 5156 (¹)
820 5097 874 5151 117.
891 5105 982 5156 mon,
999 5093 1066 5143 deut
1079 5097 1171 5156 sponte
1186 5092 1283 5144 obierit
1297 5105 1325 5141 se
1341 5090 1425 5155 eulpa
1441 5092 1569 5156 erigente.
