<?xml version="1.0" encoding="UTF-8"?>
<!DOCTYPE html PUBLIC "-//W3C//DTD XHTML 1.0 Transitional//EN"
    "http://www.w3.org/TR/xhtml1/DTD/xhtml1-transitional.dtd">
<html xmlns="http://www.w3.org/1999/xhtml" xml:lang="en" lang="en">
 <head>
  <title>
</title>
<meta http-equiv="Content-Type" content="text/html;charset=utf-8" />
  <meta name='ocr-system' content='tesseract 3.04.00' />
  <meta name='ocr-capabilities' content='ocr_page ocr_carea ocr_par ocr_line ocrx_word'/>
</head>
<body>
  <div class='ocr_page' id='page_1' title='image "./comentumsuperda00unkngoog_0159.png"; bbox 0 0 4575 6842; ppageno 0'>
   <div class='ocr_carea' id='block_1_1' title="bbox 755 884 1618 954">
    <p class='ocr_par' dir='ltr' id='par_1_1' title="bbox 755 884 1618 954">
     <span class='ocr_line' id='line_1_1' title="bbox 755 884 1618 954; baseline 0.003 -5"><span class='ocrx_word' id='word_1_1' title='bbox 755 894 895 950; x_wconf 83' lang='lat' dir='ltr'>caurus</span> <span class='ocrx_word' id='word_1_2' title='bbox 919 896 1109 950; x_wconf 81' lang='lat' dir='ltr'>uunsrnus</span> <span class='ocrx_word' id='word_1_3' title='bbox 1134 897 1317 952; x_wconf 81' lang='lat' dir='ltr'>snrmnrus.</span> <span class='ocrx_word' id='word_1_4' title='bbox 1550 884 1618 954; x_wconf 69' lang='lat'>14³</span> 
     </span>
    </p>
   </div>
   <div class='ocr_carea' id='block_1_2' title="bbox 444 1037 1680 4854">
    <p class='ocr_par' dir='ltr' id='par_1_2' title="bbox 444 1037 1680 4854">
     <span class='ocr_line' id='line_1_2' title="bbox 446 1037 1621 1138; baseline 0.001 -24"><span class='ocrx_word' id='word_1_5' title='bbox 446 1043 559 1130; x_wconf 80' lang='lat' dir='ltr'>salvo,</span> <span class='ocrx_word' id='word_1_6' title='bbox 579 1061 625 1114; x_wconf 88' lang='lat' dir='ltr'>ne</span> <span class='ocrx_word' id='word_1_7' title='bbox 650 1039 885 1114; x_wconf 77' lang='lat' dir='ltr'>suffocarens</span> <span class='ocrx_word' id='word_1_8' title='bbox 909 1037 947 1112; x_wconf 94' lang='lat' dir='ltr'>in</span> <span class='ocrx_word' id='word_1_9' title='bbox 972 1039 1034 1113; x_wconf 91' lang='lat' dir='ltr'>illo</span> <span class='ocrx_word' id='word_1_10' title='bbox 1060 1039 1241 1134; x_wconf 79' lang='lat' dir='ltr'>profundo</span> <span class='ocrx_word' id='word_1_11' title='bbox 1266 1042 1423 1138; x_wconf 77' lang='lat' dir='ltr'>gurgite,</span> <span class='ocrx_word' id='word_1_12' title='bbox 1440 1046 1621 1116; x_wconf 82' lang='lat' dir='ltr'>soor’esso</span> 
     </span>
     <span class='ocr_line' id='line_1_3' title="bbox 451 1158 1680 1256; baseline 0.002 -22"><span class='ocrx_word' id='word_1_13' title='bbox 451 1164 594 1251; x_wconf 69' lang='lat' dir='ltr'>Gomon,</span> <span class='ocrx_word' id='word_1_14' title='bbox 612 1159 715 1253; x_wconf 90' lang='lat' dir='ltr'>idest,</span> <span class='ocrx_word' id='word_1_15' title='bbox 734 1179 847 1254; x_wconf 88' lang='lat' dir='ltr'>super</span> <span class='ocrx_word' id='word_1_16' title='bbox 870 1159 982 1234; x_wconf 92' lang='lat' dir='ltr'>dorso</span> <span class='ocrx_word' id='word_1_17' title='bbox 1006 1158 1195 1256; x_wconf 82' lang='lat' dir='ltr'><strong>Geryonis,</strong></span> <span class='ocrx_word' id='word_1_18' title='bbox 1214 1182 1289 1256; x_wconf 89' lang='lat' dir='ltr'>quo</span> <span class='ocrx_word' id='word_1_19' title='bbox 1307 1162 1448 1237; x_wconf 94' lang='lat' dir='ltr'>nullum</span> <span class='ocrx_word' id='word_1_20' title='bbox 1470 1169 1525 1238; x_wconf 90' lang='lat' dir='ltr'>est</span> <span class='ocrx_word' id='word_1_21' title='bbox 1546 1170 1621 1238; x_wconf 90' lang='lat' dir='ltr'>ter·</span> <span class='ocrx_word' id='word_1_22' title='bbox 1677 1199 1680 1206; x_wconf 53' lang='lat'><em>2</em></span> 
     </span>
     <span class='ocr_line' id='line_1_4' title="bbox 446 1279 1621 1376; baseline 0.002 -22"><span class='ocrx_word' id='word_1_23' title='bbox 446 1280 585 1354; x_wconf 91' lang='lat' dir='ltr'>ribilius</span> <span class='ocrx_word' id='word_1_24' title='bbox 620 1286 841 1373; x_wconf 92' lang='lat' dir='ltr'>monstrum,</span> <span class='ocrx_word' id='word_1_25' title='bbox 867 1280 1010 1352; x_wconf 91' lang='lat' dir='ltr'>nullum</span> <span class='ocrx_word' id='word_1_26' title='bbox 1044 1279 1229 1375; x_wconf 86' lang='lat' dir='ltr'>potentius</span> <span class='ocrx_word' id='word_1_27' title='bbox 1261 1281 1297 1353; x_wconf 95' lang='lat' dir='ltr'>in</span> <span class='ocrx_word' id='word_1_28' title='bbox 1329 1281 1491 1376; x_wconf 76' lang='lat' dir='ltr'>interno,</span> <span class='ocrx_word' id='word_1_29' title='bbox 1524 1282 1621 1356; x_wconf 83' lang='lat' dir='ltr'>*ote</span> 
     </span>
     <span class='ocr_line' id='line_1_5' title="bbox 444 1392 1621 1496; baseline 0.002 -22"><span class='ocrx_word' id='word_1_30' title='bbox 444 1392 530 1495; x_wconf 77' lang='lat' dir='ltr'>ford</span> <span class='ocrx_word' id='word_1_31' title='bbox 554 1421 637 1492; x_wconf 89' lang='lat' dir='ltr'>ora,</span> <span class='ocrx_word' id='word_1_32' title='bbox 659 1419 758 1474; x_wconf 84' lang='lat' dir='ltr'>nunc</span> <span class='ocrx_word' id='word_1_33' title='bbox 782 1399 818 1472; x_wconf 92' lang='lat' dir='ltr'>in</span> <span class='ocrx_word' id='word_1_34' title='bbox 844 1399 914 1474; x_wconf 91' lang='lat' dir='ltr'>isto</span> <span class='ocrx_word' id='word_1_35' title='bbox 939 1398 1041 1496; x_wconf 81' lang='lat' dir='ltr'>igne3</span> <span class='ocrx_word' id='word_1_36' title='bbox 1067 1402 1128 1472; x_wconf 83' lang='lat' dir='ltr'>rte</span> <span class='ocrx_word' id='word_1_37' title='bbox 1153 1419 1219 1472; x_wconf 81' lang='lat' dir='ltr'>son</span> <span class='ocrx_word' id='word_1_38' title='bbox 1240 1394 1302 1492; x_wconf 74' lang='lat' dir='ltr'>piri</span> <span class='ocrx_word' id='word_1_39' title='bbox 1323 1422 1448 1493; x_wconf 84' lang='lat' dir='ltr'>presso</span> <span class='ocrx_word' id='word_1_40' title='bbox 1474 1423 1497 1474; x_wconf 84' lang='lat' dir='ltr'>a</span> <span class='ocrx_word' id='word_1_41' title='bbox 1523 1406 1621 1476; x_wconf 82' lang='lat' dir='ltr'>Dio?</span> 
     </span>
     <span class='ocr_line' id='line_1_6' title="bbox 448 1514 1619 1617; baseline 0.002 -23"><span class='ocrx_word' id='word_1_42' title='bbox 448 1522 553 1617; x_wconf 88' lang='lat' dir='ltr'>quasi</span> <span class='ocrx_word' id='word_1_43' title='bbox 570 1521 665 1596; x_wconf 86' lang='lat' dir='ltr'>dicat</span> <span class='ocrx_word' id='word_1_44' title='bbox 685 1521 795 1616; x_wconf 91' lang='lat' dir='ltr'>longe</span> <span class='ocrx_word' id='word_1_45' title='bbox 813 1519 957 1614; x_wconf 92' lang='lat' dir='ltr'>melius,</span> <span class='ocrx_word' id='word_1_46' title='bbox 974 1520 1085 1594; x_wconf 89' lang='lat' dir='ltr'>idest:</span> <span class='ocrx_word' id='word_1_47' title='bbox 1103 1520 1133 1593; x_wconf 90' lang='lat' dir='ltr'>si</span> <span class='ocrx_word' id='word_1_48' title='bbox 1154 1520 1248 1594; x_wconf 87' lang='lat' dir='ltr'>traxi</span> <span class='ocrx_word' id='word_1_49' title='bbox 1263 1527 1300 1595; x_wconf 92' lang='lat' dir='ltr'>te</span> <span class='ocrx_word' id='word_1_50' title='bbox 1317 1520 1363 1595; x_wconf 91' lang='lat' dir='ltr'>de</span> <span class='ocrx_word' id='word_1_51' title='bbox 1380 1521 1555 1597; x_wconf 88' lang='lat' dir='ltr'>interno*</span> <span class='ocrx_word' id='word_1_52' title='bbox 1569 1514 1619 1615; x_wconf 83' lang='lat'>(¹),</span> 
     </span>
     <span class='ocr_line' id='line_1_7' title="bbox 448 1640 1620 1738; baseline 0.001 -23"><span class='ocrx_word' id='word_1_53' title='bbox 448 1663 515 1738; x_wconf 87' lang='lat' dir='ltr'>per</span> <span class='ocrx_word' id='word_1_54' title='bbox 539 1642 662 1716; x_wconf 86' lang='lat' dir='ltr'>omnia</span> <span class='ocrx_word' id='word_1_55' title='bbox 687 1661 825 1738; x_wconf 85' lang='lat' dir='ltr'>genera</span> <span class='ocrx_word' id='word_1_56' title='bbox 850 1640 1049 1734; x_wconf 79' lang='lat' dir='ltr'><strong>fraudium,</strong></span> <span class='ocrx_word' id='word_1_57' title='bbox 1067 1648 1206 1734; x_wconf 90' lang='lat' dir='ltr'>quanto</span> <span class='ocrx_word' id='word_1_58' title='bbox 1225 1641 1342 1738; x_wconf 89' lang='lat' dir='ltr'>magis</span> <span class='ocrx_word' id='word_1_59' title='bbox 1359 1663 1457 1716; x_wconf 90' lang='lat' dir='ltr'>nunc</span> <span class='ocrx_word' id='word_1_60' title='bbox 1476 1651 1512 1717; x_wconf 91' lang='lat' dir='ltr'>te</span> <span class='ocrx_word' id='word_1_61' title='bbox 1529 1663 1620 1738; x_wconf 87' lang='lat' dir='ltr'>pur-</span> 
     </span>
     <span class='ocr_line' id='line_1_8' title="bbox 447 1760 1620 1859; baseline 0.001 -23"><span class='ocrx_word' id='word_1_62' title='bbox 447 1769 576 1859; x_wconf 89' lang='lat' dir='ltr'>gatum</span> <span class='ocrx_word' id='word_1_63' title='bbox 603 1782 668 1857; x_wconf 86' lang='lat' dir='ltr'>per</span> <span class='ocrx_word' id='word_1_64' title='bbox 692 1760 818 1835; x_wconf 87' lang='lat' dir='ltr'>omnia</span> <span class='ocrx_word' id='word_1_65' title='bbox 842 1781 980 1856; x_wconf 88' lang='lat' dir='ltr'>genera</span> <span class='ocrx_word' id='word_1_66' title='bbox 1006 1760 1180 1834; x_wconf 89' lang='lat' dir='ltr'>vitiorum</span> <span class='ocrx_word' id='word_1_67' title='bbox 1206 1780 1337 1836; x_wconf 87' lang='lat' dir='ltr'>eruam</span> <span class='ocrx_word' id='word_1_68' title='bbox 1355 1761 1401 1836; x_wconf 91' lang='lat' dir='ltr'>de</span> <span class='ocrx_word' id='word_1_69' title='bbox 1419 1762 1504 1858; x_wconf 83' lang='lat' dir='ltr'><strong>igne</strong></span> <span class='ocrx_word' id='word_1_70' title='bbox 1529 1783 1620 1858; x_wconf 86' lang='lat' dir='ltr'>pur·</span> 
     </span>
     <span class='ocr_line' id='line_1_9' title="bbox 448 1880 1619 1979; baseline 0.002 -25"><span class='ocrx_word' id='word_1_71' title='bbox 448 1880 606 1979; x_wconf 86' lang='lat' dir='ltr'>gatoriit</span> <span class='ocrx_word' id='word_1_72' title='bbox 630 1883 674 1955; x_wconf 85' lang='lat' dir='ltr'>Et</span> <span class='ocrx_word' id='word_1_73' title='bbox 706 1880 900 1955; x_wconf 86' lang='lat' dir='ltr'>confirmat</span> <span class='ocrx_word' id='word_1_74' title='bbox 932 1880 1068 1954; x_wconf 87' lang='lat' dir='ltr'>dictum</span> <span class='ocrx_word' id='word_1_75' title='bbox 1101 1900 1213 1954; x_wconf 91' lang='lat' dir='ltr'>suum</span> <span class='ocrx_word' id='word_1_76' title='bbox 1244 1901 1311 1977; x_wconf 87' lang='lat' dir='ltr'>per</span> <span class='ocrx_word' id='word_1_77' title='bbox 1342 1882 1619 1976; x_wconf 79' lang='lat' dir='ltr'>experientiam,</span> 
     </span>
     <span class='ocr_line' id='line_1_10' title="bbox 447 2001 1619 2093; baseline -0.001 -18"><span class='ocrx_word' id='word_1_78' title='bbox 447 2001 589 2075; x_wconf 86' lang='lat' dir='ltr'>dicens:</span> <span class='ocrx_word' id='word_1_79' title='bbox 615 2003 714 2074; x_wconf 81' lang='lat' dir='ltr'>credi</span> <span class='ocrx_word' id='word_1_80' title='bbox 733 2023 800 2093; x_wconf 82' lang='lat' dir='ltr'>per</span> <span class='ocrx_word' id='word_1_81' title='bbox 824 2007 918 2074; x_wconf 81' lang='lat' dir='ltr'>certo</span> <span class='ocrx_word' id='word_1_82' title='bbox 935 2003 1007 2092; x_wconf 81' lang='lat' dir='ltr'>ote,</span> <span class='ocrx_word' id='word_1_83' title='bbox 1023 2022 1060 2073; x_wconf 86' lang='lat' dir='ltr'>se</span> <span class='ocrx_word' id='word_1_84' title='bbox 1080 2003 1179 2074; x_wconf 84' lang='lat' dir='ltr'>stessi</span> <span class='ocrx_word' id='word_1_85' title='bbox 1197 2002 1261 2072; x_wconf 83' lang='lat' dir='ltr'>den</span> <span class='ocrx_word' id='word_1_86' title='bbox 1281 2003 1372 2074; x_wconf 84' lang='lat' dir='ltr'>mille</span> <span class='ocrx_word' id='word_1_87' title='bbox 1391 2005 1479 2074; x_wconf 85' lang='lat' dir='ltr'>anni</span> <span class='ocrx_word' id='word_1_88' title='bbox 1494 2003 1619 2076; x_wconf 77' lang='lat' dir='ltr'>dentre</span> 
     </span>
     <span class='ocr_line' id='line_1_11' title="bbox 447 2105 1614 2215; baseline -0.002 -21"><span class='ocrx_word' id='word_1_89' title='bbox 447 2123 507 2194; x_wconf 80' lang='lat' dir='ltr'>atr</span> <span class='ocrx_word' id='word_1_90' title='bbox 521 2123 615 2212; x_wconf 77' lang='lat' dir='ltr'>ulto,</span> <span class='ocrx_word' id='word_1_91' title='bbox 641 2121 743 2214; x_wconf 89' lang='lat' dir='ltr'>idest,</span> <span class='ocrx_word' id='word_1_92' title='bbox 770 2105 951 2215; x_wconf 82' lang='lat' dir='ltr'>ventrem,</span> <span class='ocrx_word' id='word_1_93' title='bbox 976 2123 1013 2194; x_wconf 83' lang='lat' dir='ltr'>di</span> <span class='ocrx_word' id='word_1_94' title='bbox 1029 2127 1148 2212; x_wconf 72' lang='lat' dir='ltr'>questu</span> <span class='ocrx_word' id='word_1_95' title='bbox 1162 2122 1322 2213; x_wconf 71' lang='lat' dir='ltr'>flamma,</span> <span class='ocrx_word' id='word_1_96' title='bbox 1340 2141 1454 2215; x_wconf 87' lang='lat' dir='ltr'>quam</span> <span class='ocrx_word' id='word_1_97' title='bbox 1472 2127 1614 2195; x_wconf 84' lang='lat' dir='ltr'>tantum</span> 
     </span>
     <span class='ocr_line' id='line_1_12' title="bbox 446 2239 1619 2337; baseline 0.001 -24"><span class='ocrx_word' id='word_1_98' title='bbox 446 2240 706 2337; x_wconf 70' lang='lat' dir='ltr'>perhorrescis</span> <span class='ocrx_word' id='word_1_99' title='bbox 732 2260 804 2315; x_wconf 82' lang='lat' dir='ltr'>non</span> <span class='ocrx_word' id='word_1_100' title='bbox 828 2242 854 2313; x_wconf 83' lang='lat' dir='ltr'>ti</span> <span class='ocrx_word' id='word_1_101' title='bbox 872 2239 1038 2332; x_wconf 77' lang='lat' dir='ltr'>potrebbe</span> <span class='ocrx_word' id='word_1_102' title='bbox 1053 2244 1117 2334; x_wconf 80' lang='lat' dir='ltr'>for</span> <span class='ocrx_word' id='word_1_103' title='bbox 1138 2241 1173 2312; x_wconf 87' lang='lat' dir='ltr'>d&#39;</span> <span class='ocrx_word' id='word_1_104' title='bbox 1186 2261 1234 2312; x_wconf 85' lang='lat' dir='ltr'>un</span> <span class='ocrx_word' id='word_1_105' title='bbox 1258 2241 1358 2332; x_wconf 79' lang='lat' dir='ltr'>capel</span> <span class='ocrx_word' id='word_1_106' title='bbox 1381 2243 1494 2331; x_wconf 82' lang='lat' dir='ltr'>caluo,</span> <span class='ocrx_word' id='word_1_107' title='bbox 1515 2239 1619 2333; x_wconf 88' lang='lat' dir='ltr'>idest,</span> 
     </span>
     <span class='ocr_line' id='line_1_13' title="bbox 447 2358 1620 2457; baseline -0.002 -22"><span class='ocrx_word' id='word_1_108' title='bbox 447 2361 631 2457; x_wconf 85' lang='lat' dir='ltr'>privatum</span> <span class='ocrx_word' id='word_1_109' title='bbox 650 2367 687 2435; x_wconf 92' lang='lat' dir='ltr'>et</span> <span class='ocrx_word' id='word_1_110' title='bbox 702 2360 946 2455; x_wconf 81' lang='lat' dir='ltr'>diminutum3</span> <span class='ocrx_word' id='word_1_111' title='bbox 973 2366 1010 2434; x_wconf 91' lang='lat' dir='ltr'>et</span> <span class='ocrx_word' id='word_1_112' title='bbox 1027 2367 1083 2435; x_wconf 87' lang='lat' dir='ltr'>est</span> <span class='ocrx_word' id='word_1_113' title='bbox 1098 2359 1246 2456; x_wconf 89' lang='lat' dir='ltr'>propria</span> <span class='ocrx_word' id='word_1_114' title='bbox 1268 2358 1421 2434; x_wconf 86' lang='lat' dir='ltr'>locutio:</span> <span class='ocrx_word' id='word_1_115' title='bbox 1441 2382 1526 2435; x_wconf 89' lang='lat' dir='ltr'>nam</span> <span class='ocrx_word' id='word_1_116' title='bbox 1545 2360 1620 2435; x_wconf 83' lang='lat' dir='ltr'>cal-</span> 
     </span>
     <span class='ocr_line' id='line_1_14' title="bbox 448 2480 1620 2574; baseline 0 -18"><span class='ocrx_word' id='word_1_117' title='bbox 448 2482 576 2556; x_wconf 85' lang='lat' dir='ltr'>ritinm</span> <span class='ocrx_word' id='word_1_118' title='bbox 604 2489 778 2556; x_wconf 78' lang='lat' dir='ltr'>causatur</span> <span class='ocrx_word' id='word_1_119' title='bbox 803 2502 826 2555; x_wconf 88' lang='lat' dir='ltr'>a</span> <span class='ocrx_word' id='word_1_120' title='bbox 848 2481 972 2555; x_wconf 89' lang='lat' dir='ltr'>calore</span> <span class='ocrx_word' id='word_1_121' title='bbox 989 2480 1159 2574; x_wconf 88' lang='lat' dir='ltr'>naturali,</span> <span class='ocrx_word' id='word_1_122' title='bbox 1178 2486 1215 2556; x_wconf 88' lang='lat' dir='ltr'>et</span> <span class='ocrx_word' id='word_1_123' title='bbox 1233 2481 1290 2554; x_wconf 89' lang='lat' dir='ltr'>hie</span> <span class='ocrx_word' id='word_1_124' title='bbox 1308 2480 1469 2574; x_wconf 89' lang='lat' dir='ltr'>loquitur</span> <span class='ocrx_word' id='word_1_125' title='bbox 1487 2481 1533 2556; x_wconf 93' lang='lat' dir='ltr'>de</span> <span class='ocrx_word' id='word_1_126' title='bbox 1551 2481 1620 2556; x_wconf 87' lang='lat' dir='ltr'>isto</span> 
     </span>
     <span class='ocr_line' id='line_1_15' title="bbox 448 2599 1616 2698; baseline -0.002 -24"><span class='ocrx_word' id='word_1_127' title='bbox 448 2601 534 2698; x_wconf 88' lang='lat' dir='ltr'>igne</span> <span class='ocrx_word' id='word_1_128' title='bbox 559 2602 752 2697; x_wconf 88' lang='lat' dir='ltr'>spirituali;</span> <span class='ocrx_word' id='word_1_129' title='bbox 777 2607 815 2676; x_wconf 89' lang='lat' dir='ltr'>et</span> <span class='ocrx_word' id='word_1_130' title='bbox 840 2602 910 2675; x_wconf 84' lang='lat' dir='ltr'>hoc</span> <span class='ocrx_word' id='word_1_131' title='bbox 926 2605 981 2674; x_wconf 89' lang='lat' dir='ltr'>est</span> <span class='ocrx_word' id='word_1_132' title='bbox 998 2601 1084 2694; x_wconf 87' lang='lat' dir='ltr'>quia</span> <span class='ocrx_word' id='word_1_133' title='bbox 1101 2601 1219 2674; x_wconf 87' lang='lat' dir='ltr'>virtus</span> <span class='ocrx_word' id='word_1_134' title='bbox 1236 2599 1315 2674; x_wconf 90' lang='lat' dir='ltr'>eius</span> <span class='ocrx_word' id='word_1_135' title='bbox 1341 2621 1414 2674; x_wconf 93' lang='lat' dir='ltr'>non</span> <span class='ocrx_word' id='word_1_136' title='bbox 1441 2606 1616 2696; x_wconf 87' lang='lat' dir='ltr'>operatur</span> 
     </span>
     <span class='ocr_line' id='line_1_16' title="bbox 446 2719 1619 2816; baseline 0.001 -21"><span class='ocrx_word' id='word_1_137' title='bbox 446 2722 486 2795; x_wconf 92' lang='lat' dir='ltr'>in</span> <span class='ocrx_word' id='word_1_138' title='bbox 512 2723 716 2816; x_wconf 91' lang='lat' dir='ltr'>materiato,</span> <span class='ocrx_word' id='word_1_139' title='bbox 734 2721 797 2796; x_wconf 88' lang='lat' dir='ltr'>sed</span> <span class='ocrx_word' id='word_1_140' title='bbox 818 2722 854 2794; x_wconf 95' lang='lat' dir='ltr'>iu</span> <span class='ocrx_word' id='word_1_141' title='bbox 872 2721 1073 2795; x_wconf 87' lang='lat' dir='ltr'>substantia</span> <span class='ocrx_word' id='word_1_142' title='bbox 1090 2719 1267 2816; x_wconf 86' lang='lat' dir='ltr'>spirituali</span> <span class='ocrx_word' id='word_1_143' title='bbox 1279 2760 1330 2773; x_wconf 96' lang='lat'>-</span> <span class='ocrx_word' id='word_1_144' title='bbox 1342 2723 1375 2794; x_wconf 84' lang='lat' dir='ltr'><em>E</em></span> <span class='ocrx_word' id='word_1_145' title='bbox 1388 2743 1435 2794; x_wconf 84' lang='lat' dir='ltr'>se.</span> <span class='ocrx_word' id='word_1_146' title='bbox 1454 2721 1519 2796; x_wconf 85' lang='lat' dir='ltr'>llic</span> <span class='ocrx_word' id='word_1_147' title='bbox 1536 2721 1619 2796; x_wconf 92' lang='lat' dir='ltr'>Vir-</span> 
     </span>
     <span class='ocr_line' id='line_1_17' title="bbox 448 2839 1619 2938; baseline 0 -24"><span class='ocrx_word' id='word_1_148' title='bbox 448 2841 557 2938; x_wconf 83' lang='lat' dir='ltr'>gilius</span> <span class='ocrx_word' id='word_1_149' title='bbox 582 2842 710 2916; x_wconf 88' lang='lat' dir='ltr'>invitat</span> <span class='ocrx_word' id='word_1_150' title='bbox 734 2846 880 2936; x_wconf 84' lang='lat' dir='ltr'>poetam</span> <span class='ocrx_word' id='word_1_151' title='bbox 906 2839 953 2914; x_wconf 93' lang='lat' dir='ltr'>ad</span> <span class='ocrx_word' id='word_1_152' title='bbox 982 2839 1245 2936; x_wconf 84' lang='lat' dir='ltr'>experientiam</span> <span class='ocrx_word' id='word_1_153' title='bbox 1276 2839 1355 2914; x_wconf 89' lang='lat' dir='ltr'>eius</span> <span class='ocrx_word' id='word_1_154' title='bbox 1388 2841 1487 2934; x_wconf 91' lang='lat' dir='ltr'>quod</span> <span class='ocrx_word' id='word_1_155' title='bbox 1517 2841 1619 2936; x_wconf 91' lang='lat' dir='ltr'>dixit,</span> 
     </span>
     <span class='ocr_line' id='line_1_18' title="bbox 448 2960 1620 3058; baseline 0.001 -23"><span class='ocrx_word' id='word_1_156' title='bbox 448 2960 591 3035; x_wconf 86' lang='lat' dir='ltr'>dicens:</span> <span class='ocrx_word' id='word_1_157' title='bbox 609 2967 642 3034; x_wconf 82' lang='grc' dir='ltr'><em>Ε</em></span> <span class='ocrx_word' id='word_1_158' title='bbox 662 2983 701 3034; x_wconf 82' lang='lat' dir='ltr'>se</span> <span class='ocrx_word' id='word_1_159' title='bbox 726 2968 760 3034; x_wconf 81' lang='lat' dir='ltr'>tu</span> <span class='ocrx_word' id='word_1_160' title='bbox 783 2965 881 3055; x_wconf 76' lang='lat' dir='ltr'>forse</span> <span class='ocrx_word' id='word_1_161' title='bbox 904 2964 1001 3034; x_wconf 75' lang='lat' dir='ltr'>credi</span> <span class='ocrx_word' id='word_1_162' title='bbox 1023 2963 1075 3034; x_wconf 82' lang='lat' dir='ltr'>ct&#39;</span> <span class='ocrx_word' id='word_1_163' title='bbox 1087 2964 1123 3034; x_wconf 86' lang='lat' dir='ltr'>io</span> <span class='ocrx_word' id='word_1_164' title='bbox 1144 2963 1339 3052; x_wconf 76' lang='lat' dir='ltr'>tinguant,</span> <span class='ocrx_word' id='word_1_165' title='bbox 1358 2960 1528 3058; x_wconf 89' lang='lat' dir='ltr'>lingendo</span> <span class='ocrx_word' id='word_1_166' title='bbox 1549 2963 1620 3036; x_wconf 83' lang='lat' dir='ltr'>hou</span> 
     </span>
     <span class='ocr_line' id='line_1_19' title="bbox 447 3077 1619 3176; baseline 0.002 -22"><span class='ocrx_word' id='word_1_167' title='bbox 447 3079 494 3154; x_wconf 90' lang='lat' dir='ltr'>ad</span> <span class='ocrx_word' id='word_1_168' title='bbox 519 3080 811 3155; x_wconf 84' lang='lat' dir='ltr'>exhortationem</span> <span class='ocrx_word' id='word_1_169' title='bbox 839 3080 892 3154; x_wconf 93' lang='lat' dir='ltr'>tui</span> <span class='ocrx_word' id='word_1_170' title='bbox 916 3081 1011 3154; x_wconf 89' lang='lat' dir='ltr'>sicut</span> <span class='ocrx_word' id='word_1_171' title='bbox 1034 3080 1230 3175; x_wconf 90' lang='lat' dir='ltr'>aliquando</span> <span class='ocrx_word' id='word_1_172' title='bbox 1263 3080 1342 3175; x_wconf 86' lang='lat' dir='ltr'>ieci,</span> <span class='ocrx_word' id='word_1_173' title='bbox 1372 3083 1453 3176; x_wconf 74' lang='lat' dir='ltr'>fatti</span> <span class='ocrx_word' id='word_1_174' title='bbox 1477 3077 1538 3156; x_wconf 75' lang='lat' dir='ltr'>odr</span> <span class='ocrx_word' id='word_1_175' title='bbox 1563 3085 1619 3171; x_wconf 85' lang='lat' dir='ltr'>lei,</span> 
     </span>
     <span class='ocr_line' id='line_1_20' title="bbox 447 3201 1619 3296; baseline -0.001 -20"><span class='ocrx_word' id='word_1_176' title='bbox 447 3201 593 3296; x_wconf 85' lang='lat' dir='ltr'>scilieet,</span> <span class='ocrx_word' id='word_1_177' title='bbox 627 3203 828 3296; x_wconf 89' lang='lat' dir='ltr'>dammam,</span> <span class='ocrx_word' id='word_1_178' title='bbox 853 3223 873 3274; x_wconf 87' lang='lat' dir='ltr'>e</span> <span class='ocrx_word' id='word_1_179' title='bbox 900 3205 980 3296; x_wconf 78' lang='lat' dir='ltr'>[atti</span> <span class='ocrx_word' id='word_1_180' title='bbox 1008 3205 1072 3295; x_wconf 79' lang='lat' dir='ltr'>for</span> <span class='ocrx_word' id='word_1_181' title='bbox 1100 3205 1289 3294; x_wconf 69' lang='lat' dir='ltr'>medanto,</span> <span class='ocrx_word' id='word_1_182' title='bbox 1325 3201 1420 3275; x_wconf 87' lang='lat' dir='ltr'>sicut</span> <span class='ocrx_word' id='word_1_183' title='bbox 1449 3201 1619 3277; x_wconf 87' lang='lat' dir='ltr'>timentes</span> 
     </span>
     <span class='ocr_line' id='line_1_21' title="bbox 446 3322 1623 3418; baseline -0.003 -20"><span class='ocrx_word' id='word_1_184' title='bbox 446 3342 633 3398; x_wconf 84' lang='lat' dir='ltr'>venenum</span> <span class='ocrx_word' id='word_1_185' title='bbox 652 3322 774 3398; x_wconf 80' lang='lat' dir='ltr'>tacere</span> <span class='ocrx_word' id='word_1_186' title='bbox 790 3323 919 3416; x_wconf 88' lang='lat' dir='ltr'>solent,</span> <span class='ocrx_word' id='word_1_187' title='bbox 933 3323 1010 3398; x_wconf 90' lang='lat' dir='ltr'>sine</span> <span class='ocrx_word' id='word_1_188' title='bbox 1027 3323 1238 3418; x_wconf 85' lang='lat' dir='ltr'>praeiudioio</span> <span class='ocrx_word' id='word_1_189' title='bbox 1254 3331 1333 3414; x_wconf 89' lang='lat' dir='ltr'>tuo,</span> <span class='ocrx_word' id='word_1_190' title='bbox 1350 3326 1436 3396; x_wconf 83' lang='lat' dir='ltr'>colle</span> <span class='ocrx_word' id='word_1_191' title='bbox 1452 3329 1506 3396; x_wconf 86' lang='lat' dir='ltr'>tue</span> <span class='ocrx_word' id='word_1_192' title='bbox 1522 3325 1623 3396; x_wconf 83' lang='lat' dir='ltr'>mani</span> 
     </span>
     <span class='ocr_line' id='line_1_22' title="bbox 450 3441 1620 3537; baseline -0.002 -21"><span class='ocrx_word' id='word_1_193' title='bbox 450 3445 489 3516; x_wconf 84' lang='lat' dir='ltr'>at</span> <span class='ocrx_word' id='word_1_194' title='bbox 503 3443 615 3514; x_wconf 63' lang='lat' dir='ltr'>umbo</span> <span class='ocrx_word' id='word_1_195' title='bbox 632 3445 685 3516; x_wconf 85' lang='lat' dir='ltr'>de&#39;</span> <span class='ocrx_word' id='word_1_196' title='bbox 699 3445 771 3515; x_wconf 80' lang='lat' dir='ltr'>troi</span> <span class='ocrx_word' id='word_1_197' title='bbox 783 3445 911 3535; x_wconf 69' lang='lat' dir='ltr'>murti,</span> <span class='ocrx_word' id='word_1_198' title='bbox 929 3443 992 3536; x_wconf 91' lang='lat' dir='ltr'>qui</span> <span class='ocrx_word' id='word_1_199' title='bbox 1018 3449 1105 3516; x_wconf 91' lang='lat' dir='ltr'>sunt</span> <span class='ocrx_word' id='word_1_200' title='bbox 1129 3441 1331 3536; x_wconf 88' lang='lat' dir='ltr'>materiati;</span> <span class='ocrx_word' id='word_1_201' title='bbox 1349 3463 1434 3515; x_wconf 91' lang='lat' dir='ltr'>nam</span> <span class='ocrx_word' id='word_1_202' title='bbox 1461 3442 1492 3514; x_wconf 92' lang='lat' dir='ltr'>si</span> <span class='ocrx_word' id='word_1_203' title='bbox 1516 3442 1620 3537; x_wconf 90' lang='lat' dir='ltr'>ponis</span> 
     </span>
     <span class='ocr_line' id='line_1_23' title="bbox 447 3561 1621 3659; baseline 0 -23"><span class='ocrx_word' id='word_1_204' title='bbox 447 3561 719 3637; x_wconf 85' lang='lat' dir='ltr'>extremitatem</span> <span class='ocrx_word' id='word_1_205' title='bbox 752 3561 987 3659; x_wconf 84' lang='lat' dir='ltr'>guarnaehiae</span> <span class='ocrx_word' id='word_1_206' title='bbox 1017 3568 1092 3635; x_wconf 85' lang='lat' dir='ltr'>tuae</span> <span class='ocrx_word' id='word_1_207' title='bbox 1121 3561 1217 3636; x_wconf 87' lang='lat' dir='ltr'>intra</span> <span class='ocrx_word' id='word_1_208' title='bbox 1247 3561 1358 3636; x_wconf 91' lang='lat' dir='ltr'>istum</span> <span class='ocrx_word' id='word_1_209' title='bbox 1389 3562 1512 3658; x_wconf 91' lang='lat' dir='ltr'>iguem</span> <span class='ocrx_word' id='word_1_210' title='bbox 1547 3581 1621 3636; x_wconf 91' lang='lat' dir='ltr'>non</span> 
     </span>
     <span class='ocr_line' id='line_1_24' title="bbox 448 3681 1619 3779; baseline -0.002 -23"><span class='ocrx_word' id='word_1_211' title='bbox 448 3682 577 3779; x_wconf 87' lang='lat' dir='ltr'>perdet</span> <span class='ocrx_word' id='word_1_212' title='bbox 601 3681 729 3779; x_wconf 91' lang='lat' dir='ltr'>pilum,</span> <span class='ocrx_word' id='word_1_213' title='bbox 754 3682 806 3757; x_wconf 86' lang='lat' dir='ltr'>ita</span> <span class='ocrx_word' id='word_1_214' title='bbox 837 3703 904 3758; x_wconf 91' lang='lat' dir='ltr'>uec</span> <span class='ocrx_word' id='word_1_215' title='bbox 934 3701 1068 3777; x_wconf 86' lang='lat' dir='ltr'>corpus</span> <span class='ocrx_word' id='word_1_216' title='bbox 1093 3687 1214 3755; x_wconf 91' lang='lat' dir='ltr'>tuum.</span> <span class='ocrx_word' id='word_1_217' title='bbox 1241 3683 1285 3756; x_wconf 87' lang='lat' dir='ltr'>Et</span> <span class='ocrx_word' id='word_1_218' title='bbox 1311 3682 1400 3778; x_wconf 87' lang='lat' dir='ltr'>petit</span> <span class='ocrx_word' id='word_1_219' title='bbox 1428 3681 1619 3778; x_wconf 85' lang='lat' dir='ltr'>Virgilius:</span> 
     </span>
     <span class='ocr_line' id='line_1_25' title="bbox 447 3797 1618 3897; baseline -0.001 -21"><span class='ocrx_word' id='word_1_220' title='bbox 447 3824 521 3896; x_wconf 79' lang='lat' dir='ltr'>pou</span> <span class='ocrx_word' id='word_1_221' title='bbox 538 3799 598 3894; x_wconf 67' lang='lat' dir='ltr'>yn</span> <span class='ocrx_word' id='word_1_222' title='bbox 614 3807 722 3894; x_wconf 85' lang='lat' dir='ltr'>omui,</span> <span class='ocrx_word' id='word_1_223' title='bbox 731 3824 807 3896; x_wconf 81' lang='lat' dir='ltr'>pon</span> <span class='ocrx_word' id='word_1_224' title='bbox 822 3797 883 3895; x_wconf 71' lang='lat' dir='ltr'>gisi</span> <span class='ocrx_word' id='word_1_225' title='bbox 899 3807 984 3895; x_wconf 73' lang='lat' dir='ltr'>ogni</span> <span class='ocrx_word' id='word_1_226' title='bbox 1000 3810 1169 3893; x_wconf 65' lang='lat' dir='ltr'>ternanto,</span> <span class='ocrx_word' id='word_1_227' title='bbox 1184 3808 1222 3876; x_wconf 89' lang='lat' dir='ltr'>et</span> <span class='ocrx_word' id='word_1_228' title='bbox 1238 3823 1328 3897; x_wconf 85' lang='lat' dir='ltr'>cape</span> <span class='ocrx_word' id='word_1_229' title='bbox 1344 3802 1478 3877; x_wconf 90' lang='lat' dir='ltr'>bonam</span> <span class='ocrx_word' id='word_1_230' title='bbox 1497 3822 1618 3897; x_wconf 82' lang='lat' dir='ltr'>spem3</span> 
     </span>
     <span class='ocr_line' id='line_1_26' title="bbox 449 3921 1621 4018; baseline -0.003 -22"><span class='ocrx_word' id='word_1_231' title='bbox 449 3925 569 4014; x_wconf 64' lang='lat' dir='ltr'>votuit</span> <span class='ocrx_word' id='word_1_232' title='bbox 596 3925 634 3995; x_wconf 84' lang='lat' dir='ltr'>in</span> <span class='ocrx_word' id='word_1_233' title='bbox 667 3943 750 4015; x_wconf 82' lang='lat' dir='ltr'>quo,</span> <span class='ocrx_word' id='word_1_234' title='bbox 770 3923 850 4018; x_wconf 86' lang='lat' dir='ltr'>jam</span> <span class='ocrx_word' id='word_1_235' title='bbox 881 3921 1052 4018; x_wconf 81' lang='lat' dir='ltr'>Virgilius</span> <span class='ocrx_word' id='word_1_236' title='bbox 1084 3921 1239 4018; x_wconf 87' lang='lat' dir='ltr'>parabat</span> <span class='ocrx_word' id='word_1_237' title='bbox 1267 3921 1406 3996; x_wconf 87' lang='lat' dir='ltr'>intrare</span> <span class='ocrx_word' id='word_1_238' title='bbox 1436 3921 1571 4018; x_wconf 89' lang='lat' dir='ltr'>ignem,</span> <span class='ocrx_word' id='word_1_239' title='bbox 1602 3942 1621 3993; x_wconf 87' lang='lat' dir='ltr'>e</span> 
     </span>
     <span class='ocr_line' id='line_1_27' title="bbox 449 4039 1620 4135; baseline -0.004 -18"><span class='ocrx_word' id='word_1_240' title='bbox 449 4044 540 4117; x_wconf 80' lang='lat' dir='ltr'>vieni</span> <span class='ocrx_word' id='word_1_241' title='bbox 564 4045 652 4115; x_wconf 85' lang='lat' dir='ltr'>ultre</span> <span class='ocrx_word' id='word_1_242' title='bbox 675 4045 806 4133; x_wconf 77' lang='lat' dir='ltr'>staura,</span> <span class='ocrx_word' id='word_1_243' title='bbox 830 4041 894 4116; x_wconf 87' lang='lat' dir='ltr'>sed</span> <span class='ocrx_word' id='word_1_244' title='bbox 918 4041 1055 4116; x_wconf 83' lang='lat' dir='ltr'>trustra</span> <span class='ocrx_word' id='word_1_245' title='bbox 1079 4041 1274 4135; x_wconf 82' lang='lat' dir='ltr'>suadebat3</span> <span class='ocrx_word' id='word_1_246' title='bbox 1301 4039 1383 4114; x_wconf 93' lang='lat' dir='ltr'>ideo</span> <span class='ocrx_word' id='word_1_247' title='bbox 1401 4039 1506 4113; x_wconf 85' lang='lat' dir='ltr'>dicit:</span> <span class='ocrx_word' id='word_1_248' title='bbox 1528 4047 1562 4114; x_wconf 90' lang='lat' dir='ltr'>et</span> <span class='ocrx_word' id='word_1_249' title='bbox 1583 4043 1620 4112; x_wconf 83' lang='lat' dir='ltr'>io</span> 
     </span>
     <span class='ocr_line' id='line_1_28' title="bbox 445 4160 1620 4258; baseline -0.003 -21"><span class='ocrx_word' id='word_1_250' title='bbox 445 4183 518 4256; x_wconf 80' lang='lat' dir='ltr'>por</span> <span class='ocrx_word' id='word_1_251' title='bbox 538 4168 667 4258; x_wconf 79' lang='lat' dir='ltr'>ferum,</span> <span class='ocrx_word' id='word_1_252' title='bbox 684 4161 802 4236; x_wconf 88' lang='lat' dir='ltr'>durus</span> <span class='ocrx_word' id='word_1_253' title='bbox 818 4162 857 4236; x_wconf 93' lang='lat' dir='ltr'>in</span> <span class='ocrx_word' id='word_1_254' title='bbox 880 4161 1065 4258; x_wconf 87' lang='lat' dir='ltr'>proposito</span> <span class='ocrx_word' id='word_1_255' title='bbox 1082 4167 1232 4258; x_wconf 85' lang='lat' dir='ltr'>propter</span> <span class='ocrx_word' id='word_1_256' title='bbox 1252 4160 1436 4254; x_wconf 89' lang='lat' dir='ltr'>timorem,</span> <span class='ocrx_word' id='word_1_257' title='bbox 1457 4182 1477 4233; x_wconf 83' lang='lat' dir='ltr'>e</span> <span class='ocrx_word' id='word_1_258' title='bbox 1495 4168 1620 4234; x_wconf 69' lang='lat' dir='ltr'>eonon</span> 
     </span>
     <span class='ocr_line' id='line_1_29' title="bbox 450 4279 1619 4378; baseline -0.001 -23"><span class='ocrx_word' id='word_1_259' title='bbox 450 4286 678 4376; x_wconf 66' lang='lat' dir='ltr'>mmmmm</span> <span class='ocrx_word' id='word_1_260' title='bbox 702 4281 789 4377; x_wconf 86' lang='lat' dir='ltr'>quia</span> <span class='ocrx_word' id='word_1_261' title='bbox 812 4281 908 4356; x_wconf 87' lang='lat' dir='ltr'>bene</span> <span class='ocrx_word' id='word_1_262' title='bbox 924 4281 1097 4356; x_wconf 88' lang='lat' dir='ltr'>credebat</span> <span class='ocrx_word' id='word_1_263' title='bbox 1118 4281 1310 4378; x_wconf 90' lang='lat' dir='ltr'>Virgilium</span> <span class='ocrx_word' id='word_1_264' title='bbox 1332 4279 1455 4356; x_wconf 88' lang='lat' dir='ltr'>dicere</span> <span class='ocrx_word' id='word_1_265' title='bbox 1477 4301 1619 4374; x_wconf 90' lang='lat' dir='ltr'>verum,</span> 
     </span>
     <span class='ocr_line' id='line_1_30' title="bbox 451 4399 1621 4496; baseline -0.003 -20"><span class='ocrx_word' id='word_1_266' title='bbox 451 4401 515 4476; x_wconf 90' lang='lat' dir='ltr'>sed</span> <span class='ocrx_word' id='word_1_267' title='bbox 540 4422 648 4496; x_wconf 88' lang='lat' dir='ltr'>poena</span> <span class='ocrx_word' id='word_1_268' title='bbox 674 4402 885 4478; x_wconf 89' lang='lat' dir='ltr'>retrahebat</span> <span class='ocrx_word' id='word_1_269' title='bbox 913 4422 1014 4477; x_wconf 90' lang='lat' dir='ltr'>eum.</span> <span class='ocrx_word' id='word_1_270' title='bbox 1041 4402 1085 4474; x_wconf 81' lang='lat' dir='ltr'>Et</span> <span class='ocrx_word' id='word_1_271' title='bbox 1115 4401 1246 4476; x_wconf 90' lang='lat' dir='ltr'>ultimo</span> <span class='ocrx_word' id='word_1_272' title='bbox 1277 4399 1432 4477; x_wconf 86' lang='lat' dir='ltr'>ostendit</span> <span class='ocrx_word' id='word_1_273' title='bbox 1464 4401 1621 4495; x_wconf 89' lang='lat' dir='ltr'>qualiter</span> 
     </span>
     <span class='ocr_line' id='line_1_31' title="bbox 451 4519 1619 4618; baseline -0.003 -23"><span class='ocrx_word' id='word_1_274' title='bbox 451 4520 620 4618; x_wconf 87' lang='lat' dir='ltr'>Virgilius</span> <span class='ocrx_word' id='word_1_275' title='bbox 655 4529 847 4618; x_wconf 83' lang='lat' dir='ltr'>tamquam</span> <span class='ocrx_word' id='word_1_276' title='bbox 881 4522 1002 4596; x_wconf 91' lang='lat' dir='ltr'>bonus</span> <span class='ocrx_word' id='word_1_277' title='bbox 1038 4528 1164 4595; x_wconf 87' lang='lat' dir='ltr'>orator</span> <span class='ocrx_word' id='word_1_278' title='bbox 1202 4521 1329 4596; x_wconf 85' lang='lat' dir='ltr'>lecerit</span> <span class='ocrx_word' id='word_1_279' title='bbox 1358 4519 1619 4596; x_wconf 90' lang='lat' dir='ltr'>validissimum</span> 
     </span>
     <span class='ocr_line' id='line_1_32' title="bbox 447 4639 1621 4738; baseline -0.001 -23"><span class='ocrx_word' id='word_1_280' title='bbox 447 4649 821 4737; x_wconf 69' lang='lat' dir='ltr'>argumentumque</span> <span class='ocrx_word' id='word_1_281' title='bbox 846 4639 1070 4738; x_wconf 84' lang='lat' dir='ltr'>expugnavit</span> <span class='ocrx_word' id='word_1_282' title='bbox 1086 4639 1260 4715; x_wconf 89' lang='lat' dir='ltr'>duritiem</span> <span class='ocrx_word' id='word_1_283' title='bbox 1278 4641 1367 4715; x_wconf 75' lang='lat' dir='ltr'>eius</span> <span class='ocrx_word' id='word_1_284' title='bbox 1389 4639 1493 4714; x_wconf 91' lang='lat' dir='ltr'>Unde</span> <span class='ocrx_word' id='word_1_285' title='bbox 1516 4640 1621 4714; x_wconf 85' lang='lat' dir='ltr'>dicit:</span> 
     </span>
     <span class='ocr_line' id='line_1_33' title="bbox 454 4759 1621 4854; baseline 0 -20"><span class='ocrx_word' id='word_1_286' title='bbox 454 4763 592 4849; x_wconf 78' lang='lat' dir='ltr'>Ouund</span> <span class='ocrx_word' id='word_1_287' title='bbox 605 4766 637 4835; x_wconf 82' lang='lat' dir='ltr'>et</span> <span class='ocrx_word' id='word_1_288' title='bbox 660 4765 710 4835; x_wconf 85' lang='lat' dir='ltr'>mi</span> <span class='ocrx_word' id='word_1_289' title='bbox 732 4765 811 4836; x_wconf 82' lang='lat' dir='ltr'>eide</span> <span class='ocrx_word' id='word_1_290' title='bbox 834 4767 911 4835; x_wconf 83' lang='lat' dir='ltr'>stur</span> <span class='ocrx_word' id='word_1_291' title='bbox 932 4783 1004 4854; x_wconf 73' lang='lat' dir='ltr'>patr</span> <span class='ocrx_word' id='word_1_292' title='bbox 1026 4765 1143 4854; x_wconf 70' lang='lat' dir='ltr'>[erano</span> <span class='ocrx_word' id='word_1_293' title='bbox 1168 4783 1187 4834; x_wconf 87' lang='lat' dir='ltr'>e</span> <span class='ocrx_word' id='word_1_294' title='bbox 1212 4763 1317 4852; x_wconf 83' lang='lat' dir='ltr'>duro,</span> <span class='ocrx_word' id='word_1_295' title='bbox 1342 4759 1446 4854; x_wconf 90' lang='lat' dir='ltr'>idest,</span> <span class='ocrx_word' id='word_1_296' title='bbox 1481 4760 1621 4836; x_wconf 86' lang='lat' dir='ltr'>inflexi-</span> 
     </span>
    </p>
   </div>
   <div class='ocr_carea' id='block_1_3' title="bbox 514 5004 1617 5088">
    <p class='ocr_par' dir='ltr' id='par_1_3' title="bbox 514 5004 1617 5088">
     <span class='ocr_line' id='line_1_34' title="bbox 514 5004 1617 5088; baseline 0.007 -18"><span class='ocrx_word' id='word_1_297' title='bbox 514 5021 541 5084; x_wconf 86' lang='lat'>(¹)</span> <span class='ocrx_word' id='word_1_298' title='bbox 556 5022 594 5072; x_wconf 82' lang='lat' dir='ltr'>Le</span> <span class='ocrx_word' id='word_1_299' title='bbox 609 5023 699 5086; x_wconf 74' lang='lat' dir='ltr'>parole</span> <span class='ocrx_word' id='word_1_300' title='bbox 714 5023 755 5073; x_wconf 80' lang='lat' dir='ltr'>tn</span> <span class='ocrx_word' id='word_1_301' title='bbox 771 5023 780 5072; x_wconf 94' lang='lat' dir='ltr'>l</span> <span class='ocrx_word' id='word_1_302' title='bbox 796 5023 847 5074; x_wconf 84' lang='lat' dir='ltr'>due</span> <span class='ocrx_word' id='word_1_303' title='bbox 862 5021 995 5074; x_wconf 79' lang='lat' dir='ltr'>mteriselxi</span> <span class='ocrx_word' id='word_1_304' title='bbox 1005 5023 1191 5088; x_wconf 75' lang='lat' dir='ltr'>souosuppiite</span> <span class='ocrx_word' id='word_1_305' title='bbox 1207 5023 1248 5074; x_wconf 81' lang='lat' dir='ltr'>dul</span> <span class='ocrx_word' id='word_1_306' title='bbox 1262 5022 1349 5075; x_wconf 81' lang='lat' dir='ltr'>Codlol</span> <span class='ocrx_word' id='word_1_307' title='bbox 1365 5021 1516 5075; x_wconf 78' lang='lat' dir='ltr'>Stroulano</span> <span class='ocrx_word' id='word_1_308' title='bbox 1530 5004 1547 5075; x_wconf 68' lang='lat' dir='ltr'>a</span> <span class='ocrx_word' id='word_1_309' title='bbox 1563 5029 1617 5078; x_wconf 83' lang='lat' dir='ltr'>ru.</span> 
     </span>
    </p>
   </div>
   <div class='ocr_carea' id='block_1_4' title="bbox 0 0 2292 6837">
    <p class='ocr_par' dir='ltr' id='par_1_4' title="bbox 0 0 2292 6837">
     <span class='ocr_line' id='line_1_35' title="bbox 0 0 2292 6837; baseline 0 0"><span class='ocrx_word' id='word_1_310' title='bbox 0 0 2292 6837; x_wconf 95' lang='lat' dir='ltr'> </span> 
     </span>
    </p>
   </div>
  </div>
 </body>
</html>
