4575 6842
741 962 879 1017 cunnus
902 961 1095 1017 numurus
1119 962 1262 1017 suxrus.
1514 951 1583 1020 119

411 1107 536 1203 incipit
560 1105 728 1182 occidens
751 1105 1022 1200 aliquantulum
1040 1106 1186 1180 albere:
1206 1113 1243 1181 et
1260 1108 1330 1183 boc
1347 1107 1502 1184 faciebat
1520 1110 1588 1203 sol,

413 1235 545 1304 mentre
568 1231 629 1302 cte
651 1219 683 1300 sl
706 1248 746 1300 ce
768 1229 804 1298 η’
817 1229 996 1300 caducam
1012 1246 1082 1319 per
1106 1228 1235 1317 t’orlo,
1252 1227 1355 1322 idest,
1374 1231 1590 1306 extremita-

414 1358 490 1425 tem
523 1349 606 1443 viae,
638 1369 710 1422 utto
741 1351 890 1422 mnanzt
917 1350 1026 1440 altro,
1069 1347 1217 1442 scilicet,
1251 1348 1424 1445 Virgilius
1457 1351 1588 1447 primo,

413 1471 545 1548 deinde
569 1469 716 1564 Statius,
738 1469 848 1544 tertio
872 1469 1020 1562 flantes,
1045 1467 1174 1543 soliciti
1199 1468 1297 1544 circa
1323 1470 1441 1564 riam3
1458 1468 1589 1547 *unde
1702 1461 1707 1474 '

415 1591 520 1667 dicit:
546 1593 574 1664 il
596 1591 688 1663 bnon
712 1596 878 1681 mncstro,
895 1589 1043 1683 scilicet,
1061 1588 1244 1685 Virgilius,
1263 1589 1327 1684 qui
1352 1590 1448 1666 bene
1473 1591 1587 1666 duce·

416 1712 479 1787 bat
504 1730 593 1786 eum
618 1718 785 1805 portam
813 1709 1055 1805 periculosam
1087 1709 1184 1783 viam
1198 1702 1283 1812 *·(¹),
1309 1712 1431 1784 dicem
1454 1731 1587 1803 spesso,
1642 1775 1647 1784 ,

418 1833 608 1908 reflectens
632 1851 674 1906 se
697 1851 828 1906 versus
853 1851 935 1925 me;
958 1833 1116 1922 pnardn,
1141 1831 1288 1926 scilicet,
1315 1830 1502 1926 quomodo
1524 1852 1589 1909 ve-

417 1953 506 2046 nias,
524 1959 562 2028 et
586 1971 677 2026 care
702 1950 766 2024 tibi
790 1951 838 2024 ab
862 1949 958 2047 igne.
976 1951 1020 2024 Et
1036 1950 1140 2024 dicit:
1158 1953 1255 2041 pion
1272 1953 1324 2024 clf
1337 1954 1372 2024 io
1392 1955 1418 2025 tt
1436 1955 1589 2046 centro,

416 2072 521 2168 quasi
546 2071 661 2146 dicat:
680 2071 800 2145 valeat
825 2069 888 2143 tibi
914 2071 1013 2164 quod
1029 2091 1100 2168 ego
1123 2069 1193 2146 feci
1207 2073 1287 2166 jam
1305 2078 1342 2147 te
1359 2079 1587 2168 praecautnm

416 2199 453 2268 et
478 2192 682 2268 scaltritum
709 2191 807 2265 circa
833 2189 929 2264 istud
953 2190 1034 2265 iter.
1061 2193 1104 2264 lit
1129 2190 1187 2265 bic
1214 2198 1310 2286 nota,
1336 2193 1464 2289 lector,
1490 2191 1589 2288 quod

417 2312 588 2409 Virgilius
611 2311 819 2387 necessario
845 2311 976 2405 repetit
1007 2311 1065 2384 bic
1078 2302 1117 2403 (¹)
1153 2311 1294 2384 bonum
1324 2312 1589 2387 documentum

416 2453 541 2526 suum,
567 2432 653 2527 quia
678 2432 813 2506 flantes
839 2450 911 2504 non
936 2437 1080 2526 poterat
1106 2431 1269 2526 faciliter,
1292 2453 1414 2527 neque
1434 2433 1505 2508 cito
1531 2453 1591 2508 re-

418 2553 514 2628 trabi
539 2552 587 2628 ab
611 2552 681 2627 isto
706 2553 810 2649 igne,
841 2571 927 2626 nam
959 2551 1138 2626 luxuriosi
1170 2553 1306 2626 babent
1338 2554 1592 2628 excusationes

417 2696 505 2750 suas
529 2694 674 2769 semper
699 2679 855 2770 paratas.
882 2672 1016 2746 Dicunt
1044 2672 1143 2746 enirn
1175 2673 1274 2765 quod
1300 2673 1368 2747 viri
1393 2673 1590 2766 fortissimi,

418 2793 672 2890 sapientissimi
696 2802 735 2868 et
758 2791 974 2867 sanctissimi
999 2791 1096 2865 istud
1121 2793 1252 2866 vitium
1283 2793 1399 2868 vitare
1424 2814 1498 2868 non
1524 2813 1591 2888 po·

420 2920 584 3008 tuerunt,
602 2911 690 3007 quia
709 2913 858 2986 luxuria
875 2911 985 2985 ludus
1001 2917 1056 2986 est
1068 2912 1285 3007 juventutis,
1303 2919 1496 3009 peccatum
1517 2933 1591 2987 uon

421 3032 568 3109 malitiae
597 3031 661 3106 sed
693 3038 859 3127 naturae3
889 3030 972 3106 ideo
1001 3035 1148 3106 aetatem
1174 3032 1374 3106 refraennre
1405 3053 1479 3107 nou
1506 3053 1591 3129 pos-

419 3160 522 3249 sunt3
548 3152 612 3227 sed
637 3152 780 3247 sapiens
796 3151 968 3248 Virgilius
984 3152 1088 3227 dicit:
1107 3151 1298 3226 considera
1318 3152 1506 3248 vilitatem,
1524 3153 1592 3228 ob-

419 3271 646 3366 scenitatem,
660 3271 890 3366 brevitatem,
904 3270 1016 3346 tinem
1033 3271 1135 3346 istius
1154 3271 1228 3346 vitii
1242 3261 1290 3364 (³).
1305 3272 1468 3347 Luxuria
1491 3273 1588 3348 enim

420 3396 502 3491 plus
517 3393 661 3468 caeteris
677 3392 771 3467 vitiis
788 3391 900 3467 foednt
916 3412 1062 3487 corpus,
1080 3392 1232 3467 infamat
1250 3398 1287 3468 et
1304 3393 1447 3467 breviat
1465 3393 1589 3489 vitam,

419 3521 458 3592 et
481 3513 511 3588 si
536 3513 583 3588 ad
599 3519 828 3588 senectutem
854 3513 1078 3606 luxuriosus,
1097 3511 1197 3606 quod
1218 3532 1415 3607 perrarum
1441 3520 1506 3606 est,
1526 3533 1592 3588 ve·

420 3634 508 3727 niat,
527 3633 624 3707 male
645 3652 844 3727 expensam
862 3631 967 3706 tarde
984 3632 1224 3726 conqueritur
1237 3633 1486 3728 juventutem,
1504 3653 1592 3707 cum

419 3752 578 3849 amplius
603 3753 742 3828 resumi
767 3773 840 3827 non
865 3757 1118 3847 potest-Et
1138 3755 1184 3824 io.
1203 3751 1268 3827 Hic
1290 3759 1396 3847 poeta
1422 3753 1593 3828 describit

421 3875 578 3969 primam
603 3873 721 3948 aciem
747 3871 1015 3948 luxuriantium
1040 3877 1169 3946 contra
1196 3878 1389 3967 naturam3
1410 3877 1447 3949 et
1473 3873 1592 3967 primo

420 3993 577 4070 ostendit
601 3993 787 4088 quomodo
812 3993 861 4066 illi
885 3991 1143 4088 perpenderint
1167 3990 1214 4066 de
1244 4013 1301 4086 eo,
1327 3993 1426 4085 quod
1442 3982 1479 4085 (⁴)
1512 3999 1593 4068 erat

421 4135 508 4190 cum
534 4133 690 4209 corpore
714 4114 861 4206 vireus3
887 4112 986 4188 unde
1009 4111 1110 4187 dicit:
1137 4119 1170 4186 et
1193 4117 1228 4185 io
1256 4118 1360 4206 socca
1386 4115 1423 4185 ln
1444 4115 1592 4206 fiamma

357 4317 361 4322 ,
416 4257 532 4328 parer
554 4229 619 4328 piri
650 4237 797 4324 dolone,
826 4233 929 4327 idest,
960 4232 1078 4328 magis
1107 4233 1261 4326 tristem,
1292 4231 1378 4326 quia
1413 4231 1591 4306 faciebam

421 4355 539 4450 ipsam
577 4353 695 4450 magis
729 4353 939 4449 obscuram,
969 4373 1037 4427 coo
1064 4355 1088 4426 t'
1100 4354 1241 4444 embra,
1265 4351 1402 4426 scilicet
1430 4352 1593 4447 corporis

422 4477 510 4569 mei,
537 4474 584 4550 de
608 4494 684 4569 quo
708 4481 901 4570 coeperunt
930 4473 1106 4548 admirari
1130 4474 1275 4548 animae.
1306 4473 1408 4547 Unde
1436 4472 1544 4547 dicit:
1576 4495 1595 4546 e

424 4599 493 4670 oid’
504 4597 541 4668 io
564 4597 666 4670 molle
690 4595 823 4683 onrbre,
846 4592 949 4686 idest,
974 4593 1116 4668 animas
1142 4601 1390 4686 mortuorum,
1408 4595 1593 4685 cadamo,

424 4735 491 4812 per
516 4715 653 4811 ignem,
672 4735 746 4808 por
770 4719 881 4786 mente
901 4733 973 4805 pur
997 4733 1022 4785 a
1045 4719 1144 4786 moto
1168 4715 1312 4806 indizio,
1347 4711 1449 4807 idest,
1475 4711 1593 4787 solum

487 4946 515 5008 (¹)
530 4945 567 4995 Lc
582 4946 672 5008 peroio
688 4945 728 4996 fra
743 4947 752 4996 1
768 4946 819 4996 duc
835 4946 966 4997 nsterbcbl
982 4959 1029 4996 son
1045 4944 1157 5008 supplite
1173 4944 1215 4994 dal
1230 4943 1324 4994 Codice
1344 4947 1398 4995 nr.

489 5019 516 5083 (¹)
533 5020 562 5070 R
578 5021 629 5072 boc
645 5021 751 5074 bonum.
946 5021 973 5084 (¹)
989 5022 1020 5072 ll.
1036 5021 1105 5073 rint:
1121 5019 1201 5072 foednt
1217 5034 1320 5086 corpus.

490 5095 518 5157 (¹)
534 5100 580 5148 117
594 5111 611 5148 ο
627 5097 658 5148 B.
674 5098 734 5161 qula
749 5103 815 5150 crat.
