4575 6842
748 952 818 1020 eto
1138 963 1343 1019 counuruu
1367 964 1536 1018 rnnnnrsr

745 1127 812 1202 per
837 1127 877 1182 se
902 1108 997 1183 bene
1023 1114 1118 1182 notre
1135 1108 1214 1183 sine
1229 1108 1352 1203 aliqua
1372 1101 1766 1202 demonstratione*(¹)
1785 1130 1919 1186 seeun-

745 1226 836 1301 dum
850 1225 1081 1302 Aristotelem
1098 1227 1193 1302 libro
1209 1229 1468 1323 posteriorum,
1481 1229 1576 1303 sicut
1591 1229 1680 1304 ista:
1699 1249 1802 1303 omne
1814 1237 1920 1304 mtrem

743 1355 795 1423 est
818 1352 932 1422 moins
954 1369 1021 1422 sou
1040 1357 1169 1443 porte;
1189 1371 1248 1424 ma
1262 1351 1315 1442 fio
1328 1371 1395 1443 per
1413 1371 1451 1422 se
1466 1357 1562 1441 noto,
1580 1350 1675 1426 sicut
1690 1350 1813 1444 aliqua
1832 1372 1919 1446 pro-

744 1469 874 1565 positio
887 1461 925 1562 θ)
941 1469 1248 1563 manifestissima3
1261 1471 1343 1545 ideo
1359 1469 1460 1544 dicit:
1478 1491 1504 1544 a
1518 1473 1622 1562 putto
1638 1474 1696 1544 del
1710 1493 1773 1545 uer
1785 1475 1919 1564 priato,

744 1589 847 1685 idest,
870 1589 916 1664 ad
943 1589 1094 1664 modum
1112 1589 1268 1664 alieuius
1284 1590 1537 1686 propositionis
1551 1581 1594 1684 (³)
1610 1591 1921 1687 principalissimae

745 1717 783 1786 et
794 1709 1007 1804 verissimae,
1021 1728 1105 1804 quae
1118 1709 1323 1804 appellatur
1337 1711 1499 1785 maxima
1512 1711 1550 1784 in
1562 1710 1686 1804 aliqua
1699 1711 1868 1804 scientim
1882 1717 1921 1785 et

745 1831 846 1906 dicit:
873 1833 933 1903 ote
952 1833 1069 1903 tuom
1085 1833 1200 1922 erede,
1218 1830 1365 1924 seilicet,
1382 1830 1461 1906 sine
1479 1831 1551 1905 alia
1568 1831 1795 1927 probatione,
1813 1831 1917 1925 quasi

745 1952 857 2026 dieat:
887 1950 982 2024 siout
1015 1949 1190 2046 principia
1218 1951 1455 2026 scientiarum
1485 1952 1739 2026 conceduntur
1769 1959 1807 2027 et
1836 1972 1920 2027 ere-

744 2069 883 2144 duntur
898 2067 936 2143 in
954 2069 1093 2143 mundo
1109 2077 1235 2144 nostro
1249 2077 1440 2165 tamquam
1454 2091 1520 2166 per
1538 2091 1579 2146 se
1597 2078 1683 2146 nota
1700 2071 1779 2146 sine
1793 2072 1919 2168 dispu-

743 2190 881 2265 tatione
907 2191 966 2264 vel
991 2188 1236 2284 dubitatione;
1263 2191 1313 2265 ita
1337 2190 1461 2265 omnia
1487 2210 1572 2286 quae
1599 2198 1687 2266 sunt
1712 2191 1807 2284 fidei,
1833 2211 1918 2285 quae

743 2310 880 2385 seimus
905 2309 964 2383 hic
989 2329 1055 2404 per
1085 2309 1202 2384 solam
1231 2310 1485 2386 eredulitatem
1516 2318 1626 2386 erunt
1657 2311 1760 2386 nubis
1790 2311 1920 2385 certis-

743 2431 835 2505 sima
861 2437 898 2505 et
924 2430 1216 2506 manifestissima
1242 2431 1280 2504 in
1305 2431 1365 2505 illo
1391 2451 1508 2527 regno
1533 2432 1741 2506 beatorum.
1762 2433 1807 2505 Et
1828 2451 1918 2505 oon-

744 2549 855 2626 cludit
880 2559 987 2645 poeta
1004 2549 1163 2644 qualiter
1175 2552 1283 2646 juxta
1304 2556 1529 2647 preceptum
1547 2551 1721 2626 Beatriois
1738 2553 1814 2648 egit
1828 2572 1916 2648 gra-

744 2670 812 2744 tias
836 2670 913 2745 Deo
939 2670 985 2746 de
1009 2671 1127 2766 gratia
1153 2670 1220 2745 sibi
1245 2672 1376 2746 collata
1401 2671 1450 2746 ab
1473 2691 1531 2766 eo,
1548 2671 1688 2747 dicens:
1714 2675 1750 2746 lo
1773 2675 1915 2765 depost

743 2791 792 2865 illi
817 2791 984 2885 Beatriei,
1003 2794 1197 2882 rnodonoa,
1218 2812 1303 2886 quae
1327 2811 1368 2866 es
1392 2791 1540 2866 domina
1565 2793 1724 2868 aliarum
1748 2793 1918 2868 seientia-

744 2935 841 3008 rum‚
867 2905 897 2986 sl
922 2916 1052 3004 diooto,
1073 2912 1177 3007 idest,
1194 2933 1265 3010 ego
1280 2913 1416 2990 Dantes
1438 2920 1582 2987 tantum
1603 2914 1759 2989 devotus
1774 2920 1813 2990 el
1828 2935 1917 3010 sup-

743 3034 839 3128 plex,
865 3039 996 3125 quanto
1016 3052 1124 3126 posso
1144 3027 1209 3126 pid
1233 3053 1357 3126 essere,
1381 3053 1456 3107 non
1472 3040 1654 3127 quantum
1671 3033 1757 3108 rulo
1773 3035 1833 3110 rel
1850 3034 1915 3109 de-

743 3155 826 3248 beo,
852 3157 1039 3244 rinprozto
1057 3156 1132 3243 Lai,
1150 3153 1298 3246 seilicet,
1314 3155 1403 3247 Deo,
1421 3156 1457 3226 to
1473 3157 1576 3246 poete
1591 3157 1637 3229 m'
1648 3157 1696 3228 to
1711 3157 1840 3228 rtmoto
1854 3155 1919 3228 dut

743 3277 875 3347 nwrtol
898 3276 1040 3364 amodo,
1066 3275 1206 3368 supple,
1223 3279 1262 3347 et
1287 3273 1398 3347 traxit
1422 3294 1485 3348 me
1508 3273 1557 3348 ad
1580 3273 1829 3350 immortalem
1850 3295 1916 3369 per
2061 3339 2067 3350 .

743 3396 891 3491 longam
919 3395 1055 3468 scalam
1081 3392 1408 3489 contemplationis.

817 3519 880 3588 Ma
905 3516 1031 3588 ditent.
1058 3513 1129 3589 ista
1154 3520 1209 3588 est
1238 3513 1345 3588 tertia
1375 3533 1461 3608 pars
1489 3512 1637 3608 capituli
1650 3503 1688 3606 (⁴)
1720 3513 1914 3610 generalis,

742 3635 780 3710 in
805 3655 879 3729 qua
904 3641 1013 3730 poeta
1037 3636 1174 3710 [lantes
1198 3640 1323 3710 movet
1349 3633 1591 3727 quaestionem
1610 3633 1657 3709 de
1673 3635 1785 3730 signis
1804 3653 1917 3730 appa·

743 3755 908 3831 rentibus
933 3755 970 3829 in
991 3775 1148 3850 corpore
1164 3755 1273 3828 lunae.
1291 3753 1394 3828 Unde
1414 3753 1522 3849 petit:
1540 3758 1605 3827 Mu
1622 3755 1752 3846 detenti,
1773 3773 1820 3828 ex
1841 3773 1915 3847 quo

741 3878 840 3951 Deus
864 3875 983 3972 gratia
1009 3897 1076 3950 sua
1103 3874 1273 3970 perduxit
1297 3893 1360 3948 me
1382 3873 1429 3947 ad
1446 3874 1586 3969 lunam,
1606 3873 1714 3949 dieite
1730 3873 1838 3947 milri:
1856 3875 1917 3946 ete

741 4017 807 4069 son
830 3999 857 4070 o·
880 3999 979 4088 sepoi
1003 3997 1072 4087 tui,
1099 3997 1201 4090 idest7
1220 3993 1397 4069 nebulosa
1414 3994 1472 4068 vel
1490 3993 1612 4068 minus
1629 3994 1762 4089 lucida,
1779 3997 1818 4068 dl
1832 4014 1915 4085 pue·

740 4123 794 4189 sto
819 4137 941 4208 corpo,
964 4116 1110 4208 seilicet,
1129 4115 1239 4208 lunae,
1256 4115 1316 4187 ete
1328 4115 1560 4207 sunn'otmei,
1577 4114 1724 4207 seilicet,
1741 4115 1915 4210 vulgares

741 4236 901 4333 ignaros,
917 4240 1142 4330 foooteppior
1165 4237 1325 4326 lapplnso
1341 4236 1379 4307 in
1395 4240 1508 4326 trra,
1524 4233 1563 4308 in
1579 4234 1640 4308 illo
1658 4233 1796 4308 mundo
1814 4253 1915 4307 mor-

742 4357 815 4452 tali,
834 4359 872 4430 di
898 4360 1012 4432 Cain?
1037 4357 1124 4451 quia
1148 4355 1285 4430 scilieet
1310 4355 1445 4450 vulgus
1461 4354 1499 4427 in
1515 4359 1616 4427 terra
1636 4353 1726 4428 dicit
1749 4353 1916 4428 fabulose

741 4479 841 4572 quod
866 4479 955 4552 Cain
989 4485 1044 4553 est
1077 4477 1216 4573 positus
1245 4475 1282 4548 in
1312 4475 1413 4567 luna,
1446 4473 1510 4568 qui
1543 4472 1643 4549 vadit
1671 4473 1913 4548 sacrificatum

741 4618 827 4673 cum
854 4597 974 4694 spinis.
993 4598 1037 4673 Et
1053 4597 1176 4672 subdit
1194 4595 1466 4691 responsionem
1484 4593 1669 4688 Beatrieis‚
1688 4613 1772 4688 quae
1795 4591 1915 4687 primo

741 4717 863 4814 arguit
895 4737 1061 4792 errorem
1088 4715 1304 4809 hominum3
1334 4721 1371 4788 et
1395 4712 1481 4788 dicit
1509 4713 1682 4808 breviter,
1708 4712 1808 4807 quod
1840 4731 1913 4786 non

742 4836 848 4911 dehet
873 4836 955 4931 plus
981 4835 1107 4912 mirari
1133 4835 1163 4910 si
1183 4833 1363 4931 judicium
1394 4833 1585 4908 hominum
1611 4840 1668 4908 est
1691 4831 1915 4907 insufficiens

804 5025 830 5087 ζ’)
846 5026 883 5075 Le
899 5025 988 5088 parole
1004 5025 1045 5076 ira
1060 5026 1068 5076 l
1085 5026 1135 5076 due
1151 5023 1285 5075 mteriaelrl
1300 5037 1347 5073 ton
1363 5022 1477 5086 suppllte
1492 5023 1560 5088 dagli
1576 5023 1636 5074 altri
1653 5028 1694 5074 tro
1708 5023 1803 5074 (odiet

803 5099 831 5162 (·)
847 5101 878 5152 B.
895 5101 1036 5164 proportio.
1161 5099 1190 5164 (¹)
1206 5099 1237 5150 E.
1253 5098 1435 5163 proportluult.
1550 5097 1579 5164 θ)
1594 5099 1625 5150 lt.
1641 5099 1719 5150 troius
1734 5097 1849 5162 ospitat.
