<?xml version="1.0" encoding="UTF-8"?>
<!DOCTYPE html PUBLIC "-//W3C//DTD XHTML 1.0 Transitional//EN"
    "http://www.w3.org/TR/xhtml1/DTD/xhtml1-transitional.dtd">
<html xmlns="http://www.w3.org/1999/xhtml" xml:lang="en" lang="en">
 <head>
  <title>
</title>
<meta http-equiv="Content-Type" content="text/html;charset=utf-8" />
  <meta name='ocr-system' content='tesseract 3.04.00' />
  <meta name='ocr-capabilities' content='ocr_page ocr_carea ocr_par ocr_line ocrx_word'/>
</head>
<body>
  <div class='ocr_page' id='page_1' title='image "./comentumsuperda00unkngoog_0354.png"; bbox 0 0 4575 6842; ppageno 0'>
   <div class='ocr_carea' id='block_1_1' title="bbox 737 923 1524 992">
    <p class='ocr_par' dir='ltr' id='par_1_1' title="bbox 737 923 1524 992">
     <span class='ocr_line' id='line_1_1' title="bbox 737 923 1524 992; baseline -0.004 -1"><span class='ocrx_word' id='word_1_1' title='bbox 737 923 807 992; x_wconf 84' lang='grc'><strong>336</strong></span> <span class='ocrx_word' id='word_1_2' title='bbox 1127 934 1330 990; x_wconf 83' lang='lat' dir='ltr'><strong>cournruu</strong></span> <span class='ocrx_word' id='word_1_3' title='bbox 1356 937 1524 990; x_wconf 78' lang='lat' dir='ltr'><strong>runnorsr</strong></span> 
     </span>
    </p>
   </div>
   <div class='ocr_carea' id='block_1_2' title="bbox 721 1079 1911 4058">
    <p class='ocr_par' dir='ltr' id='par_1_2' title="bbox 721 1079 1911 4058">
     <span class='ocr_line' id='line_1_2' title="bbox 734 1079 1911 1176; baseline 0.001 -22"><span class='ocrx_word' id='word_1_4' title='bbox 734 1100 803 1176; x_wconf 81' lang='lat' dir='ltr'><strong>ego</strong></span> <span class='ocrx_word' id='word_1_5' title='bbox 829 1086 1002 1174; x_wconf 85' lang='lat' dir='ltr'><strong>expertus</strong></span> <span class='ocrx_word' id='word_1_6' title='bbox 1028 1097 1109 1153; x_wconf 90' lang='lat' dir='ltr'><strong>sum</strong></span> <span class='ocrx_word' id='word_1_7' title='bbox 1137 1079 1226 1152; x_wconf 92' lang='lat' dir='ltr'><strong>dum</strong></span> <span class='ocrx_word' id='word_1_8' title='bbox 1244 1082 1407 1176; x_wconf 87' lang='lat' dir='ltr'><strong>tegerem</strong></span> <span class='ocrx_word' id='word_1_9' title='bbox 1428 1080 1564 1154; x_wconf 87' lang='lat' dir='ltr'><strong>tibrum</strong></span> <span class='ocrx_word' id='word_1_10' title='bbox 1582 1079 1694 1154; x_wconf 90' lang='lat' dir='ltr'><strong>istum</strong></span> <span class='ocrx_word' id='word_1_11' title='bbox 1717 1081 1911 1175; x_wconf 81' lang='lat' dir='ltr'><strong>Bononiae3</strong></span> 
     </span>
     <span class='ocr_line' id='line_1_3' title="bbox 733 1193 1909 1295; baseline 0 -21"><span class='ocrx_word' id='word_1_12' title='bbox 733 1201 923 1274; x_wconf 77' lang='lat' dir='ltr'><strong>desiderosi</strong></span> <span class='ocrx_word' id='word_1_13' title='bbox 938 1203 1150 1292; x_wconf 85' lang='lat' dir='ltr'><strong>d’ascoltar,</strong></span> <span class='ocrx_word' id='word_1_14' title='bbox 1171 1200 1273 1295; x_wconf 89' lang='lat' dir='ltr'><strong>idest,</strong></span> <span class='ocrx_word' id='word_1_15' title='bbox 1291 1199 1386 1275; x_wconf 85' lang='lat' dir='ltr'><strong>avidi</strong></span> <span class='ocrx_word' id='word_1_16' title='bbox 1403 1200 1573 1274; x_wconf 86' lang='lat' dir='ltr'><strong>audiendi</strong></span> <span class='ocrx_word' id='word_1_17' title='bbox 1589 1193 1626 1292; x_wconf 84' lang='lat'><strong>(¹)</strong></span> <span class='ocrx_word' id='word_1_18' title='bbox 1646 1201 1792 1276; x_wconf 80' lang='lat' dir='ltr'><strong>tertiam</strong></span> <span class='ocrx_word' id='word_1_19' title='bbox 1819 1221 1909 1276; x_wconf 86' lang='lat' dir='ltr'><strong>cau-</strong></span> 
     </span>
     <span class='ocr_line' id='line_1_4' title="bbox 733 1318 1907 1416; baseline 0.002 -22"><span class='ocrx_word' id='word_1_20' title='bbox 733 1320 854 1414; x_wconf 88' lang='lat' dir='ltr'><strong>ticam,</strong></span> <span class='ocrx_word' id='word_1_21' title='bbox 880 1319 973 1394; x_wconf 89' lang='lat' dir='ltr'><strong>sicut</strong></span> <span class='ocrx_word' id='word_1_22' title='bbox 992 1321 1070 1416; x_wconf 87' lang='lat' dir='ltr'><strong>jam</strong></span> <span class='ocrx_word' id='word_1_23' title='bbox 1096 1320 1246 1394; x_wconf 86' lang='lat' dir='ltr'><strong>audistis</strong></span> <span class='ocrx_word' id='word_1_24' title='bbox 1270 1320 1375 1413; x_wconf 86' lang='lat' dir='ltr'><strong>duas,</strong></span> <span class='ocrx_word' id='word_1_25' title='bbox 1390 1323 1525 1413; x_wconf 68' lang='lat' dir='ltr'><strong>scotto,</strong></span> <span class='ocrx_word' id='word_1_26' title='bbox 1545 1318 1648 1413; x_wconf 87' lang='lat' dir='ltr'><strong>idest,</strong></span> <span class='ocrx_word' id='word_1_27' title='bbox 1672 1320 1832 1414; x_wconf 87' lang='lat' dir='ltr'><strong>sequuti,</strong></span> <span class='ocrx_word' id='word_1_28' title='bbox 1859 1320 1907 1396; x_wconf 91' lang='lat' dir='ltr'><strong>ita</strong></span> 
     </span>
     <span class='ocr_line' id='line_1_5' title="bbox 733 1440 1909 1537; baseline 0 -22"><span class='ocrx_word' id='word_1_29' title='bbox 733 1440 832 1536; x_wconf 88' lang='lat' dir='ltr'><strong>quod</strong></span> <span class='ocrx_word' id='word_1_30' title='bbox 857 1446 911 1516; x_wconf 89' lang='lat' dir='ltr'><strong>est</strong></span> <span class='ocrx_word' id='word_1_31' title='bbox 937 1441 1179 1536; x_wconf 79' lang='lat' dir='ltr'><strong>participium,</strong></span> <span class='ocrx_word' id='word_1_32' title='bbox 1200 1447 1238 1516; x_wconf 88' lang='lat' dir='ltr'><strong>et</strong></span> <span class='ocrx_word' id='word_1_33' title='bbox 1255 1461 1328 1516; x_wconf 90' lang='lat' dir='ltr'><strong>uon</strong></span> <span class='ocrx_word' id='word_1_34' title='bbox 1346 1441 1518 1533; x_wconf 88' lang='lat' dir='ltr'><strong>verbum,</strong></span> <span class='ocrx_word' id='word_1_35' title='bbox 1537 1447 1576 1514; x_wconf 93' lang='lat' dir='ltr'><strong>ut</strong></span> <span class='ocrx_word' id='word_1_36' title='bbox 1601 1440 1707 1515; x_wconf 91' lang='lat' dir='ltr'><strong>multi</strong></span> <span class='ocrx_word' id='word_1_37' title='bbox 1732 1440 1909 1537; x_wconf 89' lang='lat' dir='ltr'><strong>ignoran-</strong></span> 
     </span>
     <span class='ocr_line' id='line_1_6' title="bbox 732 1559 1905 1656; baseline -0.003 -21"><span class='ocrx_word' id='word_1_38' title='bbox 732 1567 789 1635; x_wconf 90' lang='lat' dir='ltr'><strong>ter</strong></span> <span class='ocrx_word' id='word_1_39' title='bbox 814 1560 1083 1654; x_wconf 75' lang='lat' dir='ltr'><strong>intellexerunt,</strong></span> <span class='ocrx_word' id='word_1_40' title='bbox 1112 1567 1211 1633; x_wconf 87' lang='lat' dir='ltr'><strong>retro</strong></span> <span class='ocrx_word' id='word_1_41' title='bbox 1243 1563 1282 1633; x_wconf 87' lang='lat' dir='ltr'><strong>ot</strong></span> <span class='ocrx_word' id='word_1_42' title='bbox 1312 1563 1383 1632; x_wconf 80' lang='lat' dir='ltr'><strong>mio</strong></span> <span class='ocrx_word' id='word_1_43' title='bbox 1416 1563 1531 1652; x_wconf 76' lang='lat' dir='ltr'><strong>tegno,</strong></span> <span class='ocrx_word' id='word_1_44' title='bbox 1566 1560 1669 1653; x_wconf 76' lang='lat' dir='ltr'><strong>idest,</strong></span> <span class='ocrx_word' id='word_1_45' title='bbox 1703 1559 1905 1656; x_wconf 83' lang='lat' dir='ltr'><strong>ingenium,</strong></span> 
     </span>
     <span class='ocr_line' id='line_1_7' title="bbox 732 1678 1904 1776; baseline 0.002 -24"><span class='ocrx_word' id='word_1_46' title='bbox 732 1681 792 1753; x_wconf 81' lang='lat' dir='ltr'><strong>cte</strong></span> <span class='ocrx_word' id='word_1_47' title='bbox 817 1700 940 1770; x_wconf 86' lang='lat' dir='ltr'><strong>uorco,</strong></span> <span class='ocrx_word' id='word_1_48' title='bbox 966 1678 1067 1774; x_wconf 87' lang='lat' dir='ltr'><strong>idest,</strong></span> <span class='ocrx_word' id='word_1_49' title='bbox 1097 1680 1224 1754; x_wconf 84' lang='lat' dir='ltr'><strong>transit</strong></span> <span class='ocrx_word' id='word_1_50' title='bbox 1256 1686 1294 1755; x_wconf 91' lang='lat' dir='ltr'><strong>et</strong></span> <span class='ocrx_word' id='word_1_51' title='bbox 1325 1681 1436 1755; x_wconf 81' lang='lat' dir='ltr'><strong>intrat</strong></span> <span class='ocrx_word' id='word_1_52' title='bbox 1463 1702 1595 1756; x_wconf 86' lang='lat' dir='ltr'><strong>novam</strong></span> <span class='ocrx_word' id='word_1_53' title='bbox 1623 1687 1661 1756; x_wconf 89' lang='lat' dir='ltr'><strong>ct</strong></span> <span class='ocrx_word' id='word_1_54' title='bbox 1686 1681 1904 1776; x_wconf 78' lang='lat' dir='ltr'><strong>profundam</strong></span> 
     </span>
     <span class='ocr_line' id='line_1_8' title="bbox 730 1800 1905 1895; baseline -0.002 -21"><span class='ocrx_word' id='word_1_55' title='bbox 730 1819 878 1893; x_wconf 86' lang='lat' dir='ltr'><strong>aquarn,</strong></span> <span class='ocrx_word' id='word_1_56' title='bbox 904 1802 1094 1890; x_wconf 76' lang='lat' dir='ltr'><strong>camundo,</strong></span> <span class='ocrx_word' id='word_1_57' title='bbox 1121 1800 1267 1893; x_wconf 86' lang='lat' dir='ltr'><strong>sciticct,</strong></span> <span class='ocrx_word' id='word_1_58' title='bbox 1293 1801 1435 1895; x_wconf 89' lang='lat' dir='ltr'><strong>poetice</strong></span> <span class='ocrx_word' id='word_1_59' title='bbox 1454 1800 1705 1894; x_wconf 87' lang='lat' dir='ltr'><strong>describendo,</strong></span> <span class='ocrx_word' id='word_1_60' title='bbox 1727 1807 1864 1874; x_wconf 69' lang='lat' dir='ltr'><strong>ormo</strong></span> <span class='ocrx_word' id='word_1_61' title='bbox 1880 1821 1905 1872; x_wconf 87' lang='lat' dir='ltr'><strong>o</strong></span> 
     </span>
     <span class='ocr_line' id='line_1_9' title="bbox 728 1919 1904 2015; baseline 0 -23"><span class='ocrx_word' id='word_1_62' title='bbox 728 1921 869 1992; x_wconf 82' lang='lat' dir='ltr'><strong>rioedcr</strong></span> <span class='ocrx_word' id='word_1_63' title='bbox 894 1921 919 1992; x_wconf 87' lang='lat' dir='ltr'><strong>o·</strong></span> <span class='ocrx_word' id='word_1_64' title='bbox 943 1922 1054 1992; x_wconf 78' lang='lat' dir='ltr'><strong>vostri</strong></span> <span class='ocrx_word' id='word_1_65' title='bbox 1079 1922 1141 2010; x_wconf 80' lang='lat' dir='ltr'><strong>titi,</strong></span> <span class='ocrx_word' id='word_1_66' title='bbox 1167 1919 1271 2012; x_wconf 84' lang='lat' dir='ltr'><strong>idest,</strong></span> <span class='ocrx_word' id='word_1_67' title='bbox 1293 1919 1483 2015; x_wconf 74' lang='lat' dir='ltr'><strong>predictos</strong></span> <span class='ocrx_word' id='word_1_68' title='bbox 1507 1920 1602 1994; x_wconf 92' lang='lat' dir='ltr'><strong>duos</strong></span> <span class='ocrx_word' id='word_1_69' title='bbox 1626 1919 1750 2012; x_wconf 92' lang='lat' dir='ltr'><strong>libros,</strong></span> <span class='ocrx_word' id='word_1_70' title='bbox 1768 1919 1806 1993; x_wconf 91' lang='lat' dir='ltr'><strong>iu</strong></span> <span class='ocrx_word' id='word_1_71' title='bbox 1822 1920 1904 2014; x_wconf 89' lang='lat' dir='ltr'><strong>qui-</strong></span> 
     </span>
     <span class='ocr_line' id='line_1_10' title="bbox 726 2039 1906 2134; baseline 0 -20"><span class='ocrx_word' id='word_1_72' title='bbox 726 2039 795 2114; x_wconf 90' lang='lat' dir='ltr'><strong>bus</strong></span> <span class='ocrx_word' id='word_1_73' title='bbox 824 2059 896 2112; x_wconf 90' lang='lat' dir='ltr'><strong>non</strong></span> <span class='ocrx_word' id='word_1_74' title='bbox 923 2044 978 2113; x_wconf 89' lang='lat' dir='ltr'><strong>est</strong></span> <span class='ocrx_word' id='word_1_75' title='bbox 1004 2039 1231 2134; x_wconf 77' lang='lat' dir='ltr'><strong>profunditas</strong></span> <span class='ocrx_word' id='word_1_76' title='bbox 1247 2040 1342 2115; x_wconf 89' lang='lat' dir='ltr'><strong>sicut</strong></span> <span class='ocrx_word' id='word_1_77' title='bbox 1358 2060 1427 2116; x_wconf 86' lang='lat' dir='ltr'><strong>nec</strong></span> <span class='ocrx_word' id='word_1_78' title='bbox 1443 2041 1480 2114; x_wconf 93' lang='lat' dir='ltr'><strong>in</strong></span> <span class='ocrx_word' id='word_1_79' title='bbox 1500 2040 1633 2133; x_wconf 87' lang='lat' dir='ltr'><strong>littore,</strong></span> <span class='ocrx_word' id='word_1_80' title='bbox 1650 2041 1697 2114; x_wconf 90' lang='lat' dir='ltr'><strong>ad</strong></span> <span class='ocrx_word' id='word_1_81' title='bbox 1719 2040 1817 2134; x_wconf 88' lang='lat' dir='ltr'><strong>quod</strong></span> <span class='ocrx_word' id='word_1_82' title='bbox 1839 2060 1906 2114; x_wconf 89' lang='lat' dir='ltr'><strong>ua-</strong></span> 
     </span>
     <span class='ocr_line' id='line_1_11' title="bbox 727 2159 1903 2256; baseline 0.003 -23"><span class='ocrx_word' id='word_1_83' title='bbox 727 2159 826 2256; x_wconf 87' lang='lat' dir='ltr'><strong>vigat</strong></span> <span class='ocrx_word' id='word_1_84' title='bbox 852 2159 1031 2235; x_wconf 87' lang='lat' dir='ltr'><strong>navicula.</strong></span> <span class='ocrx_word' id='word_1_85' title='bbox 1058 2161 1102 2234; x_wconf 87' lang='lat' dir='ltr'><strong>Et</strong></span> <span class='ocrx_word' id='word_1_86' title='bbox 1127 2160 1249 2235; x_wconf 85' lang='lat' dir='ltr'><strong>subdit</strong></span> <span class='ocrx_word' id='word_1_87' title='bbox 1273 2161 1473 2236; x_wconf 82' lang='lat' dir='ltr'><strong>excludens</strong></span> <span class='ocrx_word' id='word_1_88' title='bbox 1497 2181 1561 2236; x_wconf 89' lang='lat' dir='ltr'><strong>cos</strong></span> <span class='ocrx_word' id='word_1_89' title='bbox 1591 2183 1616 2236; x_wconf 87' lang='lat' dir='ltr'><strong>a</strong></span> <span class='ocrx_word' id='word_1_90' title='bbox 1645 2161 1766 2236; x_wconf 90' lang='lat' dir='ltr'><strong>studio</strong></span> <span class='ocrx_word' id='word_1_91' title='bbox 1791 2160 1903 2236; x_wconf 93' lang='lat' dir='ltr'><strong>buius</strong></span> 
     </span>
     <span class='ocr_line' id='line_1_12' title="bbox 725 2272 1904 2376; baseline -0.001 -22"><span class='ocrx_word' id='word_1_92' title='bbox 725 2278 808 2354; x_wconf 91' lang='lat' dir='ltr'><strong>libri</strong></span> <span class='ocrx_word' id='word_1_93' title='bbox 822 2272 880 2375; x_wconf 76' lang='lat'>(¹):</span> <span class='ocrx_word' id='word_1_94' title='bbox 906 2301 978 2353; x_wconf 86' lang='lat' dir='ltr'><strong>non</strong></span> <span class='ocrx_word' id='word_1_95' title='bbox 1004 2282 1039 2354; x_wconf 82' lang='lat' dir='ltr'><strong>oi</strong></span> <span class='ocrx_word' id='word_1_96' title='bbox 1063 2287 1193 2355; x_wconf 82' lang='lat' dir='ltr'><strong>mettete</strong></span> <span class='ocrx_word' id='word_1_97' title='bbox 1215 2284 1254 2354; x_wconf 81' lang='lat' dir='ltr'><strong>iu</strong></span> <span class='ocrx_word' id='word_1_98' title='bbox 1275 2283 1417 2375; x_wconf 77' lang='lat' dir='ltr'><strong>pelope,</strong></span> <span class='ocrx_word' id='word_1_99' title='bbox 1435 2301 1522 2355; x_wconf 89' lang='lat' dir='ltr'><strong>cum</strong></span> <span class='ocrx_word' id='word_1_100' title='bbox 1540 2287 1663 2356; x_wconf 80' lang='lat' dir='ltr'><strong>vestra</strong></span> <span class='ocrx_word' id='word_1_101' title='bbox 1680 2301 1795 2376; x_wconf 85' lang='lat' dir='ltr'><strong>parva</strong></span> <span class='ocrx_word' id='word_1_102' title='bbox 1816 2281 1904 2356; x_wconf 90' lang='lat' dir='ltr'><strong>bar-</strong></span> 
     </span>
     <span class='ocr_line' id='line_1_13' title="bbox 727 2391 1905 2495; baseline -0.001 -20"><span class='ocrx_word' id='word_1_103' title='bbox 727 2401 814 2494; x_wconf 81' lang='lat' dir='ltr'><strong>cba3</strong></span> <span class='ocrx_word' id='word_1_104' title='bbox 841 2406 878 2474; x_wconf 86' lang='lat' dir='ltr'><strong>et</strong></span> <span class='ocrx_word' id='word_1_105' title='bbox 903 2419 989 2474; x_wconf 88' lang='lat' dir='ltr'><strong>ecce</strong></span> <span class='ocrx_word' id='word_1_106' title='bbox 1014 2420 1187 2474; x_wconf 85' lang='lat' dir='ltr'><strong>causam:</strong></span> <span class='ocrx_word' id='word_1_107' title='bbox 1212 2395 1273 2474; x_wconf 82' lang='lat' dir='ltr'><strong>cbc&#39;</strong></span> <span class='ocrx_word' id='word_1_108' title='bbox 1284 2402 1395 2494; x_wconf 80' lang='lat' dir='ltr'><strong>forse,</strong></span> <span class='ocrx_word' id='word_1_109' title='bbox 1408 2403 1592 2492; x_wconf 78' lang='lat' dir='ltr'><strong>perdendo</strong></span> <span class='ocrx_word' id='word_1_110' title='bbox 1608 2422 1676 2492; x_wconf 84' lang='lat' dir='ltr'><strong>me,</strong></span> <span class='ocrx_word' id='word_1_111' title='bbox 1694 2421 1759 2495; x_wconf 83' lang='lat' dir='ltr'><strong>per</strong></span> <span class='ocrx_word' id='word_1_112' title='bbox 1773 2391 1813 2492; x_wconf 80' lang='lat'><strong>(³)</strong></span> <span class='ocrx_word' id='word_1_113' title='bbox 1833 2400 1905 2474; x_wconf 89' lang='lat' dir='ltr'><strong>im·</strong></span> 
     </span>
     <span class='ocr_line' id='line_1_14' title="bbox 727 2520 1898 2616; baseline -0.002 -21"><span class='ocrx_word' id='word_1_114' title='bbox 727 2521 997 2616; x_wconf 86' lang='lat' dir='ltr'><strong>possibilitatem</strong></span> <span class='ocrx_word' id='word_1_115' title='bbox 1032 2521 1220 2616; x_wconf 88' lang='lat' dir='ltr'><strong>sequendi,</strong></span> <span class='ocrx_word' id='word_1_116' title='bbox 1252 2525 1458 2594; x_wconf 65' lang='lat' dir='ltr'><strong>nmorrme</strong></span> <span class='ocrx_word' id='word_1_117' title='bbox 1480 2523 1658 2612; x_wconf 70' lang='lat' dir='ltr'><strong>cmorrtti,</strong></span> <span class='ocrx_word' id='word_1_118' title='bbox 1690 2520 1779 2614; x_wconf 85' lang='lat' dir='ltr'><strong>quia</strong></span> <span class='ocrx_word' id='word_1_119' title='bbox 1811 2540 1898 2594; x_wconf 90' lang='lat' dir='ltr'><strong>cum</strong></span> 
     </span>
     <span class='ocr_line' id='line_1_15' title="bbox 729 2639 1903 2736; baseline -0.001 -22"><span class='ocrx_word' id='word_1_120' title='bbox 729 2646 850 2715; x_wconf 84' lang='lat' dir='ltr'><strong>vestro</strong></span> <span class='ocrx_word' id='word_1_121' title='bbox 875 2660 989 2735; x_wconf 88' lang='lat' dir='ltr'><strong>parvo</strong></span> <span class='ocrx_word' id='word_1_122' title='bbox 1014 2639 1161 2736; x_wconf 89' lang='lat' dir='ltr'><strong>ingenio</strong></span> <span class='ocrx_word' id='word_1_123' title='bbox 1186 2659 1260 2714; x_wconf 90' lang='lat' dir='ltr'><strong>nou</strong></span> <span class='ocrx_word' id='word_1_124' title='bbox 1282 2639 1434 2734; x_wconf 89' lang='lat' dir='ltr'><strong>possetis</strong></span> <span class='ocrx_word' id='word_1_125' title='bbox 1450 2639 1654 2736; x_wconf 81' lang='lat' dir='ltr'><strong>intelligere</strong></span> <span class='ocrx_word' id='word_1_126' title='bbox 1674 2659 1797 2714; x_wconf 86' lang='lat' dir='ltr'><strong>meam</strong></span> <span class='ocrx_word' id='word_1_127' title='bbox 1816 2659 1903 2735; x_wconf 90' lang='lat' dir='ltr'><strong>pro·</strong></span> 
     </span>
     <span class='ocr_line' id='line_1_16' title="bbox 726 2759 1896 2855; baseline -0.001 -22"><span class='ocrx_word' id='word_1_128' title='bbox 726 2759 875 2834; x_wconf 86' lang='lat' dir='ltr'><strong>tundam</strong></span> <span class='ocrx_word' id='word_1_129' title='bbox 903 2759 1106 2853; x_wconf 86' lang='lat' dir='ltr'><strong>materiam,</strong></span> <span class='ocrx_word' id='word_1_130' title='bbox 1134 2766 1172 2833; x_wconf 89' lang='lat' dir='ltr'><strong>et</strong></span> <span class='ocrx_word' id='word_1_131' title='bbox 1196 2759 1348 2855; x_wconf 87' lang='lat' dir='ltr'><strong>possetis</strong></span> <span class='ocrx_word' id='word_1_132' title='bbox 1373 2781 1502 2836; x_wconf 89' lang='lat' dir='ltr'><strong>errare</strong></span> <span class='ocrx_word' id='word_1_133' title='bbox 1526 2781 1549 2835; x_wconf 86' lang='lat' dir='ltr'><strong>a</strong></span> <span class='ocrx_word' id='word_1_134' title='bbox 1575 2761 1635 2836; x_wconf 89' lang='lat' dir='ltr'><strong>via</strong></span> <span class='ocrx_word' id='word_1_135' title='bbox 1661 2767 1771 2836; x_wconf 85' lang='lat' dir='ltr'><strong>rectae</strong></span> <span class='ocrx_word' id='word_1_136' title='bbox 1796 2759 1896 2854; x_wconf 73' lang='lat' dir='ltr'><strong>fidei,</strong></span> 
     </span>
     <span class='ocr_line' id='line_1_17' title="bbox 726 2880 1898 2975; baseline 0.001 -20"><span class='ocrx_word' id='word_1_137' title='bbox 726 2882 776 2957; x_wconf 95' lang='lat' dir='ltr'><strong>ita</strong></span> <span class='ocrx_word' id='word_1_138' title='bbox 803 2889 902 2956; x_wconf 87' lang='lat' dir='ltr'><strong>recte</strong></span> <span class='ocrx_word' id='word_1_139' title='bbox 928 2880 1077 2954; x_wconf 88' lang='lat' dir='ltr'><strong>Boetius</strong></span> <span class='ocrx_word' id='word_1_140' title='bbox 1101 2880 1138 2953; x_wconf 94' lang='lat' dir='ltr'><strong>in</strong></span> <span class='ocrx_word' id='word_1_141' title='bbox 1165 2881 1269 2975; x_wconf 90' lang='lat' dir='ltr'><strong>tibro,</strong></span> <span class='ocrx_word' id='word_1_142' title='bbox 1296 2883 1469 2973; x_wconf 79' lang='lat' dir='ltr'><strong>quomodo</strong></span> <span class='ocrx_word' id='word_1_143' title='bbox 1499 2885 1651 2956; x_wconf 71' lang='lat' dir='ltr'><strong>nonas</strong></span> <span class='ocrx_word' id='word_1_144' title='bbox 1674 2903 1765 2956; x_wconf 84' lang='lat' dir='ltr'><strong>unns</strong></span> <span class='ocrx_word' id='word_1_145' title='bbox 1790 2887 1898 2972; x_wconf 80' lang='lat' dir='ltr'><strong>Deus,</strong></span> 
     </span>
     <span class='ocr_line' id='line_1_18' title="bbox 724 2999 1898 3096; baseline 0 -20"><span class='ocrx_word' id='word_1_146' title='bbox 724 2999 811 3076; x_wconf 90' lang='lat' dir='ltr'><strong>dicit</strong></span> <span class='ocrx_word' id='word_1_147' title='bbox 836 3000 1030 3074; x_wconf 90' lang='lat' dir='ltr'><strong>insimili:</strong></span> <span class='ocrx_word' id='word_1_148' title='bbox 1058 3007 1211 3075; x_wconf 85' lang='lat' dir='ltr'><strong>caeteros</strong></span> <span class='ocrx_word' id='word_1_149' title='bbox 1236 3001 1285 3075; x_wconf 87' lang='lat' dir='ltr'><strong>ita</strong></span> <span class='ocrx_word' id='word_1_150' title='bbox 1311 3001 1577 3094; x_wconf 65' lang='lat' dir='ltr'><strong>submovimus</strong></span> <span class='ocrx_word' id='word_1_151' title='bbox 1603 3008 1643 3074; x_wconf 90' lang='lat' dir='ltr'><strong>ut</strong></span> <span class='ocrx_word' id='word_1_152' title='bbox 1675 3002 1739 3096; x_wconf 89' lang='lat' dir='ltr'><strong>qui</strong></span> <span class='ocrx_word' id='word_1_153' title='bbox 1764 3021 1898 3096; x_wconf 82' lang='lat' dir='ltr'><strong>capere</strong></span> 
     </span>
     <span class='ocr_line' id='line_1_19' title="bbox 725 3121 1896 3218; baseline -0.003 -20"><span class='ocrx_word' id='word_1_154' title='bbox 725 3143 768 3198; x_wconf 84' lang='lat' dir='ltr'><strong>ea</strong></span> <span class='ocrx_word' id='word_1_155' title='bbox 795 3121 1039 3216; x_wconf 84' lang='lat' dir='ltr'><strong>nequiverint,</strong></span> <span class='ocrx_word' id='word_1_156' title='bbox 1066 3121 1112 3195; x_wconf 93' lang='lat' dir='ltr'><strong>ad</strong></span> <span class='ocrx_word' id='word_1_157' title='bbox 1137 3139 1183 3196; x_wconf 84' lang='lat' dir='ltr'><strong>ea</strong></span> <span class='ocrx_word' id='word_1_158' title='bbox 1208 3121 1319 3196; x_wconf 91' lang='lat' dir='ltr'><strong>etiam</strong></span> <span class='ocrx_word' id='word_1_159' title='bbox 1350 3121 1505 3218; x_wconf 84' lang='lat' dir='ltr'><strong>tegenda</strong></span> <span class='ocrx_word' id='word_1_160' title='bbox 1532 3122 1724 3198; x_wconf 88' lang='lat' dir='ltr'><strong>videantur</strong></span> <span class='ocrx_word' id='word_1_161' title='bbox 1750 3121 1896 3218; x_wconf 88' lang='lat' dir='ltr'><strong>indigni.</strong></span> 
     </span>
     <span class='ocr_line' id='line_1_20' title="bbox 723 3240 1898 3338; baseline 0 -24"><span class='ocrx_word' id='word_1_162' title='bbox 723 3282 773 3297; x_wconf 91' lang='lat'>-</span> <span class='ocrx_word' id='word_1_163' title='bbox 792 3245 828 3314; x_wconf 87' lang='lat' dir='ltr'><strong>L&#39;</strong></span> <span class='ocrx_word' id='word_1_164' title='bbox 841 3261 965 3333; x_wconf 82' lang='lat' dir='ltr'><strong>acqua.</strong></span> <span class='ocrx_word' id='word_1_165' title='bbox 1005 3240 1069 3316; x_wconf 88' lang='lat' dir='ltr'><strong>Hic</strong></span> <span class='ocrx_word' id='word_1_166' title='bbox 1102 3248 1211 3336; x_wconf 89' lang='lat' dir='ltr'><strong>pocta</strong></span> <span class='ocrx_word' id='word_1_167' title='bbox 1249 3241 1409 3338; x_wconf 82' lang='lat' dir='ltr'><strong>assignat</strong></span> <span class='ocrx_word' id='word_1_168' title='bbox 1448 3242 1627 3318; x_wconf 87' lang='lat' dir='ltr'><strong>rationem</strong></span> <span class='ocrx_word' id='word_1_169' title='bbox 1665 3241 1898 3316; x_wconf 86' lang='lat' dir='ltr'><strong>dissuasionis</strong></span> 
     </span>
     <span class='ocr_line' id='line_1_21' title="bbox 724 3361 1897 3457; baseline -0.001 -22"><span class='ocrx_word' id='word_1_170' title='bbox 724 3381 836 3457; x_wconf 88' lang='lat' dir='ltr'><strong>qnam</strong></span> <span class='ocrx_word' id='word_1_171' title='bbox 863 3361 959 3453; x_wconf 87' lang='lat' dir='ltr'><strong>tecit,</strong></span> <span class='ocrx_word' id='word_1_172' title='bbox 991 3367 1029 3434; x_wconf 88' lang='lat' dir='ltr'><strong>et</strong></span> <span class='ocrx_word' id='word_1_173' title='bbox 1060 3381 1211 3435; x_wconf 84' lang='lat' dir='ltr'><strong>causam</strong></span> <span class='ocrx_word' id='word_1_174' title='bbox 1243 3382 1360 3454; x_wconf 87' lang='lat' dir='ltr'><strong>quare</strong></span> <span class='ocrx_word' id='word_1_175' title='bbox 1385 3361 1463 3456; x_wconf 89' lang='lat' dir='ltr'><strong>ipse</strong></span> <span class='ocrx_word' id='word_1_176' title='bbox 1490 3361 1785 3456; x_wconf 82' lang='lat' dir='ltr'><strong>andet&#39;intrarc3</strong></span> <span class='ocrx_word' id='word_1_177' title='bbox 1809 3361 1897 3436; x_wconf 89' lang='lat' dir='ltr'><strong>dicit</strong></span> 
     </span>
     <span class='ocr_line' id='line_1_22' title="bbox 724 3481 1896 3579; baseline 0.001 -22"><span class='ocrx_word' id='word_1_178' title='bbox 724 3502 814 3579; x_wconf 88' lang='lat' dir='ltr'><strong>ergo</strong></span> <span class='ocrx_word' id='word_1_179' title='bbox 831 3482 969 3576; x_wconf 89' lang='lat' dir='ltr'><strong>primo:</strong></span> <span class='ocrx_word' id='word_1_180' title='bbox 989 3484 1150 3574; x_wconf 79' lang='lat' dir='ltr'><strong>L’ccquo</strong></span> <span class='ocrx_word' id='word_1_181' title='bbox 1166 3484 1259 3554; x_wconf 81' lang='lat' dir='ltr'><strong>cb’io</strong></span> <span class='ocrx_word' id='word_1_182' title='bbox 1273 3485 1422 3575; x_wconf 78' lang='lat' dir='ltr'><strong>prncdo,</strong></span> <span class='ocrx_word' id='word_1_183' title='bbox 1444 3481 1547 3576; x_wconf 88' lang='lat' dir='ltr'><strong>idest,</strong></span> <span class='ocrx_word' id='word_1_184' title='bbox 1568 3486 1761 3558; x_wconf 86' lang='lat' dir='ltr'><strong>materiam</strong></span> <span class='ocrx_word' id='word_1_185' title='bbox 1783 3504 1896 3577; x_wconf 86' lang='lat' dir='ltr'><strong>quam</strong></span> 
     </span>
     <span class='ocr_line' id='line_1_23' title="bbox 724 3600 1896 3697; baseline 0.004 -23"><span class='ocrx_word' id='word_1_186' title='bbox 724 3622 821 3676; x_wconf 94' lang='lat' dir='ltr'><strong>nunc</strong></span> <span class='ocrx_word' id='word_1_187' title='bbox 846 3622 995 3676; x_wconf 90' lang='lat' dir='ltr'><strong>assumo</strong></span> <span class='ocrx_word' id='word_1_188' title='bbox 1013 3600 1301 3694; x_wconf 79' lang='lat' dir='ltr'><strong>describendam,</strong></span> <span class='ocrx_word' id='word_1_189' title='bbox 1321 3606 1492 3693; x_wconf 71' lang='lat' dir='ltr'><strong>pmmmm</strong></span> <span class='ocrx_word' id='word_1_190' title='bbox 1505 3624 1579 3676; x_wconf 80' lang='lat' dir='ltr'><strong>uon</strong></span> <span class='ocrx_word' id='word_1_191' title='bbox 1602 3607 1635 3676; x_wconf 82' lang='lat' dir='ltr'><strong>si</strong></span> <span class='ocrx_word' id='word_1_192' title='bbox 1658 3625 1771 3697; x_wconf 82' lang='lat' dir='ltr'><strong>curse,</strong></span> <span class='ocrx_word' id='word_1_193' title='bbox 1792 3603 1896 3697; x_wconf 77' lang='lat' dir='ltr'><strong>idest,</strong></span> 
     </span>
     <span class='ocr_line' id='line_1_24' title="bbox 723 3721 1895 3818; baseline 0.002 -22"><span class='ocrx_word' id='word_1_194' title='bbox 723 3741 913 3817; x_wconf 88' lang='lat' dir='ltr'><strong>nunquam</strong></span> <span class='ocrx_word' id='word_1_195' title='bbox 939 3722 987 3796; x_wconf 89' lang='lat' dir='ltr'><strong>ab</strong></span> <span class='ocrx_word' id='word_1_196' title='bbox 1013 3721 1085 3797; x_wconf 87' lang='lat' dir='ltr'><strong>alio</strong></span> <span class='ocrx_word' id='word_1_197' title='bbox 1109 3721 1289 3817; x_wconf 86' lang='lat' dir='ltr'><strong>descripta</strong></span> <span class='ocrx_word' id='word_1_198' title='bbox 1312 3723 1379 3796; x_wconf 85' lang='lat' dir='ltr'><strong>suit</strong></span> <span class='ocrx_word' id='word_1_199' title='bbox 1402 3722 1544 3817; x_wconf 81' lang='lat' dir='ltr'><strong>poetice</strong></span> <span class='ocrx_word' id='word_1_200' title='bbox 1568 3723 1768 3818; x_wconf 58' lang='lat' dir='ltr'><strong>intelligam</strong></span> <span class='ocrx_word' id='word_1_201' title='bbox 1788 3731 1827 3798; x_wconf 91' lang='lat' dir='ltr'><strong>et</strong></span> <span class='ocrx_word' id='word_1_202' title='bbox 1843 3723 1895 3798; x_wconf 91' lang='lat' dir='ltr'><strong>sic</strong></span> 
     </span>
     <span class='ocr_line' id='line_1_25' title="bbox 722 3839 1895 3940; baseline 0.003 -24"><span class='ocrx_word' id='word_1_203' title='bbox 722 3849 777 3916; x_wconf 78' lang='lat' dir='ltr'><strong>est</strong></span> <span class='ocrx_word' id='word_1_204' title='bbox 802 3842 906 3936; x_wconf 86' lang='lat' dir='ltr'><strong>quasi</strong></span> <span class='ocrx_word' id='word_1_205' title='bbox 935 3861 1038 3916; x_wconf 90' lang='lat' dir='ltr'><strong>mare</strong></span> <span class='ocrx_word' id='word_1_206' title='bbox 1055 3861 1237 3916; x_wconf 86' lang='lat' dir='ltr'><strong>oceanum</strong></span> <span class='ocrx_word' id='word_1_207' title='bbox 1258 3863 1333 3916; x_wconf 90' lang='lat' dir='ltr'><strong>uon</strong></span> <span class='ocrx_word' id='word_1_208' title='bbox 1351 3843 1564 3940; x_wconf 87' lang='lat' dir='ltr'><strong>navigatum</strong></span> <span class='ocrx_word' id='word_1_209' title='bbox 1580 3844 1739 3937; x_wconf 90' lang='lat' dir='ltr'><strong>amplius</strong></span> <span class='ocrx_word' id='word_1_210' title='bbox 1754 3844 1803 3919; x_wconf 89' lang='lat' dir='ltr'><strong>ab</strong></span> <span class='ocrx_word' id='word_1_211' title='bbox 1822 3839 1895 3919; x_wconf 80' lang='lat' dir='ltr'><strong>alio</strong></span> 
     </span>
     <span class='ocr_line' id='line_1_26' title="bbox 721 3961 1893 4058; baseline 0 -21"><span class='ocrx_word' id='word_1_212' title='bbox 721 3983 834 4058; x_wconf 83' lang='lat' dir='ltr'><strong>quarn</strong></span> <span class='ocrx_word' id='word_1_213' title='bbox 861 3961 909 4038; x_wconf 87' lang='lat' dir='ltr'><strong>ab</strong></span> <span class='ocrx_word' id='word_1_214' title='bbox 933 3981 988 4037; x_wconf 89' lang='lat' dir='ltr'><strong>eo.</strong></span> <span class='ocrx_word' id='word_1_215' title='bbox 1015 3963 1060 4036; x_wconf 85' lang='lat' dir='ltr'><strong>Et</strong></span> <span class='ocrx_word' id='word_1_216' title='bbox 1085 3968 1172 4037; x_wconf 86' lang='lat' dir='ltr'><strong>nota</strong></span> <span class='ocrx_word' id='word_1_217' title='bbox 1196 3962 1296 4056; x_wconf 89' lang='lat' dir='ltr'><strong>quod</strong></span> <span class='ocrx_word' id='word_1_218' title='bbox 1321 3970 1428 4057; x_wconf 84' lang='lat' dir='ltr'><strong>poeta</strong></span> <span class='ocrx_word' id='word_1_219' title='bbox 1448 3963 1543 4039; x_wconf 90' lang='lat' dir='ltr'><strong>bene</strong></span> <span class='ocrx_word' id='word_1_220' title='bbox 1570 3963 1666 4038; x_wconf 92' lang='lat' dir='ltr'><strong>dicit.</strong></span> <span class='ocrx_word' id='word_1_221' title='bbox 1688 3964 1776 4051; x_wconf 84' lang='lat' dir='ltr'><strong>Quis</strong></span> <span class='ocrx_word' id='word_1_222' title='bbox 1795 3962 1893 4038; x_wconf 89' lang='lat' dir='ltr'><strong>enim</strong></span> 
     </span>
    </p>
   </div>
   <div class='ocr_carea' id='block_1_3' title="bbox 573 4067 1896 4178">
    <p class='ocr_par' dir='ltr' id='par_1_3' title="bbox 573 4067 1896 4178">
     <span class='ocr_line' id='line_1_27' title="bbox 573 4067 1896 4178; baseline 0.001 -20"><span class='ocrx_word' id='word_1_223' title='bbox 573 4067 576 4074; x_wconf 67' lang='grc'><strong>’</strong></span> <span class='ocrx_word' id='word_1_224' title='bbox 651 4155 652 4160; x_wconf 12' lang='lat' dir='ltr'><strong>i</strong></span> <span class='ocrx_word' id='word_1_225' title='bbox 722 4105 886 4178; x_wconf 87' lang='lat' dir='ltr'><strong>unquam</strong></span> <span class='ocrx_word' id='word_1_226' title='bbox 905 4082 1125 4178; x_wconf 85' lang='lat' dir='ltr'><strong>excogitavit</strong></span> <span class='ocrx_word' id='word_1_227' title='bbox 1142 4083 1265 4157; x_wconf 84' lang='lat' dir='ltr'><strong>facere</strong></span> <span class='ocrx_word' id='word_1_228' title='bbox 1282 4104 1398 4157; x_wconf 92' lang='lat' dir='ltr'><strong>unum</strong></span> <span class='ocrx_word' id='word_1_229' title='bbox 1416 4084 1553 4159; x_wconf 89' lang='lat' dir='ltr'><strong>coetum</strong></span> <span class='ocrx_word' id='word_1_230' title='bbox 1569 4083 1770 4177; x_wconf 83' lang='lat' dir='ltr'><strong>artificiale,</strong></span> <span class='ocrx_word' id='word_1_231' title='bbox 1783 4085 1896 4177; x_wconf 86' lang='lat' dir='ltr'><strong>quate</strong></span> 
     </span>
    </p>
   </div>
   <div class='ocr_carea' id='block_1_4' title="bbox 721 4203 1894 4300">
    <p class='ocr_par' dir='ltr' id='par_1_4' title="bbox 721 4203 1894 4300">
     <span class='ocr_line' id='line_1_28' title="bbox 721 4203 1894 4300; baseline -0.001 -23"><span class='ocrx_word' id='word_1_232' title='bbox 721 4205 779 4280; x_wconf 89' lang='lat' dir='ltr'><strong>hic</strong></span> <span class='ocrx_word' id='word_1_233' title='bbox 797 4207 904 4298; x_wconf 87' lang='lat' dir='ltr'><strong>poeta</strong></span> <span class='ocrx_word' id='word_1_234' title='bbox 931 4203 1131 4276; x_wconf 77' lang='lat' dir='ltr'><strong>mirabilis?</strong></span> <span class='ocrx_word' id='word_1_235' title='bbox 1155 4203 1200 4276; x_wconf 79' lang='lat' dir='ltr'><strong>nt</strong></span> <span class='ocrx_word' id='word_1_236' title='bbox 1223 4205 1261 4276; x_wconf 92' lang='lat' dir='ltr'><strong>in</strong></span> <span class='ocrx_word' id='word_1_237' title='bbox 1278 4204 1348 4277; x_wconf 87' lang='lat' dir='ltr'><strong>boc</strong></span> <span class='ocrx_word' id='word_1_238' title='bbox 1365 4204 1527 4300; x_wconf 82' lang='lat' dir='ltr'><strong>tangitur</strong></span> <span class='ocrx_word' id='word_1_239' title='bbox 1544 4203 1679 4280; x_wconf 85' lang='lat' dir='ltr'><strong>eximia</strong></span> <span class='ocrx_word' id='word_1_240' title='bbox 1701 4224 1894 4278; x_wconf 89' lang='lat' dir='ltr'><strong>commen-</strong></span> 
     </span>
    </p>
   </div>
   <div class='ocr_carea' id='block_1_5' title="bbox 719 4323 2043 4419">
    <p class='ocr_par' dir='ltr' id='par_1_5' title="bbox 719 4323 2043 4419">
     <span class='ocr_line' id='line_1_29' title="bbox 719 4323 2043 4419; baseline -0.002 -20"><span class='ocrx_word' id='word_1_241' title='bbox 719 4323 818 4399; x_wconf 93' lang='lat' dir='ltr'><strong>datio</strong></span> <span class='ocrx_word' id='word_1_242' title='bbox 844 4323 957 4397; x_wconf 90' lang='lat' dir='ltr'><strong>nostri</strong></span> <span class='ocrx_word' id='word_1_243' title='bbox 983 4333 1112 4418; x_wconf 82' lang='lat' dir='ltr'><strong>poctae,</strong></span> <span class='ocrx_word' id='word_1_244' title='bbox 1139 4323 1225 4418; x_wconf 86' lang='lat' dir='ltr'><strong>quia</strong></span> <span class='ocrx_word' id='word_1_245' title='bbox 1251 4344 1362 4398; x_wconf 89' lang='lat' dir='ltr'><strong>nemo</strong></span> <span class='ocrx_word' id='word_1_246' title='bbox 1389 4345 1554 4418; x_wconf 90' lang='lat' dir='ltr'><strong>uuquam</strong></span> <span class='ocrx_word' id='word_1_247' title='bbox 1579 4332 1666 4400; x_wconf 88' lang='lat' dir='ltr'><strong>ante</strong></span> <span class='ocrx_word' id='word_1_248' title='bbox 1692 4345 1779 4400; x_wconf 91' lang='lat' dir='ltr'><strong>eum</strong></span> <span class='ocrx_word' id='word_1_249' title='bbox 1806 4345 1895 4419; x_wconf 83' lang='lat' dir='ltr'><strong>poc-</strong></span> <span class='ocrx_word' id='word_1_250' title='bbox 2036 4344 2043 4350; x_wconf 84' lang='lat'>·</span> 
     </span>
    </p>
   </div>
   <div class='ocr_carea' id='block_1_6' title="bbox 719 4443 1894 4902">
    <p class='ocr_par' dir='ltr' id='par_1_6' title="bbox 719 4443 1894 4902">
     <span class='ocr_line' id='line_1_30' title="bbox 720 4443 1894 4540; baseline -0.001 -22"><span class='ocrx_word' id='word_1_251' title='bbox 720 4443 790 4520; x_wconf 86' lang='lat' dir='ltr'><strong>tioc</strong></span> <span class='ocrx_word' id='word_1_252' title='bbox 815 4443 1003 4538; x_wconf 86' lang='lat' dir='ltr'><strong>descripsit</strong></span> <span class='ocrx_word' id='word_1_253' title='bbox 1027 4443 1249 4539; x_wconf 88' lang='lat' dir='ltr'><strong>paradisum,</strong></span> <span class='ocrx_word' id='word_1_254' title='bbox 1270 4444 1435 4519; x_wconf 87' lang='lat' dir='ltr'><strong>similiter</strong></span> <span class='ocrx_word' id='word_1_255' title='bbox 1461 4465 1530 4520; x_wconf 91' lang='lat' dir='ltr'><strong>nec</strong></span> <span class='ocrx_word' id='word_1_256' title='bbox 1554 4443 1833 4540; x_wconf 68' lang='lat' dir='ltr'><strong>purgatorium</strong></span> <span class='ocrx_word' id='word_1_257' title='bbox 1855 4448 1894 4519; x_wconf 88' lang='lat' dir='ltr'><strong>ct</strong></span> 
     </span>
     <span class='ocr_line' id='line_1_31' title="bbox 719 4563 1890 4660; baseline -0.002 -20"><span class='ocrx_word' id='word_1_258' title='bbox 719 4566 771 4640; x_wconf 91' lang='lat' dir='ltr'><strong>sic</strong></span> <span class='ocrx_word' id='word_1_259' title='bbox 796 4585 867 4640; x_wconf 89' lang='lat' dir='ltr'><strong>non</strong></span> <span class='ocrx_word' id='word_1_260' title='bbox 894 4563 1021 4639; x_wconf 88' lang='lat' dir='ltr'><strong>habuit</strong></span> <span class='ocrx_word' id='word_1_261' title='bbox 1045 4583 1159 4657; x_wconf 89' lang='lat' dir='ltr'><strong>quem</strong></span> <span class='ocrx_word' id='word_1_262' title='bbox 1187 4563 1395 4640; x_wconf 92' lang='lat' dir='ltr'><strong>imitaretur</strong></span> <span class='ocrx_word' id='word_1_263' title='bbox 1419 4565 1457 4638; x_wconf 92' lang='lat' dir='ltr'><strong>in</strong></span> <span class='ocrx_word' id='word_1_264' title='bbox 1480 4565 1626 4640; x_wconf 91' lang='lat' dir='ltr'><strong>duabus</strong></span> <span class='ocrx_word' id='word_1_265' title='bbox 1650 4564 1818 4660; x_wconf 89' lang='lat' dir='ltr'><strong>partibus</strong></span> <span class='ocrx_word' id='word_1_266' title='bbox 1833 4565 1890 4638; x_wconf 90' lang='lat' dir='ltr'><strong>sui</strong></span> 
     </span>
     <span class='ocr_line' id='line_1_32' title="bbox 719 4683 1893 4781; baseline -0.003 -22"><span class='ocrx_word' id='word_1_267' title='bbox 719 4685 906 4780; x_wconf 88' lang='lat' dir='ltr'><strong>poematis.</strong></span> <span class='ocrx_word' id='word_1_268' title='bbox 933 4685 1119 4759; x_wconf 82' lang='lat' dir='ltr'><strong>internum</strong></span> <span class='ocrx_word' id='word_1_269' title='bbox 1147 4704 1237 4760; x_wconf 89' lang='lat' dir='ltr'><strong>vero</strong></span> <span class='ocrx_word' id='word_1_270' title='bbox 1262 4683 1291 4758; x_wconf 93' lang='lat' dir='ltr'><strong>si</strong></span> <span class='ocrx_word' id='word_1_271' title='bbox 1315 4686 1500 4760; x_wconf 85' lang='lat' dir='ltr'><strong>Homerus</strong></span> <span class='ocrx_word' id='word_1_272' title='bbox 1523 4685 1666 4781; x_wconf 91' lang='lat' dir='ltr'><strong>scripsit</strong></span> <span class='ocrx_word' id='word_1_273' title='bbox 1694 4704 1828 4780; x_wconf 80' lang='lat' dir='ltr'><strong>graece,</strong></span> <span class='ocrx_word' id='word_1_274' title='bbox 1854 4691 1893 4758; x_wconf 91' lang='lat' dir='ltr'><strong>et</strong></span> 
     </span>
     <span class='ocr_line' id='line_1_33' title="bbox 720 4805 1891 4902; baseline 0 -24"><span class='ocrx_word' id='word_1_275' title='bbox 720 4805 889 4902; x_wconf 75' lang='lat' dir='ltr'><strong>Virgilius</strong></span> <span class='ocrx_word' id='word_1_276' title='bbox 913 4805 1035 4899; x_wconf 84' lang='lat' dir='ltr'><strong>iatine,</strong></span> <span class='ocrx_word' id='word_1_277' title='bbox 1061 4812 1184 4880; x_wconf 86' lang='lat' dir='ltr'><strong>tamen</strong></span> <span class='ocrx_word' id='word_1_278' title='bbox 1217 4807 1378 4880; x_wconf 89' lang='lat' dir='ltr'><strong>muitum</strong></span> <span class='ocrx_word' id='word_1_279' title='bbox 1409 4805 1518 4901; x_wconf 88' lang='lat' dir='ltr'><strong>nude,</strong></span> <span class='ocrx_word' id='word_1_280' title='bbox 1544 4807 1706 4883; x_wconf 86' lang='lat' dir='ltr'><strong>breviter</strong></span> <span class='ocrx_word' id='word_1_281' title='bbox 1738 4814 1777 4880; x_wconf 90' lang='lat' dir='ltr'><strong>ct</strong></span> <span class='ocrx_word' id='word_1_282' title='bbox 1801 4826 1891 4882; x_wconf 86' lang='lat' dir='ltr'><strong>con·</strong></span> 
     </span>
    </p>
   </div>
   <div class='ocr_carea' id='block_1_7' title="bbox 782 5061 1825 5130">
    <p class='ocr_par' dir='ltr' id='par_1_7' title="bbox 782 5061 1825 5130">
     <span class='ocr_line' id='line_1_34' title="bbox 782 5061 1825 5130; baseline 0.004 -18"><span class='ocrx_word' id='word_1_283' title='bbox 782 5061 809 5124; x_wconf 80' lang='lat'><strong>(¹)</strong></span> <span class='ocrx_word' id='word_1_284' title='bbox 826 5067 849 5123; x_wconf 74' lang='lat' dir='ltr'><strong>t,</strong></span> <span class='ocrx_word' id='word_1_285' title='bbox 866 5063 897 5112; x_wconf 88' lang='lat' dir='ltr'><strong>ad</strong></span> <span class='ocrx_word' id='word_1_286' title='bbox 914 5063 1077 5114; x_wconf 85' lang='lat' dir='ltr'><strong>audiendum.</strong></span> <span class='ocrx_word' id='word_1_287' title='bbox 1172 5063 1199 5126; x_wconf 80' lang='lat'><strong>(¹)</strong></span> <span class='ocrx_word' id='word_1_288' title='bbox 1216 5063 1247 5114; x_wconf 81' lang='lat' dir='ltr'><strong>E.</strong></span> <span class='ocrx_word' id='word_1_289' title='bbox 1262 5063 1332 5126; x_wconf 87' lang='lat' dir='ltr'><strong>iibri,</strong></span> <span class='ocrx_word' id='word_1_290' title='bbox 1348 5065 1449 5116; x_wconf 78' lang='lat' dir='ltr'><strong>diceus:</strong></span> <span class='ocrx_word' id='word_1_291' title='bbox 1465 5079 1526 5117; x_wconf 87' lang='lat' dir='ltr'><strong>non.</strong></span> <span class='ocrx_word' id='word_1_292' title='bbox 1620 5065 1647 5130; x_wconf 82' lang='lat'><strong>(⁸)</strong></span> <span class='ocrx_word' id='word_1_293' title='bbox 1664 5066 1695 5116; x_wconf 81' lang='lat' dir='ltr'><strong>li.</strong></span> <span class='ocrx_word' id='word_1_294' title='bbox 1711 5071 1825 5130; x_wconf 83' lang='lat' dir='ltr'><strong>propter.</strong></span> 
     </span>
    </p>
   </div>
   <div class='ocr_carea' id='block_1_8' title="bbox 0 0 2292 6842">
    <p class='ocr_par' dir='ltr' id='par_1_8' title="bbox 0 0 2292 6842">
     <span class='ocr_line' id='line_1_35' title="bbox 0 0 2292 6842; baseline 0 2"><span class='ocrx_word' id='word_1_295' title='bbox 0 0 2292 6842; x_wconf 95' lang='lat' dir='ltr'><strong> </strong></span> 
     </span>
    </p>
   </div>
  </div>
 </body>
</html>
