4575 6842
723 963 863 1020 cunctis
886 967 1076 1021 tremus
1101 967 1264 1021 TERTIUS.
1520 956 1567 1022 65

394 1109 492 1204 ilhc,
518 1107 660 1184 dicens:
691 1111 805 1182 cosmi
820 1111 880 1182 clu
900 1111 948 1182 mi
964 1130 1012 1182 vu
1036 1112 1197 1200 uumnzi,
1217 1109 1364 1202 scilicet,
1383 1109 1566 1208 Virgilius,

396 1234 445 1304 nti
468 1233 563 1304 colse
585 1231 624 1304 ut
648 1232 762 1322 quella
786 1231 871 1320 vitu,
896 1249 992 1304 vana
1009 1236 1047 1304 et
1069 1229 1211 1324 vitiosa,
1229 1231 1348 1303 talu*
1360 1233 1439 1322 ten,
1470 1232 1567 1308 rorte

397 1371 462 1426 sex
488 1349 616 1426 diebus
640 1355 738 1443 ente,
764 1353 906 1440 wuido
930 1352 968 1422 tu
992 1369 1101 1423 ruera
1130 1351 1169 1423 di
1184 1351 1286 1441 cotun,
1304 1349 1451 1443 scilicet,
1478 1351 1566 1426 iuna

398 1491 503 1546 sumr
528 1469 623 1563 sutis,
649 1469 715 1564 qui
739 1468 889 1544 suerunt
912 1470 1059 1566 gemelli
1085 1471 1161 1544 nati
1181 1490 1228 1544 ex
1247 1491 1324 1544 uno
1343 1475 1448 1565 petre
1464 1470 1564 1564 Jove,

399 1611 492 1685 ques
507 1589 619 1664 simui
633 1596 783 1684 peperat
804 1589 952 1683 Latona,
971 1596 1013 1662 ut
1030 1589 1169 1664 dictum
1187 1595 1253 1684 est,
1271 1589 1309 1662 in
1331 1590 1448 1664 insula
1465 1589 1566 1684 Delo,
1703 1577 1709 1584 ’

400 1714 435 1784 vi
457 1715 488 1785 si
512 1701 644 1784 ntosud
660 1712 782 1801 tunde,
799 1710 1073 1803 quartadecima
1091 1710 1213 1787 martii
1231 1710 1309 1786 soie
1320 1704 1357 1803 (¹)
1374 1711 1412 1785 iu
1428 1711 1567 1804 eriete3

399 1831 504 1926 qrmsi
527 1829 643 1905 dicut:
668 1830 706 1919 in
731 1829 828 1904 boue
854 1836 891 1905 et
916 1829 1008 1904 ieiici
1037 1837 1187 1926 punctu,
1213 1829 1263 1904 ita
1294 1830 1392 1925 quud
1421 1851 1567 1926 semper

397 1950 445 2025 de
468 1950 567 2024 bunc
590 1949 628 2024 in
653 1947 804 2044 meiius3
830 1949 911 2024 ideo
935 1949 1039 2023 dicit:
1056 1952 1154 2023 itcol
1170 1953 1317 2023 nmcuui
1329 1976 1341 2022 :
1357 1954 1479 2042 coetui,
1496 1950 1568 2026 sci·

399 2069 493 2163 licet,
518 2069 689 2165 Virgilius
714 2067 982 2145 valentissimus
1009 2070 1258 2165 preveniente
1286 2071 1405 2145 divina
1435 2072 1566 2168 gratie,

399 2197 536 2264 metato
560 2191 678 2282 m'da,
710 2210 842 2264 senum
868 2191 1084 2285 meatuum,
1114 2213 1183 2284 per
1208 2194 1244 2265 lu
1266 2195 1450 2286 profonda
1474 2200 1568 2267 noue

398 2312 447 2384 da
472 2313 548 2384 ucri
576 2313 695 2401 murti,
720 2310 823 2404 idest,
853 2311 1070 2406 profundam
1104 2304 1303 2405 noctemffl
1334 2313 1478 2407 inserui,
1504 2313 1566 2387 ubi

399 2435 485 2505 sunt
510 2451 600 2506 vere
625 2431 761 2504 mortui
778 2431 857 2506 siue
874 2453 948 2528 spe,
967 2453 1040 2506 non
1061 2431 1155 2507 sicut
1175 2433 1224 2506 ilii
1242 2433 1305 2528 qui
1323 2433 1461 2508 suntin
1480 2456 1569 2528 pur·

397 2551 555 2648 gatorie,
588 2573 655 2625 con
679 2559 799 2643 questa
824 2573 910 2625 uera
933 2574 1056 2645 carne,
1088 2553 1171 2628 ideo
1195 2552 1279 2628 iacit
1311 2553 1496 2649 umbram,
1522 2556 1568 2629 de

400 2692 474 2766 qua
509 2671 704 2765 miramini,
735 2673 795 2744 circ
810 2673 836 2745 ’t
866 2675 1030 2764 seconcia,
1055 2672 1158 2768 idest,
1190 2673 1360 2768 sequitur
1388 2694 1476 2748 eum
1506 2694 1566 2748 se-

400 2792 520 2868 cunde
545 2797 581 2867 et
606 2811 791 2887 prospere.
806 2795 956 2866 -Indt
984 2792 1048 2867 Hic
1073 2799 1182 2888 poeta
1206 2801 1352 2868 ostenso
1379 2795 1567 2888 quomodo

399 2911 584 2987 descendit
607 2911 654 2986 ad
678 2910 862 2986 infernum
888 2911 1046 2986 ducente
1059 2901 1096 3004 (Β)
1118 2912 1280 3009 Virgilio,
1297 2912 1451 2988 ostendit
1471 2933 1566 3007 quu-

402 3031 510 3104 mudu
527 3029 688 3105 ascendit
705 3030 959 3126 purgatorium
978 3051 1063 3105 cum
1083 3031 1225 3106 eudem.
1240 3031 1341 3106 Unde
1357 3032 1456 3106 dicit:
1471 3035 1566 3123 Indi,

400 3150 502 3243 idest,
529 3169 575 3224 ex
601 3148 662 3224 ilio
692 3149 845 3244 inferno,
877 3149 939 3224 ubi
969 3171 1175 3244 numquam
1207 3151 1306 3225 lucet
1338 3152 1403 3246 sui,
1436 3154 1565 3224 m'tuu

400 3276 506 3344 trctto
522 3291 563 3344 ru
586 3272 612 3343 c·
635 3273 713 3344 suoi
727 3273 891 3364 conserti,
909 3269 955 3344 ad
978 3273 1234 3366 purgatorium
1253 3291 1318 3366 per
1336 3271 1435 3365 quud
1454 3292 1565 3345 num·

400 3411 512 3484 quam
538 3389 613 3463 itur
638 3388 706 3464 nisi
732 3390 878 3466 lucente
902 3390 990 3484 sole,
1015 3393 1172 3483 calcudu,
1197 3389 1299 3486 idest,
1324 3390 1567 3485 ascendendo,

400 3509 463 3585 ubi
489 3508 525 3582 iu
551 3509 693 3584 interne
719 3529 865 3603 semper
892 3509 1051 3584 tenditur
1074 3508 1261 3604 deorsum,
1285 3513 1513 3600 erimardo
1532 3512 1568 3582 la

401 3637 604 3724 mentuque,
633 3629 735 3724 idest,
762 3629 990 3705 circulariter
1015 3629 1147 3725 eundo,
1172 3633 1232 3704 cte
1248 3633 1377 3704 drizzu
1394 3634 1464 3721 voi,
1482 3651 1566 3704 ver·

400 3771 463 3824 sus
487 3751 618 3844 Deum,
645 3752 705 3823 cde
717 3753 742 3823 ’t
764 3752 893 3824 mondo
910 3754 983 3844 [ccc
1002 3753 1106 3840 terd-
1127 3750 1214 3844 quia
1231 3751 1335 3824 abusi
1354 3750 1439 3825 estis
1457 3749 1568 3824 rebus

403 3868 604 3944 mundanis.
632 3869 676 3942 Et
700 3869 821 3943 subdit
846 3889 947 3964 spem
975 3869 1190 3964 promissam
1219 3869 1284 3944 sibi
1306 3870 1495 3945 defuturo
1514 3869 1570 3943 di·

402 4009 507 4064 cens:
534 3995 570 4065 et
595 3989 655 4064 ille
680 3988 862 4084 VirgiliuS‚
890 3992 963 4063 dice
980 3992 1018 4062 di
1037 3991 1151 4082 [armi
1169 3997 1265 4062 tunm
1281 4011 1347 4062 suu
1368 4011 1569 4082 cumpcqna
1722 4051 1724 4055 ,

402 4111 453 4182 cd'
464 4114 499 4182 iu
515 4103 599 4183 card
616 4099 652 4182 ld
669 4111 757 4182 doce
769 4111 821 4201 fia
839 4112 1009 4200 ucat-tn,
1025 4108 1171 4202 scilicet,
1190 4109 1227 4181 in
1244 4109 1437 4185 cacumine
1461 4131 1568 4183 muu-

402 4231 456 4304 tis.
484 4231 528 4305 Et
551 4229 655 4305 dicit:
682 4231 776 4320 quivi
800 4233 943 4303 eunucu
967 4231 1027 4303 circ
1055 4250 1165 4302 ccuzu
1189 4231 1238 4302 tui
1265 4233 1446 4322 mutaque,
1481 4229 1565 4323 quie

404 4371 476 4424 uon
501 4350 610 4425 habet
634 4350 711 4424 elas
735 4349 782 4423 ed
798 4349 965 4424 altiorem
983 4349 1159 4422 volatum.
1182 4348 1224 4421 Et
1240 4349 1403 4423 declaret
1421 4356 1568 4422 utrum-

403 4491 477 4564 que
501 4470 647 4563 ducem,
672 4469 813 4545 dicens:
850 4471 990 4559 Vircilio
1020 4465 1040 4543 e*
1071 4471 1191 4561 quest,
1222 4468 1285 4562 qui
1319 4467 1414 4542 sicut
1445 4474 1568 4563 pastor

402 4589 521 4663 honus
545 4610 631 4664 cum
659 4589 760 4684 virge
787 4608 854 4662 sua
889 4607 950 4662 me
980 4586 1112 4662 direxit
1143 4589 1346 4682 hucusque,
1374 4594 1411 4662 et
1438 4588 1569 4684 diriget

404 4728 521 4801 usque
545 4707 592 4783 ad
618 4728 821 4801 summum,
846 4711 906 4780 etc
930 4699 1001 4780 cori
1026 4710 1073 4779 mi
1097 4709 1184 4800 dice,
1213 4712 1250 4781 et
1273 4707 1380 4782 saciet
1399 4715 1442 4780 ut
1466 4708 1566 4802 dicit3

402 4835 435 4902 ct
449 4821 618 4918 additdm,
634 4827 738 4921 idest,
756 4826 868 4924 digito
884 4825 1022 4902 ostendi
1041 4846 1148 4919 eum;
1168 4847 1187 4898 e
1207 4829 1312 4918 quest
1325 4829 1421 4900 ultra
1437 4823 1458 4901 ε’
1475 4830 1570 4919 quet-

466 5017 492 5080 ζ’)
509 5021 563 5078 117,
579 5016 634 5068 tole
650 5019 761 5068 intrante
777 5017 804 5068 iu
819 5017 908 5068 ariete.
1072 5013 1100 5078 (¹)
1118 5021 1172 5076 11⁷,
1190 5015 1292 5067 ratium.

466 5093 494 5156 Γ)
510 5093 541 5144 E.
558 5093 625 5144 duce
639 5091 757 5157 Virgilio.

536 5200 575 5246 tt.
1424 5199 1438 5242 ὖ
