4575 6842
731 941 803 1010 eet
1122 952 1329 1009 munorum
1354 953 1519 1006 rnnrorsr
1545 1011 1553 1024 ‚

731 1096 893 1173 mmanis
916 1095 1064 1172 recessit
1081 1095 1128 1170 ab
1145 1095 1343 1172 obsidione.
1361 1098 1466 1171 Nunc
1482 1095 1528 1169 ad
1546 1093 1690 1170 literam
1708 1093 1793 1168 dicit
1809 1094 1903 1169 Bea-

729 1219 820 1292 trir:
835 1223 879 1292 So
888 1219 1124 1313 sosseslatotl
1142 1219 1199 1290 lor
1215 1219 1314 1291 noter
1328 1221 1455 1307 butero,
1468 1215 1570 1310 idest,
1585 1215 1614 1289 si
1632 1216 1803 1290 voluntas
1821 1215 1902 1289 illa-

728 1360 814 1414 rum
839 1338 1073 1413 dominarum
1092 1336 1217 1412 luisset
1235 1337 1399 1431 infracta,
1417 1358 1514 1411 come
1531 1343 1630 1410 lenm
1647 1341 1822 1427 borenzo,
1840 1333 1902 1428 qui

728 1462 858 1536 laurus
885 1459 1007 1534 virens
1032 1478 1105 1532 non
1131 1458 1229 1531 aruit
1248 1457 1294 1533 ad
1311 1458 1502 1554 ignomin
1523 1479 1565 1532 su
1586 1460 1623 1530 ln
1643 1459 1777 1549 orado,
1795 1477 1814 1528 e
1829 1458 1902 1549 seor

730 1583 850 1656 unzin
875 1581 949 1652 allo
973 1599 1039 1652 run
1063 1599 1148 1651 roan
1173 1599 1307 1669 swero,
1333 1577 1436 1672 idest,
1462 1578 1634 1675 rigidum.
1660 1578 1704 1651 lit
1729 1576 1788 1650 bio
1816 1581 1901 1649 nota

731 1701 830 1796 qnod
856 1699 915 1773 bio
940 1698 996 1774 vir
1022 1697 1088 1772 luit
1114 1717 1204 1772 vere
1227 1697 1341 1791 fortis,
1359 1703 1396 1772 et
1418 1697 1502 1772 iecit
1525 1703 1649 1771 aetum
1675 1715 1775 1772 verte
1801 1693 1904 1770 lorti-

731 1821 881 1913 tndinis3
908 1819 1038 1914 primo,
1057 1817 1143 1912 quia
1169 1818 1253 1892 iecit
1275 1817 1521 1893 exelectione
1543 1825 1582 1892 et
1606 1817 1824 1909 deliberate3
1843 1835 1902 1890 se-

731 1939 863 2032 cundo,
885 1937 971 2032 qnia
996 1937 1042 2012 ad
1067 1937 1207 2012 bonnm
1225 1936 1348 2030 linem,
1366 1936 1501 2012 scilieet
1517 1957 1585 2031 pro
1602 1937 1719 2031 patria
1739 1943 1777 2010 et
1792 1935 1904 2010 liber-

730 2059 813 2134 tatis
838 2057 1067 2152 detensione3
1094 2056 1214 2151 tertio,
1236 2057 1322 2152 qnia
1346 2057 1415 2132 init
1439 2057 1542 2131 tortis
1566 2057 1604 2130 in
1628 2055 1844 2148 invadendo,
1865 2054 1902 2128 in

731 2176 915 2274 fugiendo,
934 2184 972 2252 et
992 2177 1030 2251 in
1046 2177 1302 2271 substinendo;
1328 2198 1415 2251 nom
1441 2182 1569 2271 sponte
1597 2175 1731 2250 subivit
1755 2195 1901 2270 poenam

731 2297 835 2394 ignis,
861 2297 925 2390 qui
951 2303 1006 2372 est
1031 2295 1149 2392 magis
1172 2297 1368 2372 nlilictivus
1392 2317 1507 2390 qnam
1524 2317 1642 2391 aqun3
1668 2288 1738 2368 cori
1762 2297 1903 2368 raom

730 2419 856 2511 robiate
875 2438 944 2510 per
969 2420 1005 2490 lo
1029 2420 1169 2507 ruodo,
1186 2417 1273 2492 illud
1295 2418 1390 2492 velle
1410 2417 1596 2514 integrum
1621 2417 1700 2491 illas
1725 2416 1902 2509 dominns,

731 2541 823 2612 onde
839 2559 928 2611 mon
945 2545 1060 2628 notu,
1086 2538 1265 2613 violenter
1288 2544 1325 2612 et
1348 2538 1503 2614 libenter
1524 2537 1735 2612 retraxisset
1751 2537 1798 2610 ad
1818 2535 1904 2610 reli·

732 2658 892 2754 gionem‚
911 2679 1007 2731 come
1028 2662 1258 2752 surandela,
1276 2659 1313 2732 in
1337 2659 1505 2734 libertate
1521 2680 1599 2733 suo.
1621 2659 1665 2732 Et
1689 2657 1736 2732 ad
1760 2657 1903 2750 aliqua-

731 2777 804 2851 lem
832 2777 1106 2853 exensationem
1133 2778 1296 2873 ipsarum
1321 2778 1436 2853 addit:
1469 2799 1530 2850 mo
1558 2770 1629 2851 cosi
1657 2780 1761 2850 solda
1785 2778 1903 2867 enutio

731 2894 900 2990 troppo
924 2902 1033 2992 roda,
1060 2899 1097 2971 in
1122 2898 1210 2972 viris
1240 2897 1406 2991 sortibus,
1436 2897 1573 2972 nedum
1600 2897 1637 2970 in
1671 2895 1897 2971 mulieribus

732 3017 775 3090 Et
800 3017 983 3092 concludit
1008 3018 1175 3092 Beatrix:
1202 3038 1308 3110 oper
1332 3025 1447 3110 queste
1464 3018 1602 3109 parole,
1619 3038 1657 3090 se
1671 3019 1792 3090 neoto
1815 3019 1902 3089 Μαι·

732 3157 828 3210 corne
852 3140 920 3227 det,
946 3158 1032 3212 cum
1058 3139 1259 3213 attentione
1289 3138 1326 3211 in
1359 3144 1584 3230 mentetua,
1616 3133 1903 3229 tear-yonam

732 3277 848 3347 corso,
873 3258 972 3351 quod
998 3257 1155 3332 faciebas
1179 3264 1308 3332 contra
1335 3280 1397 3333 me
1420 3259 1468 3332 de
1498 3257 1739 3332 diminutione
1771 3257 1903 3350 meriti,

732 3378 792 3450 ode
817 3380 959 3450 taurin
980 3383 1070 3472 sotto
1096 3381 1180 3452 noio
1204 3399 1316 3450 annor
1335 3373 1399 3470 ptri
1424 3380 1522 3451 volte.

807 3501 870 3570 Ma
896 3517 940 3569 or
966 3500 990 3570 o·
1013 3501 1263 3571 s'ottvooerso.
1286 3499 1357 3572 ista
1376 3503 1432 3571 est
1452 3503 1586 3590 quarta
1611 3501 1649 3570 ot
1674 3496 1800 3570 ultima
1817 3516 1903 3591 pars

732 3615 925 3711 generalis,
961 3616 997 3690 in
1031 3638 1105 3710 qua
1140 3615 1287 3692 Beatrix
1321 3623 1489 3691 removet
1521 3615 1785 3692 dubitationem
1820 3637 1905 3712 quae

734 3736 854 3809 oritur
879 3735 976 3810 circa
1001 3737 1194 3831 praediota3
1219 3743 1257 3811 et
1286 3737 1405 3832 primo
1436 3737 1687 3811 difficultatem
1720 3736 1904 3812 oontrndi-

733 3855 871 3951 ationis,
889 3857 1030 3932 dicens:
1044 3863 1107 3932 llo
1124 3878 1169 3930 or
1186 3860 1212 3930 o·
1228 3861 1461 3932 sotuaoersa
1481 3880 1531 3933 uo
1549 3861 1644 3931 ultro
1660 3879 1783 3950 passo,
1800 3858 1902 3952 idest,

732 3975 886 4051 dubium
913 3997 1103 4073 magnum,
1121 3979 1269 4051 dinanzi
1292 3981 1368 4070 ooli
1382 3982 1490 4073 omit,
1511 3979 1658 4070 scilieet,
1676 3978 1905 4053 intellectua-

733 4096 840 4189 libus
867 4099 927 4188 tol,
953 4095 1055 4190 idest,
1083 4103 1159 4170 tam
1185 4095 1340 4193 difficile,
1366 4101 1427 4172 cde
1446 4120 1514 4191 per
1537 4107 1570 4172 te
1592 4106 1713 4188 russo,
1730 4098 1809 4172 sine
1831 4118 1904 4192 me,

732 4237 805 4290 noo
822 4219 1032 4310 umorem,
1045 4220 1130 4308 prun
1146 4221 1274 4291 serenti
1291 4221 1397 4310 lasso,
1411 4219 1513 4312 idest,
1526 4219 1699 4315 fatigatus
1715 4219 1753 4292 in
1769 4218 1903 4293 animo.

734 4338 777 4410 Et
801 4338 916 4433 tangit
942 4338 1061 4432 ipsum
1087 4337 1240 4412 dubium
1268 4339 1367 4432 quod
1398 4339 1518 4414 oritur
1549 4361 1596 4415 ex
1630 4339 1775 4414 dnobus
1802 4339 1906 4414 dietis

733 4456 922 4551 superins:
950 4464 986 4532 et
1012 4458 1090 4531 vult
1115 4459 1375 4534 sententialiter
1399 4459 1533 4554 dicere,
1560 4459 1657 4555 quod
1683 4460 1821 4534 dietum
1847 4460 1907 4534 Pi-

733 4577 879 4654 chardae
904 4584 941 4653 et
965 4578 1104 4653 dietum
1122 4579 1297 4654 Beatrieis
1317 4580 1487 4655 videntur
1503 4581 1800 4656 contradictoria:
1818 4601 1904 4656 nam

733 4697 909 4772 Piebarda
935 4697 972 4770 in
1004 4699 1165 4793 capitulo
1193 4700 1413 4794 praecedenti
1445 4701 1545 4796 dixit,
1572 4701 1672 4795 quod
1695 4701 1904 4777 Constantia

735 4837 880 4911 semper
907 4819 1109 4894 retinuerat
1134 4819 1270 4894 bonam
1304 4821 1545 4914 voluntatem,
1569 4829 1607 4896 et
1637 4821 1794 4921 Beatrix'
1817 4822 1905 4897 dixit

735 4935 793 5010 bic
818 4936 918 5028 quod
943 4955 1012 5011 nec
1037 4938 1245 5014 Constantia
1271 4958 1339 5014 nec
1370 4939 1548 5015 Picbarda
1577 4941 1788 5014 babuerunt
1811 4940 1905 5017 inte·

734 5077 841 5155 gram
859 5058 1097 5135 voluntatem.
1111 5061 1189 5135 lloc
1205 5066 1330 5134 antem
1351 5060 1495 5136 videtur
1510 5061 1617 5134 nimis
1634 5060 1907 5157 inconveniens,
