4575 6842
723 951 794 1017 496
1114 957 1320 1014 coununuu
1346 956 1512 1010 rmnnrsr

721 1108 822 1203 pium
857 1126 1001 1199 verum,
1034 1104 1135 1199 quod
1168 1104 1289 1179 nulius
1319 1121 1418 1177 sanae
1450 1100 1583 1175 mentis
1612 1100 1782 1196 negabit3
1815 1099 1897 1173 ideo

720 1229 827 1304 dicit:
854 1249 879 1301 a
903 1228 1064 1321 quelche
1088 1232 1124 1299 tu
1150 1227 1319 1318 dimondi,
1352 1243 1437 1298 cum
1471 1226 1573 1295 tanto
1605 1221 1739 1296 ardore
1772 1220 1896 1313 animi,

721 1339 834 1425 terrui
856 1353 885 1422 it
908 1352 995 1440 ouo,
1024 1345 1161 1421 scilieet
1187 1351 1342 1437 rectum,
1369 1363 1465 1417 come
1490 1344 1571 1415 timi
1594 1344 1622 1415 it
1643 1344 1759 1414 domu
1783 1340 1828 1415 Et
1842 1338 1899 1415 hic

723 1478 809 1547 nota
843 1470 942 1563 quod
976 1473 1085 1545 autor
1119 1467 1267 1541 tenebat
1299 1465 1427 1539 iaciem
1463 1461 1672 1538 inclinatam
1707 1468 1898 1557 premente

723 1589 885 1686 pondere
910 1588 1032 1662 nimiae
1056 1585 1316 1660 admirationis.
1343 1584 1387 1657 Et
1412 1602 1502 1657 vere
1533 1602 1631 1675 saepe
1660 1582 1802 1675 sapiens
1827 1580 1898 1655 mi-

723 1716 839 1804 ratur,
865 1710 964 1783 unde
989 1707 1180 1802 proveniat
1198 1706 1296 1800 quod
1314 1726 1360 1781 er
1379 1704 1458 1779 viro
1488 1703 1703 1798 probissimo
1724 1710 1897 1779 nascatur

722 1830 819 1905 iiiios
836 1831 1040 1921 vilissimus,
1059 1829 1154 1902 sicut
1170 1826 1287 1921 patuit
1304 1826 1342 1901 in
1359 1826 1525 1920 Scipione
1542 1831 1579 1899 et
1596 1824 1782 1917 Cicerone,
1801 1844 1896 1918 quo-

724 1973 808 2023 rum
826 1951 921 2024 alter
938 1948 1065 2023 habuit
1082 1948 1198 2022 iiiium
1216 1946 1326 2023 vilem
1345 1953 1383 2021 et
1401 1946 1558 2039 tristem;
1576 1944 1670 2019 aiter
1688 1964 1761 2018 non
1777 1945 1895 2019 solum

721 2071 861 2145 tristem
889 2068 956 2162 'sed
989 2067 1187 2143 ebriosum.
1223 2066 1294 2141 Sed
1332 2086 1403 2141 non
1436 2065 1628 2161 oportebat
1657 2064 1756 2157 quod
1788 2070 1897 2138 autor

721 2195 863 2285 peteret
893 2188 1041 2266 aliunde
1071 2188 1252 2281 exempla,
1279 2186 1366 2280 quia
1399 2186 1475 2280 ipse
1500 2184 1613 2259 hostis
1638 2183 1801 2258 avaritiae
1831 2184 1897 2257 ha-

721 2310 803 2384 buit
837 2309 952 2383 iiiium
986 2308 1066 2383 eius
1095 2307 1278 2400 amicum;
1305 2306 1387 2381 ideo
1414 2307 1508 2381 bene
1533 2305 1680 2380 tenebat
1713 2304 1841 2379 iaciem
1859 2298 1897 2395 (¹)

725 2431 955 2506 incurvatam
981 2450 1068 2503 curn
1096 2450 1194 2503 nunc
1221 2428 1358 2502 iaceret
1377 2427 1486 2501 talem
1504 2425 1766 2520 quaestionem3
1791 2425 1894 2501 etita

724 2556 899 2625 econtra
924 2548 1054 2623 accidit
1078 2547 1274 2641 aliquando
1300 2547 1399 2640 quod
1417 2566 1464 2621 er
1481 2546 1639 2641 pessimo
1656 2552 1760 2641 patre
1777 2545 1897 2619 oritur

723 2671 883 2765 optimus
908 2669 1140 2741 iiiios-Lo
1157 2674 1241 2741 Bere.
1268 2668 1333 2742 Hic
1358 2668 1512 2742 Carolus
1536 2667 1658 2761 incipit
1677 2666 1898 2762 respondere

724 2791 770 2864 ad
796 2789 949 2864 dubium
965 2779 1016 2881 (²),
1042 2793 1079 2861 et
1103 2808 1171 2882 per
1190 2788 1340 2883 longum
1359 2776 1619 2878 discursanti)
1640 2788 1717 2861 vuit
1734 2786 1897 2861 breviter

617 2906 646 2925 ”
723 2911 856 3003 dicere,
883 2909 983 3003 quod
1007 2908 1053 2982 ad
1080 2909 1174 2983 bene
1206 2928 1286 2983 esse
1319 2907 1446 2981 mundi
1475 2907 1677 3001 requiritur
1706 2908 1897 2982 diversitas
1982 2900 1984 2903 ’

723 3051 965 3125 personarum
992 3048 1076 3123 quae
1101 3028 1263 3123 procedit
1288 3028 1406 3121 primo
1432 3046 1455 3101 a
1480 3046 1591 3103 causa
1608 3026 1742 3122 prima,
1762 3027 1897 3103 scilicet

724 3150 949 3247 providentia
975 3150 1063 3241 Dei;
1090 3150 1251 3223 secundo
1276 3170 1298 3225 a
1324 3170 1437 3225 causa
1468 3149 1642 3241 secunda,
1671 3149 1806 3223 scilicet
1841 3148 1897 3221 in-

723 3272 872 3347 fluentia
903 3270 1006 3363 coeii3
1042 3277 1079 3345 et
1115 3269 1244 3343 ultimo
1276 3269 1323 3343 ab
1352 3268 1530 3343 industria
1563 3269 1780 3343 hominum:
1815 3268 1897 3342 ideo
2045 3344 2046 3347 a

723 3391 842 3487 primo
868 3390 990 3485 incipit
1014 3412 1036 3463 a
1062 3389 1251 3485 praemisso
1275 3388 1462 3484 principio,
1493 3399 1530 3465 et
1560 3388 1646 3463 dicit
1676 3388 1774 3481 quod
1800 3388 1898 3463 Deus

722 3510 904 3587 ordinavit
930 3510 1104 3587 virtutem
1131 3509 1168 3582 in
1193 3510 1293 3584 coeiis
1318 3530 1383 3605 per
1410 3531 1522 3603 quam
1546 3509 1754 3604 producunt
1771 3515 1808 3583 et
1824 3508 1898 3582 dis·

723 3638 865 3728 ponunt
881 3632 918 3704 in
934 3638 1060 3705 actum
1082 3631 1171 3704 iliud
1188 3631 1287 3725 quod
1305 3630 1450 3725 expedit
1468 3630 1651 3705 universo.
1670 3630 1762 3705 Dicit
1782 3651 1896 3727 ergo:
2028 3673 2030 3677 -

725 3758 774 3827 Lo
790 3758 876 3843 Bon,
895 3751 1030 3829 scitieet
1047 3753 1144 3827 Deus
1170 3752 1234 3844 qui
1260 3757 1315 3827 est
1340 3750 1534 3823 immobilis
1561 3749 1648 3844 ipse,
1673 3752 1733 3823 cte
1757 3751 1899 3840 votpea

724 3875 1080 3964 murmureque,
1106 3872 1209 3965 idest,
1236 3872 1386 3964 coelum,
1411 3872 1471 3943 cite
1488 3877 1523 3943 tu
1542 3872 1678 3961 comedi,
1704 3870 1805 3963 idest,
1831 3890 1897 3965 per

725 3994 824 4089 quod
851 3987 888 4065 iu
916 3992 1082 4067 ascendis
1106 3993 1153 4065 de
1179 4012 1285 4085 spera
1311 3991 1346 4063 in
1377 4010 1535 4085 speram,
1562 3994 1606 4084 su
1634 3993 1768 4081 virtut,
1793 3989 1897 4080 idest,

724 4114 964 4207 influentiam,
990 4134 1104 4187 essere
1121 4117 1159 4186 in
1185 4115 1293 4204 queret
1314 4114 1414 4203 corpt'
1428 4114 1573 4203 mandi,
1591 4112 1727 4187 scilicet
1743 4112 1845 4187 coeiis
1861 4118 1899 4185 et

726 4235 888 4331 planetis,
913 4256 980 4310 suo
999 4237 1257 4327 proauorum,
1274 4233 1377 4326 idest,
1395 4252 1460 4327 per
1486 4252 1593 4307 suam
1619 4234 1896 4327 providentiam.

725 4357 769 4430 Et
792 4355 954 4431 declarat
979 4357 1049 4428 hoc
1074 4354 1219 4429 dicens:
1246 4377 1265 4426 e
1288 4374 1360 4427 non
1381 4374 1453 4445 pur
1478 4356 1746 4427 montmoret
1767 4374 1897 4445 prooe-

723 4478 804 4554 dete
827 4476 920 4549 netto
945 4482 1067 4565 meam,
1092 4474 1239 4567 scilicet,
1265 4472 1398 4565 divina,
1416 4468 1497 4547 ct’e*
1520 4476 1569 4546 du
1588 4467 1628 4547 sd
1641 4477 1803 4567 perfetta,
1826 4494 1898 4547 non

724 4596 772 4671 ab
798 4597 870 4670 aiio
895 4596 989 4671 sicut
1020 4602 1165 4671 caeterae
1190 4596 1236 4669 ab
1267 4594 1357 4690 ipso,
1390 4614 1448 4666 nm
1473 4614 1558 4685 esse,
1589 4592 1725 4668 scilicet
1755 4600 1898 4669 naturae

723 4717 850 4811 etiam,
866 4720 1020 4808 income,
1037 4724 1123 4791 sunt
1148 4715 1314 4811 provisae,
1332 4736 1398 4789 con
1415 4716 1452 4787 tu
1472 4717 1528 4787 tor
1544 4716 1666 4807 satum,
1687 4714 1789 4807 idest,
1807 4736 1893 4789 cum

724 4840 826 4914 omui
852 4859 897 4913 eo
923 4838 1022 4931 quod
1048 4837 1193 4931 expedit
1218 4835 1264 4909 ad
1289 4856 1420 4911 earum
1447 4835 1615 4909 salutem.
1644 4834 1687 4907 Et
1712 4835 1895 4913 concludit

787 5022 815 5085 (¹)
832 5024 863 5074 Ε.
879 5024 973 5075 faciem
989 5027 1046 5076 cius
1061 5027 1232 5076 incurvatam.

787 5098 815 5163 (¹)
832 5100 863 5150 li.
879 5100 987 5151 dubium
1003 5102 1176 5165 perlongum
1192 5100 1339 5151 &curcum
1354 5111 1408 5161 quo
1423 5098 1490 5149 ruit.
1613 5098 1641 5161 (ἢ
1657 5102 1682 5161 ι,
1697 5098 1850 5163 digram,
