4575 6842
742 956 812 1023 eto
1100 964 1304 1023 counuruu
1329 966 1548 1023 ruuoauoau

739 1110 995 1205 quartisana
1028 1117 1153 1187 tamen
1187 1110 1236 1187 ita
1265 1110 1366 1205 quod
1396 1109 1489 1185 irem
1515 1130 1581 1205 par
1610 1128 1738 1185 secum
1763 1115 1912 1207 propter

739 1229 890 1307 nimiam
910 1232 1176 1309 reverentiam:
1192 1236 1301 1326 frete,
1320 1238 1428 1309 uocat
1443 1250 1532 1307 eum
1550 1230 1703 1309 tratrem
1721 1238 1762 1305 ut
1788 1239 1912 1311 osteu-

738 1352 800 1429 dat
826 1352 1039 1429 familiarius
1064 1372 1180 1449 agere
1203 1372 1344 1446 secum,
1365 1346 1494 1445 peretd
1515 1372 1589 1425 nott
1614 1354 1638 1425 t'
1650 1355 1783 1444 attenti,
1798 1352 1912 1449 depo-

739 1473 808 1549 sito
827 1473 959 1549 timore
976 1478 1013 1549 et
1029 1472 1182 1568 pudore,
1203 1494 1227 1546 a
1246 1475 1488 1547 dimudormi
1502 1474 1599 1547 omai
1618 1476 1773 1547 petendo
1790 1481 1910 1549 meoet

740 1592 823 1669 Scio
849 1592 947 1669 euim
973 1593 1073 1688 quod
1098 1593 1204 1681 valde
1224 1594 1328 1689 cupis
1351 1600 1477 1689 petere
1492 1593 1523 1667 si
1544 1599 1645 1670 muta
1661 1594 1800 1671 offensa
1816 1595 1910 1671 lacta

742 1714 818 1789 Deo
844 1712 880 1787 in
908 1711 1043 1789 vicario
1068 1733 1136 1787 suo
1162 1713 1440 1807 preteritorum
1458 1714 1911 1808 impunita-conetur

741 1839 847 1929 poeta
874 1832 1029 1909 ostendit
1055 1832 1213 1928 qualiter
1238 1854 1436 1929 persuasus
1455 1854 1478 1909 a
1495 1833 1662 1909 Beatrice
1686 1835 1912 1911 commiserit

740 1974 781 2029 se
807 1960 923 2027 totum
950 1951 1102 2027 arbitrio
1128 1952 1219 2046 eius,
1244 1953 1365 2028 adhuc
1398 1954 1517 2047 primo
1547 1953 1680 2029 timore
1705 1960 1744 2029 et
1774 1956 1912 2031 rubore

740 2072 909 2167 durante,
935 2092 1001 2168 per
1027 2094 1141 2149 unam
1167 2074 1478 2169 comparationem
1510 2073 1748 2150 domesticam
1774 2082 1812 2151 et
1835 2076 1912 2151 cla·

741 2212 834 2286 ram,
855 2191 997 2267 dicens:
1015 2198 1192 2285 Aooenne,
1212 2193 1316 2287 idest,
1337 2192 1540 2290 conligite
1556 2214 1610 2267 me
1626 2211 1723 2267 come
1737 2216 1762 2268 a
1777 2199 1912 2287 ootoro,

739 2313 878 2409 supple,
905 2314 1091 2411 contingit,
1117 2318 1178 2388 ete
1199 2335 1289 2389 sotto
1306 2322 1431 2408 troppo
1447 2318 1620 2389 reverenti
1634 2316 1780 2390 meeum
1795 2319 1835 2389 ot
1848 2337 1913 2391 ouo

739 2437 917 2527 mappior,
935 2433 1029 2509 sicut
1045 2434 1243 2529 discipulus
1268 2454 1394 2509 ooram
1422 2434 1610 2531 magistro,
1631 2438 1826 2527 portando,
1850 2438 1911 2511 ete

740 2576 812 2631 nou
838 2563 991 2646 truppoa
1016 2557 1053 2629 ta
1078 2576 1160 2629 voce
1185 2558 1267 2629 moa
1291 2558 1452 2649 demetenti,
1479 2563 1516 2629 et
1532 2575 1620 2631 eoce
1636 2556 1833 2650 quomodo,
1850 2558 1911 2629 ete

740 2678 973 2767 tucomtnotot,
1007 2677 1146 2771 supple,
1173 2651 1395 2770 respondere
1425 2683 1464 2751 et
1496 2675 1631 2770 dicere,
1662 2698 1771 2751 senza
1800 2680 1912 2753 latero

740 2810 865 2887 suono,
887 2794 989 2889 idest,
1010 2816 1095 2870 cum
1124 2796 1282 2873 tremula
1309 2813 1418 2871 voce:
1442 2799 1639 2889 Medeam,
1657 2800 1715 2869 oot
1737 2804 1913 2871 corwscete

742 2920 814 2989 mio
830 2917 990 3007 ttsopna,
1008 2915 1109 3011 idest,
1128 2916 1288 3012 quidest
1311 2916 1560 2992 necessarium
1579 2915 1677 3009 mihi,
1695 2939 1714 2989 e
1729 2910 1784 2991 eid
1800 2919 1911 2991 ot'od

741 3056 820 3109 esso
845 3032 865 3109 e*
887 3037 1015 3128 morto,
1042 3035 1143 3130 idest,
1162 3042 1200 3113 et
1224 3035 1311 3130 quid
1331 3042 1387 3111 est
1405 3035 1493 3111 utile
1513 3035 1716 3111 necessitati
1745 3057 1849 3111 meae.
1868 3038 1912 3111 ttt

741 3155 798 3231 hic
812 3161 898 3231 nota
912 3154 1007 3231 bene
1020 3154 1118 3249 quod
1130 3160 1238 3250 poeta
1253 3155 1415 3249 loquitur
1425 3154 1531 3232 valde
1543 3156 1726 3250 sapienter
1736 3162 1774 3231 et
1785 3162 1911 3233 caute:

741 3274 821 3349 vult
842 3273 938 3349 eninr
960 3274 1082 3349 dicere
1100 3275 1226 3351 tacite:
1245 3296 1269 3350 o
1286 3275 1382 3350 bona
1398 3275 1559 3369 domina,
1572 3296 1644 3372 ego
1655 3298 1800 3372 possem
1819 3278 1913 3355 torte

741 3399 868 3489 petere
893 3393 940 3469 de
966 3394 1099 3469 tuturis
1125 3416 1209 3488 quae
1235 3415 1308 3469 non
1334 3395 1459 3471 liceret
1486 3395 1575 3469 mihi
1605 3395 1710 3491 scire,
1736 3396 1786 3471 ita
1812 3399 1911 3492 quod

739 3514 863 3611 petitio
890 3535 973 3591 mea
1001 3535 1074 3590 non
1098 3522 1193 3590 esset
1218 3517 1390 3610 honesta3
1410 3517 1493 3593 ideo
1511 3537 1576 3591 vos
1592 3538 1676 3612 quae
1692 3518 1911 3614 cognoscitis

740 3636 828 3730 quid
852 3636 898 3711 sit
923 3635 1010 3711 mihi
1036 3636 1177 3711 bonum
1198 3637 1293 3713 seire
1317 3636 1395 3713 sine
1420 3638 1594 3734 petitione
1620 3658 1702 3713 mea
1729 3637 1913 3732 predicito

741 3757 839 3833 milri.
859 3757 903 3831 Et
923 3756 1045 3833 subdit
1071 3758 1342 3853 responsionem
1361 3759 1545 3854 Beatricis,
1563 3779 1648 3853 quae
1668 3759 1821 3835 ulterius
1839 3779 1913 3837 non
1938 3848 1941 3851 ⁴

740 3876 876 3973 patitur
901 3882 1039 3951 mutam
1068 3877 1296 3953 timiditatem
1312 3870 1349 3971 (¹)
1376 3880 1467 3974 eius,
1493 3879 1634 3955 dicens:
1655 3886 1689 3951 et
1703 3882 1771 3953 etta
1795 3901 1820 3953 o
1845 3900 1912 3969 aee,

738 3997 878 4091 supple,
898 3995 1004 4071 dixit:
1022 4000 1137 4088 ooptio
1157 4000 1218 4073 ete
1242 4006 1279 4073 tu
1302 4002 1398 4073 omei
1422 4003 1449 4073 tt
1470 4002 1674 4091 dt'aoituppe,
1692 3998 1779 4093 quia
1804 3998 1913 4074 nimis

738 4116 801 4191 diu
819 4116 1004 4190 involutus
1022 4137 1074 4210 es,
1091 4117 1186 4192 sicut
1211 4118 1342 4197 totiens
1365 4118 1536 4214 apparuit
1559 4140 1683 4225 supra,
1708 4122 1758 4193 da
1782 4128 1911 4195 temae

598 4302 602 4311 .
701 4250 704 4257 ’
738 4238 788 4311 da
808 4256 1002 4331 oerpopno,
1024 4236 1110 4330 quia
1136 4256 1258 4313 meam
1284 4240 1441 4334 gratiam
1468 4239 1637 4315 meruisti
1662 4245 1699 4315 et
1724 4238 1913 4315 familiari-

739 4362 851 4433 tatem
877 4355 1054 4433 lllathildis
1071 4357 1181 4433 socie
1199 4378 1292 4435 mee
1314 4365 1353 4436 et
1375 4360 1592 4435 ancillarum
1620 4380 1910 4455 mearumque

737 4476 891 4573 singule
916 4483 953 4553 te
980 4483 1201 4573 receperunt
1226 4477 1263 4554 iu
1280 4480 1472 4574 amplexus
1488 4501 1587 4573 suos,
1604 4472 1635 4555 st
1651 4483 1711 4555 cte
1726 4502 1800 4555 non
1812 4484 1911 4573 porti

734 4592 797 4689 pot
821 4600 909 4671 cont
923 4620 1005 4672 uom
1028 4601 1088 4673 cte
1106 4620 1235 4691 ropac,
1252 4601 1357 4694 quasi
1373 4600 1490 4677 dicat:
1508 4621 1582 4676 nou
1598 4601 1669 4678 sub
1686 4601 1818 4698 ligura,
1836 4622 1910 4679 non

688 4692 691 4722 ¹
737 4717 806 4791 sub
832 4718 993 4815 imagine
1017 4719 1112 4796 sicut
1148 4722 1343 4816 hucusque
1372 4721 1497 4815 fecisti,
1528 4722 1643 4798 immo
1675 4724 1838 4818 loquaris
1862 4723 1909 4801 tle

738 4836 850 4913 rebus
876 4838 983 4915 veris.
1011 4838 1113 4915 Unde
1138 4840 1221 4917 aide
1245 4841 1345 4935 quod
1371 4862 1575 4936 numquam
1609 4842 1767 4937 amplius
1801 4854 1907 4939 poeta

802 5100 829 5164 (¹)
845 5102 876 5152 E.
892 5108 990 5153 tanum
1006 5104 1162 5155 tarditatem.
