4575 6842
393 1423 559 1496 GANTUS
582 1423 794 1506 QUARTUS,
806 1425 1057 1509 ioquosoluidrtr
1068 1427 1404 1510 puaeoeiodcootontbt'
1418 1431 1563 1514 incipitur

572 1537 655 1620 quod
676 1537 822 1603 voluntas
844 1537 961 1622 duplex
983 1544 1038 1617 est,
1062 1539 1207 1606 abruma
1229 1544 1260 1604 et
1280 1541 1392 1606 misto.

467 1845 611 2014 [nrm
638 1944 708 2015 duo
732 1942 797 2015 cibi
821 1945 964 2016 αιἐιαητι·
987 1964 1007 2015 e
1031 1946 1188 2017 moootti.
1211 1945 1409 2039 Postquam
1438 1944 1475 2017 in
1500 1964 1565 2017 su·

393 2061 526 2159 petioni
552 2061 712 2157 capitulo
737 2061 904 2157 pmrime
929 2063 1149 2158 precedenti
1173 2061 1308 2139 Denter
1333 2063 1503 2138 tractarit
1527 2069 1566 2138 et

392 2180 648 2258 determinavit
671 2181 718 2257 de
743 2180 936 2257 animabus
961 2181 1174 2258 beatificatis
1199 2183 1417 2278 incorpore
1442 2184 1564 2276 luuae;

391 2323 490 2378 nunc
514 2308 782 2396 consequenter
807 2302 843 2375 in
870 2301 938 2376 isto
963 2309 1096 2397 quarto
1120 2303 1280 2399 capitulo
1296 2303 1444 2379 discutit
1460 2323 1565 2397 que-

390 2424 475 2500 dam
501 2422 612 2497 dubia
638 2419 793 2498 orientia
818 2443 865 2496 ex
890 2421 1111 2516 quibusdam
1141 2423 1246 2499 dictis
1275 2425 1313 2499 in
1343 2425 1440 2500 dicto
1465 2423 1566 2519 capi&
1710 2445 1714 2460 ·

391 2546 480 2619 tulo.
507 2543 550 2616 Et
574 2547 692 2616 totum
719 2563 879 2638 praesens
904 2543 1104 2637 capitulum
1130 2552 1250 2640 potest
1274 2545 1438 2621 breviter
1453 2543 1563 2618 dividi

391 2665 429 2739 in
453 2671 616 2758 quatuor
642 2670 763 2758 partes
788 2663 999 2759 generalem
1017 2664 1054 2738 in
1072 2685 1231 2759 quarum
1250 2666 1370 2762 prima
1391 2665 1565 2741 describit

390 2805 497 2860 suam
522 2783 793 2879 dispositionem
821 2783 917 2859 circa
942 2784 1017 2859 duo
1046 2784 1169 2881 dubie,
1195 2793 1233 2861 et
1256 2786 1427 2883 proponit
1450 2786 1510 2861 illa
1525 2780 1562 2879 (Ι)

390 2905 512 2982 dubia.
541 2907 581 2978 ln
607 2905 765 2980 secunda
793 2905 898 2979 solvit
922 2907 1082 2982 alterum
1107 2907 1319 3004 dubiorum,
1341 2908 1407 2984 ibi:
1425 2911 1489 2982 De'
1502 2911 1565 2981 Se-

389 3049 413 3102 r
459 3049 494 3101 o.
526 3027 565 3100 ln
597 3025 703 3100 tertia
742 3025 847 3100 solvit
884 3027 1087 3101 secundum
1114 3027 1282 3123 dubium,
1312 3029 1379 3103 ibi:
1404 3031 1561 3102 L'ottru.

390 3151 430 3223 ln
456 3152 588 3243 quarta
614 3145 760 3220 discutit
783 3146 893 3221 aliam
915 3147 1155 3241 quaestionem
1175 3148 1394 3224 incidentem
1410 3141 1449 3241 (Ἰ
1465 3149 1563 3223 circa

389 3267 495 3363 dicta
513 3272 551 3342 et
571 3267 686 3364 tangit
711 3287 844 3342 novam
872 3267 1126 3362 questionem,
1154 3267 1221 3343 ibi:
1239 3274 1303 3344 lla
1327 3289 1381 3342 or.
1407 3268 1462 3343 Ad
1487 3267 1564 3364 pri-

390 3407 495 3463 mum
522 3387 672 3462 veniens
696 3385 792 3481 dioo,
817 3386 914 3481 quod
941 3392 1050 3462 autor
1074 3386 1246 3462 describit
1277 3409 1382 3463 suam
1413 3387 1566 3484 disposi-

389 3510 526 3585 tionem
552 3507 791 3603 interceptam
824 3507 961 3603 pariter
989 3529 1013 3583 a
1042 3508 1187 3583 duobus
1219 3509 1348 3584 dubiis.
1374 3508 1429 3584 Ad
1458 3509 1565 3584 cuius

389 3627 664 3726 intelligentium
690 3636 836 3724 oportet
860 3629 980 3724 primo
1004 3630 1240 3705 considerare
1264 3631 1365 3724 quod
1380 3636 1492 3705 autor
1508 3629 1565 3702 ln-

390 3748 504 3826 tendit
530 3746 725 3823 ostendere
750 3747 937 3843 quomodo
961 3748 1038 3842 ipse
1062 3749 1211 3824 timidus
1230 3758 1380 3846 propter
1397 3751 1565 3846 lulgura·

390 3873 527 3948 tionem
561 3872 735 3948 Beatricis
766 3871 960 3946 desistebat
992 3891 1197 3966 proponere
1225 3872 1445 3966 questiones
1475 3874 1565 3948 sub-

391 3994 552 4090 scriptas,
583 3992 749 4068 nesciens
783 3992 922 4087 eligere
952 4011 975 4066 a
1006 4012 1079 4086 qua
1109 3988 1303 4086 inciperet3
1329 3992 1411 4067 ideo
1435 3993 1563 4067 volens

390 4115 584 4190 ostendere
608 4110 752 4208 aequale
775 4111 996 4187 desiderium
1029 4131 1138 4186 suum
1171 4111 1358 4206 praemittit
1382 4111 1561 4207 triplicem
1591 4111 1594 4116 ’

325 4257 327 4262 ·
390 4232 701 4328 comparationem
719 4222 943 4327 pulcraml³),
958 4251 1118 4326 quarum
1137 4231 1255 4327 prima
1271 4213 1327 4307 est
1338 4231 1385 4306 de
1396 4231 1561 4327 appetitu

391 4352 556 4427 bominis.
583 4352 674 4426 Dicit
705 4373 815 4448 ergo:
843 4353 965 4426 Lttero
993 4371 1111 4443 nonio,
1141 4351 1280 4446 positus
1308 4348 1561 4445 admoneam,

385 4477 470 4567 prio
482 4477 514 4547 si
525 4465 662 4547 morrlu
675 4475 712 4546 di
720 4475 829 4566 same,
843 4473 871 4546 si
885 4479 981 4548 esset
993 4471 1196 4564 lbmelicus,
1212 4473 1315 4545 cleri
1329 4491 1469 4546 recusso
1484 4475 1562 4546 l’ror

389 4599 427 4669 oi
442 4595 546 4687 droti,
564 4593 666 4688 idest,
683 4601 881 4686 antequam
903 4593 1102 4688 applicaret
1120 4612 1238 4667 unum
1259 4591 1383 4667 cibum
1403 4593 1460 4667 ori
1478 4613 1560 4687 suo,

387 4720 484 4790 tora
508 4719 578 4790 duo
601 4717 679 4808 cibi,
706 4713 889 4810 appositos
914 4713 980 4788 sibi
1011 4713 1174 4790 eiusdem
1200 4713 1383 4809 bonitatis,
1407 4716 1561 4807 dotant,

389 4835 492 4930 idest,
517 4835 709 4930 equaliter
735 4840 909 4929 remotos,
938 4855 957 4906 e
987 4837 1147 4927 moventi,
1179 4831 1327 4929 scilicet,
1357 4834 1559 4929 appetitum

450 5089 479 5154 (¹)
495 5093 518 5151 t,
535 5087 580 5141 lllr
596 5087 648 5142 dne
663 5089 749 5142 auur.
873 5085 945 5151 Μ
961 5089 1112 5142 inrldenter.
1239 5087 1266 5152 ω
1282 5087 1314 5142 B.
1328 5089 1523 5154 pulcerrimum
