<?xml version="1.0" encoding="UTF-8"?>
<!DOCTYPE html PUBLIC "-//W3C//DTD XHTML 1.0 Transitional//EN"
    "http://www.w3.org/TR/xhtml1/DTD/xhtml1-transitional.dtd">
<html xmlns="http://www.w3.org/1999/xhtml" xml:lang="en" lang="en">
 <head>
  <title>
</title>
<meta http-equiv="Content-Type" content="text/html;charset=utf-8" />
  <meta name='ocr-system' content='tesseract 3.04.00' />
  <meta name='ocr-capabilities' content='ocr_page ocr_carea ocr_par ocr_line ocrx_word'/>
</head>
<body>
  <div class='ocr_page' id='page_1' title='image "./comentumsuperda00unkngoog_0039.png"; bbox 0 0 4575 6842; ppageno 0'>
   <div class='ocr_carea' id='block_1_1' title="bbox 713 937 1583 1025">
    <p class='ocr_par' dir='ltr' id='par_1_1' title="bbox 713 937 1583 1025">
     <span class='ocr_line' id='line_1_1' title="bbox 713 937 1583 1025; baseline 0.007 -7"><span class='ocrx_word' id='word_1_1' title='bbox 713 963 851 1019; x_wconf 75' lang='lat' dir='ltr'><strong>clarus</strong></span> <span class='ocrx_word' id='word_1_2' title='bbox 876 965 1069 1022; x_wconf 83' lang='lat' dir='ltr'><strong>vressmus</strong></span> <span class='ocrx_word' id='word_1_3' title='bbox 1094 937 1288 1025; x_wconf 79' lang='lat' dir='ltr'><strong>secuuous.</strong></span> <span class='ocrx_word' id='word_1_4' title='bbox 1536 955 1583 1024; x_wconf 80' lang='lat'><strong>23</strong></span> 
     </span>
    </p>
   </div>
   <div class='ocr_carea' id='block_1_2' title="bbox 397 1108 1588 3484">
    <p class='ocr_par' dir='ltr' id='par_1_2' title="bbox 397 1108 1588 3484">
     <span class='ocr_line' id='line_1_2' title="bbox 412 1108 1585 1205; baseline 0.003 -21"><span class='ocrx_word' id='word_1_5' title='bbox 412 1108 634 1203; x_wconf 78' lang='lat' dir='ltr'>adverterat,</span> <span class='ocrx_word' id='word_1_6' title='bbox 661 1109 748 1205; x_wconf 88' lang='lat' dir='ltr'><strong>quia</strong></span> <span class='ocrx_word' id='word_1_7' title='bbox 773 1109 894 1184; x_wconf 89' lang='lat' dir='ltr'><strong>luerat</strong></span> <span class='ocrx_word' id='word_1_8' title='bbox 918 1111 1063 1185; x_wconf 89' lang='lat' dir='ltr'><strong>locutus</strong></span> <span class='ocrx_word' id='word_1_9' title='bbox 1080 1132 1176 1194; x_wconf 71' lang='lat' dir='ltr'><strong>¹eum</strong></span> <span class='ocrx_word' id='word_1_10' title='bbox 1194 1112 1307 1186; x_wconf 88' lang='lat' dir='ltr'><strong>St&#39;atio</strong></span> <span class='ocrx_word' id='word_1_11' title='bbox 1325 1113 1585 1189; x_wconf 86' lang='lat' dir='ltr'><strong>secundissimo</strong></span> 
     </span>
     <span class='ocr_line' id='line_1_3' title="bbox 414 1229 1586 1325; baseline 0.003 -21"><span class='ocrx_word' id='word_1_12' title='bbox 414 1235 489 1304; x_wconf 85' lang='lat' dir='ltr'><strong>tam</strong></span> <span class='ocrx_word' id='word_1_13' title='bbox 516 1229 787 1323; x_wconf 88' lang='lat' dir='ltr'><strong>delectabiliter,</strong></span> <span class='ocrx_word' id='word_1_14' title='bbox 814 1235 851 1304; x_wconf 91' lang='lat' dir='ltr'><strong>et</strong></span> <span class='ocrx_word' id='word_1_15' title='bbox 876 1229 962 1324; x_wconf 89' lang='lat' dir='ltr'><strong>quia</strong></span> <span class='ocrx_word' id='word_1_16' title='bbox 988 1249 1120 1325; x_wconf 88' lang='lat' dir='ltr'><strong>parum</strong></span> <span class='ocrx_word' id='word_1_17' title='bbox 1147 1231 1326 1306; x_wconf 85' lang='lat' dir='ltr'><strong>laboravit</strong></span> <span class='ocrx_word' id='word_1_18' title='bbox 1342 1234 1473 1308; x_wconf 90' lang='lat' dir='ltr'><strong>morbo</strong></span> <span class='ocrx_word' id='word_1_19' title='bbox 1493 1255 1586 1311; x_wconf 84' lang='lat' dir='ltr'><strong>ava·</strong></span> 
     </span>
     <span class='ocr_line' id='line_1_4' title="bbox 415 1347 1584 1448; baseline 0.006 -26"><span class='ocrx_word' id='word_1_20' title='bbox 415 1347 507 1423; x_wconf 84' lang='lat' dir='ltr'><strong>ritiae</strong></span> <span class='ocrx_word' id='word_1_21' title='bbox 527 1357 565 1424; x_wconf 92' lang='lat' dir='ltr'><strong>et</strong></span> <span class='ocrx_word' id='word_1_22' title='bbox 582 1348 852 1446; x_wconf 87' lang='lat' dir='ltr'><strong>prodigalitatis,</strong></span> <span class='ocrx_word' id='word_1_23' title='bbox 870 1370 892 1423; x_wconf 90' lang='lat' dir='ltr'><strong>a</strong></span> <span class='ocrx_word' id='word_1_24' title='bbox 914 1371 988 1444; x_wconf 89' lang='lat' dir='ltr'><strong>quo</strong></span> <span class='ocrx_word' id='word_1_25' title='bbox 1012 1351 1159 1446; x_wconf 77' lang='lat' dir='ltr'><strong>recedit,</strong></span> <span class='ocrx_word' id='word_1_26' title='bbox 1177 1360 1215 1426; x_wconf 90' lang='lat' dir='ltr'><strong>et</strong></span> <span class='ocrx_word' id='word_1_27' title='bbox 1232 1352 1353 1425; x_wconf 89' lang='lat' dir='ltr'><strong>miuus</strong></span> <span class='ocrx_word' id='word_1_28' title='bbox 1370 1353 1457 1428; x_wconf 83' lang='lat' dir='ltr'><strong>vitio</strong></span> <span class='ocrx_word' id='word_1_29' title='bbox 1474 1355 1584 1448; x_wconf 78' lang='lat' dir='ltr'><strong>gulae,</strong></span> 
     </span>
     <span class='ocr_line' id='line_1_5' title="bbox 413 1467 1585 1575; baseline 0.002 -32"><span class='ocrx_word' id='word_1_30' title='bbox 413 1467 461 1543; x_wconf 88' lang='lat' dir='ltr'><strong>ad</strong></span> <span class='ocrx_word' id='word_1_31' title='bbox 491 1467 589 1564; x_wconf 87' lang='lat' dir='ltr'><strong>quod</strong></span> <span class='ocrx_word' id='word_1_32' title='bbox 622 1488 720 1542; x_wconf 89' lang='lat' dir='ltr'><strong>nune</strong></span> <span class='ocrx_word' id='word_1_33' title='bbox 737 1468 898 1542; x_wconf 74' lang='lat' dir='ltr'><strong>,aocedit</strong></span> <span class='ocrx_word' id='word_1_34' title='bbox 931 1468 1042 1556; x_wconf 85' lang='lat' dir='ltr'><strong>Nune</strong></span> <span class='ocrx_word' id='word_1_35' title='bbox 1066 1472 1112 1546; x_wconf 92' lang='lat' dir='ltr'><strong>ad</strong></span> <span class='ocrx_word' id='word_1_36' title='bbox 1147 1471 1311 1565; x_wconf 90' lang='lat' dir='ltr'><strong>literam;</strong></span> <span class='ocrx_word' id='word_1_37' title='bbox 1344 1471 1430 1575; x_wconf 83' lang='lat' dir='ltr'><strong>dieit</strong></span> <span class='ocrx_word' id='word_1_38' title='bbox 1459 1479 1585 1567; x_wconf 86' lang='lat' dir='ltr'><strong>poeta:</strong></span> 
     </span>
     <span class='ocr_line' id='line_1_6' title="bbox 416 1587 1588 1686; baseline 0.005 -26"><span class='ocrx_word' id='word_1_39' title='bbox 416 1590 579 1681; x_wconf 78' lang='lat' dir='ltr'><strong>t&#39;anpet,</strong></span> <span class='ocrx_word' id='word_1_40' title='bbox 612 1587 659 1662; x_wconf 90' lang='lat' dir='ltr'><strong>de</strong></span> <span class='ocrx_word' id='word_1_41' title='bbox 688 1609 763 1684; x_wconf 89' lang='lat' dir='ltr'><strong>quo</strong></span> <span class='ocrx_word' id='word_1_42' title='bbox 789 1589 875 1663; x_wconf 91' lang='lat' dir='ltr'><strong>nihil</strong></span> <span class='ocrx_word' id='word_1_43' title='bbox 899 1590 1019 1665; x_wconf 87' lang='lat' dir='ltr'><strong>adhue</strong></span> <span class='ocrx_word' id='word_1_44' title='bbox 1044 1591 1145 1686; x_wconf 83' lang='lat' dir='ltr'>dixit,</span> <span class='ocrx_word' id='word_1_45' title='bbox 1172 1593 1236 1666; x_wconf 90' lang='lat' dir='ltr'><strong>sed</strong></span> <span class='ocrx_word' id='word_1_46' title='bbox 1263 1613 1362 1666; x_wconf 90' lang='lat' dir='ltr'><strong>nunc</strong></span> <span class='ocrx_word' id='word_1_47' title='bbox 1386 1592 1473 1666; x_wconf 84' lang='lat' dir='ltr'><strong>dicit</strong></span> <span class='ocrx_word' id='word_1_48' title='bbox 1496 1592 1588 1667; x_wconf 89' lang='lat' dir='ltr'><strong>arli-</strong></span> 
     </span>
     <span class='ocr_line' id='line_1_7' title="bbox 416 1700 1585 1808; baseline 0.006 -27"><span class='ocrx_word' id='word_1_49' title='bbox 416 1708 579 1784; x_wconf 88' lang='lat' dir='ltr'><strong>licialiter</strong></span> <span class='ocrx_word' id='word_1_50' title='bbox 596 1708 806 1802; x_wconf 87' lang='lat' dir='ltr'><strong>breviando,</strong></span> <span class='ocrx_word' id='word_1_51' title='bbox 823 1700 884 1801; x_wconf 70' lang='lat' dir='ltr'><strong>yid</strong></span> <span class='ocrx_word' id='word_1_52' title='bbox 900 1731 964 1783; x_wconf 83' lang='lat' dir='ltr'><strong>ero</strong></span> <span class='ocrx_word' id='word_1_53' title='bbox 980 1715 1116 1786; x_wconf 70' lang='lat' dir='ltr'><strong>rimoso</strong></span> <span class='ocrx_word' id='word_1_54' title='bbox 1135 1714 1247 1786; x_wconf 80' lang='lat' dir='ltr'><strong>dietro</strong></span> <span class='ocrx_word' id='word_1_55' title='bbox 1264 1734 1288 1784; x_wconf 87' lang='lat' dir='ltr'><strong>a</strong></span> <span class='ocrx_word' id='word_1_56' title='bbox 1304 1716 1379 1803; x_wconf 84' lang='lat' dir='ltr'><strong>noi,</strong></span> <span class='ocrx_word' id='word_1_57' title='bbox 1400 1713 1437 1786; x_wconf 91' lang='lat' dir='ltr'><strong>in</strong></span> <span class='ocrx_word' id='word_1_58' title='bbox 1455 1713 1585 1808; x_wconf 86' lang='lat' dir='ltr'><strong>quinto</strong></span> 
     </span>
     <span class='ocr_line' id='line_1_8' title="bbox 397 1827 1588 1924; baseline 0.007 -24"><span class='ocrx_word' id='word_1_59' title='bbox 397 1827 578 1922; x_wconf 82' lang='lat' dir='ltr'><strong>oireulo3</strong></span> <span class='ocrx_word' id='word_1_60' title='bbox 618 1833 655 1904; x_wconf 93' lang='lat' dir='ltr'><strong>et</strong></span> <span class='ocrx_word' id='word_1_61' title='bbox 692 1828 846 1923; x_wconf 90' lang='lat' dir='ltr'><strong>repetit:</strong></span> <span class='ocrx_word' id='word_1_62' title='bbox 882 1833 1030 1923; x_wconf 72' lang='lat' dir='ltr'><strong>tanget,</strong></span> <span class='ocrx_word' id='word_1_63' title='bbox 1055 1831 1149 1924; x_wconf 89' lang='lat' dir='ltr'><strong>dieo,</strong></span> <span class='ocrx_word' id='word_1_64' title='bbox 1178 1834 1238 1905; x_wconf 83' lang='lat' dir='ltr'><strong>rte</strong></span> <span class='ocrx_word' id='word_1_65' title='bbox 1261 1835 1297 1904; x_wconf 84' lang='lat' dir='ltr'><strong>n’</strong></span> <span class='ocrx_word' id='word_1_66' title='bbox 1310 1853 1401 1906; x_wconf 85' lang='lat' dir='ltr'><strong>ovea</strong></span> <span class='ocrx_word' id='word_1_67' title='bbox 1438 1836 1521 1907; x_wconf 83' lang='lat' dir='ltr'><strong>volti</strong></span> <span class='ocrx_word' id='word_1_68' title='bbox 1548 1837 1588 1908; x_wconf 85' lang='lat' dir='ltr'><strong>al</strong></span> 
     </span>
     <span class='ocr_line' id='line_1_9' title="bbox 413 1950 1585 2068; baseline 0.007 -48"><span class='ocrx_word' id='word_1_69' title='bbox 413 1955 503 2021; x_wconf 76' lang='lat' dir='ltr'><strong>serm</strong></span> <span class='ocrx_word' id='word_1_70' title='bbox 527 1952 622 2040; x_wconf 59' lang='lat' dir='ltr'><strong>pao,</strong></span> <span class='ocrx_word' id='word_1_71' title='bbox 646 1950 876 2047; x_wconf 80' lang='lat' dir='ltr'><strong>gulosorum,</strong></span> <span class='ocrx_word' id='word_1_72' title='bbox 901 1954 1087 2026; x_wconf 81' lang='lat' dir='ltr'><strong>ovmdomi</strong></span> <span class='ocrx_word' id='word_1_73' title='bbox 1111 1973 1212 2043; x_wconf 85' lang='lat' dir='ltr'><strong>roso,</strong></span> <span class='ocrx_word' id='word_1_74' title='bbox 1238 1951 1340 2047; x_wconf 94' lang='lat' dir='ltr'><strong>prius</strong></span> <span class='ocrx_word' id='word_1_75' title='bbox 1365 1975 1478 2068; x_wconf 84' lang='lat' dir='ltr'><strong>quam</strong></span> <span class='ocrx_word' id='word_1_76' title='bbox 1504 1957 1585 2030; x_wconf 89' lang='lat' dir='ltr'><strong>vol-</strong></span> 
     </span>
     <span class='ocr_line' id='line_1_10' title="bbox 415 2070 1585 2169; baseline 0.007 -28"><span class='ocrx_word' id='word_1_77' title='bbox 415 2075 519 2142; x_wconf 87' lang='lat' dir='ltr'><strong>veret</strong></span> <span class='ocrx_word' id='word_1_78' title='bbox 542 2089 619 2164; x_wconf 87' lang='lat' dir='ltr'><strong>nos,</strong></span> <span class='ocrx_word' id='word_1_79' title='bbox 645 2090 692 2142; x_wconf 86' lang='lat' dir='ltr'><strong>un</strong></span> <span class='ocrx_word' id='word_1_80' title='bbox 717 2073 830 2162; x_wconf 84' lang='lat' dir='ltr'><strong>culpo,</strong></span> <span class='ocrx_word' id='word_1_81' title='bbox 847 2070 948 2166; x_wconf 87' lang='lat' dir='ltr'><strong>idest,</strong></span> <span class='ocrx_word' id='word_1_82' title='bbox 966 2072 1100 2146; x_wconf 87' lang='lat' dir='ltr'><strong>vulnus</strong></span> <span class='ocrx_word' id='word_1_83' title='bbox 1121 2073 1288 2166; x_wconf 80' lang='lat' dir='ltr'><strong>mortale,</strong></span> <span class='ocrx_word' id='word_1_84' title='bbox 1306 2073 1454 2168; x_wconf 82' lang='lat' dir='ltr'><strong>seilicet,</strong></span> <span class='ocrx_word' id='word_1_85' title='bbox 1475 2075 1585 2169; x_wconf 87' lang='lat' dir='ltr'><strong>quin-</strong></span> 
     </span>
     <span class='ocr_line' id='line_1_11' title="bbox 415 2192 1587 2291; baseline 0.009 -31"><span class='ocrx_word' id='word_1_86' title='bbox 415 2193 493 2261; x_wconf 89' lang='lat' dir='ltr'><strong>tum</strong></span> <span class='ocrx_word' id='word_1_87' title='bbox 521 2195 723 2285; x_wconf 85' lang='lat' dir='ltr'><strong>peceatum,</strong></span> <span class='ocrx_word' id='word_1_88' title='bbox 749 2193 813 2264; x_wconf 73' lang='lat' dir='ltr'><strong>aar</strong></span> <span class='ocrx_word' id='word_1_89' title='bbox 831 2195 919 2282; x_wconf 71' lang='lat' dir='ltr'><strong>mse,</strong></span> <span class='ocrx_word' id='word_1_90' title='bbox 936 2192 1122 2286; x_wconf 71' lang='lat' dir='ltr'><strong>sciliceta</strong></span> <span class='ocrx_word' id='word_1_91' title='bbox 1149 2192 1278 2266; x_wconf 85' lang='lat' dir='ltr'><strong>ironte.</strong></span> <span class='ocrx_word' id='word_1_92' title='bbox 1298 2193 1342 2266; x_wconf 82' lang='lat' dir='ltr'><strong>Et</strong></span> <span class='ocrx_word' id='word_1_93' title='bbox 1361 2193 1482 2268; x_wconf 82' lang='lat' dir='ltr'><strong>suddit</strong></span> <span class='ocrx_word' id='word_1_94' title='bbox 1497 2217 1587 2291; x_wconf 89' lang='lat' dir='ltr'><strong>gra·</strong></span> 
     </span>
     <span class='ocr_line' id='line_1_12' title="bbox 414 2307 1586 2408; baseline 0.009 -28"><span class='ocrx_word' id='word_1_95' title='bbox 414 2307 631 2384; x_wconf 90' lang='lat' dir='ltr'><strong>tulationem</strong></span> <span class='ocrx_word' id='word_1_96' title='bbox 660 2310 817 2384; x_wconf 90' lang='lat' dir='ltr'><strong>aliorum</strong></span> <span class='ocrx_word' id='word_1_97' title='bbox 851 2311 1059 2406; x_wconf 81' lang='lat' dir='ltr'><strong>spirituum,</strong></span> <span class='ocrx_word' id='word_1_98' title='bbox 1091 2312 1234 2386; x_wconf 85' lang='lat' dir='ltr'><strong>dicens:</strong></span> <span class='ocrx_word' id='word_1_99' title='bbox 1266 2334 1285 2385; x_wconf 87' lang='lat' dir='ltr'><strong>e</strong></span> <span class='ocrx_word' id='word_1_100' title='bbox 1315 2316 1405 2408; x_wconf 79' lang='lat' dir='ltr'><strong>quei,</strong></span> <span class='ocrx_word' id='word_1_101' title='bbox 1437 2315 1586 2406; x_wconf 82' lang='lat' dir='ltr'><strong>scilieet,</strong></span> 
     </span>
     <span class='ocr_line' id='line_1_13' title="bbox 413 2425 1585 2531; baseline 0.005 -28"><span class='ocrx_word' id='word_1_102' title='bbox 413 2427 548 2503; x_wconf 79' lang='lat' dir='ltr'><strong>anime</strong></span> <span class='ocrx_word' id='word_1_103' title='bbox 576 2450 775 2504; x_wconf 82' lang='lat' dir='ltr'><strong>avarorum</strong></span> <span class='ocrx_word' id='word_1_104' title='bbox 807 2431 870 2526; x_wconf 89' lang='lat' dir='ltr'><strong>qui</strong></span> <span class='ocrx_word' id='word_1_105' title='bbox 893 2425 930 2524; x_wconf 78' lang='lat'><strong>(¹)</strong></span> <span class='ocrx_word' id='word_1_106' title='bbox 963 2440 1218 2508; x_wconf 88' lang='lat' dir='ltr'><strong>remanserant</strong></span> <span class='ocrx_word' id='word_1_107' title='bbox 1249 2433 1287 2506; x_wconf 95' lang='lat' dir='ltr'><strong>in</strong></span> <span class='ocrx_word' id='word_1_108' title='bbox 1319 2433 1448 2526; x_wconf 85' lang='lat' dir='ltr'><strong>quinto</strong></span> <span class='ocrx_word' id='word_1_109' title='bbox 1479 2457 1585 2531; x_wconf 83' lang='lat' dir='ltr'><strong>gyro,</strong></span> 
     </span>
     <span class='ocr_line' id='line_1_14' title="bbox 414 2551 1586 2648; baseline 0.007 -26"><span class='ocrx_word' id='word_1_110' title='bbox 414 2551 465 2622; x_wconf 79' lang='lat' dir='ltr'><strong>el’</strong></span> <span class='ocrx_word' id='word_1_111' title='bbox 478 2551 596 2623; x_wconf 81' lang='lat' dir='ltr'><strong>loono</strong></span> <span class='ocrx_word' id='word_1_112' title='bbox 622 2553 678 2624; x_wconf 90' lang='lat' dir='ltr'><strong>lor</strong></span> <span class='ocrx_word' id='word_1_113' title='bbox 704 2554 814 2624; x_wconf 61' lang='lat' dir='ltr'><strong>deire</strong></span> <span class='ocrx_word' id='word_1_114' title='bbox 831 2555 1045 2644; x_wconf 73' lang='lat' dir='ltr'><strong>aplustria,</strong></span> <span class='ocrx_word' id='word_1_115' title='bbox 1063 2552 1166 2648; x_wconf 87' lang='lat' dir='ltr'><strong>idest,</strong></span> <span class='ocrx_word' id='word_1_116' title='bbox 1183 2553 1230 2627; x_wconf 90' lang='lat' dir='ltr'><strong>ad</strong></span> <span class='ocrx_word' id='word_1_117' title='bbox 1248 2553 1524 2648; x_wconf 84' lang='lat' dir='ltr'><strong>justificandum</strong></span> <span class='ocrx_word' id='word_1_118' title='bbox 1545 2575 1586 2630; x_wconf 88' lang='lat' dir='ltr'><strong>se</strong></span> 
     </span>
     <span class='ocr_line' id='line_1_15' title="bbox 416 2669 1585 2768; baseline 0.004 -24"><span class='ocrx_word' id='word_1_119' title='bbox 416 2688 483 2764; x_wconf 93' lang='lat' dir='ltr'><strong>per</strong></span> <span class='ocrx_word' id='word_1_120' title='bbox 508 2669 777 2766; x_wconf 80' lang='lat' dir='ltr'><strong>purgationem,</strong></span> <span class='ocrx_word' id='word_1_121' title='bbox 798 2674 889 2745; x_wconf 84' lang='lat' dir='ltr'><strong>detto</strong></span> <span class='ocrx_word' id='word_1_122' title='bbox 906 2674 951 2743; x_wconf 85' lang='lat' dir='ltr'><strong>m’</strong></span> <span class='ocrx_word' id='word_1_123' title='bbox 964 2692 1078 2746; x_wconf 83' lang='lat' dir='ltr'><strong>aeeon</strong></span> <span class='ocrx_word' id='word_1_124' title='bbox 1103 2674 1217 2767; x_wconf 78' lang='lat' dir='ltr'><strong>deod,·</strong></span> <span class='ocrx_word' id='word_1_125' title='bbox 1234 2672 1313 2747; x_wconf 83' lang='lat' dir='ltr'><strong>vult</strong></span> <span class='ocrx_word' id='word_1_126' title='bbox 1337 2673 1460 2748; x_wconf 83' lang='lat' dir='ltr'><strong>dicere</strong></span> <span class='ocrx_word' id='word_1_127' title='bbox 1485 2673 1585 2768; x_wconf 84' lang='lat' dir='ltr'><strong>quod</strong></span> 
     </span>
     <span class='ocr_line' id='line_1_16' title="bbox 415 2788 1587 2888; baseline 0.006 -26"><span class='ocrx_word' id='word_1_128' title='bbox 415 2788 584 2863; x_wconf 86' lang='lat' dir='ltr'><strong>dixerant</strong></span> <span class='ocrx_word' id='word_1_129' title='bbox 609 2789 697 2863; x_wconf 94' lang='lat' dir='ltr'><strong>illud</strong></span> <span class='ocrx_word' id='word_1_130' title='bbox 722 2790 858 2866; x_wconf 88' lang='lat' dir='ltr'><strong>dietum</strong></span> <span class='ocrx_word' id='word_1_131' title='bbox 877 2792 1031 2867; x_wconf 84' lang='lat' dir='ltr'><strong>llatthaei</strong></span> <span class='ocrx_word' id='word_1_132' title='bbox 1049 2792 1079 2865; x_wconf 94' lang='lat' dir='ltr'>V</span> <span class='ocrx_word' id='word_1_133' title='bbox 1098 2794 1276 2888; x_wconf 88' lang='lat' dir='ltr'><strong>capitulo:</strong></span> <span class='ocrx_word' id='word_1_134' title='bbox 1301 2798 1402 2868; x_wconf 82' lang='lat' dir='ltr'><strong>Beati</strong></span> <span class='ocrx_word' id='word_1_135' title='bbox 1425 2798 1486 2887; x_wconf 83' lang='lat' dir='ltr'><strong>pai</strong></span> <span class='ocrx_word' id='word_1_136' title='bbox 1508 2817 1587 2869; x_wconf 81' lang='lat' dir='ltr'><strong>esu·</strong></span> 
     </span>
     <span class='ocr_line' id='line_1_17' title="bbox 415 2910 1585 3005; baseline 0.005 -23"><span class='ocrx_word' id='word_1_137' title='bbox 415 2910 512 2984; x_wconf 73' lang='lat' dir='ltr'><strong>aiunt</strong></span> <span class='ocrx_word' id='word_1_138' title='bbox 534 2915 569 2982; x_wconf 86' lang='lat' dir='ltr'><strong>et</strong></span> <span class='ocrx_word' id='word_1_139' title='bbox 588 2910 707 2983; x_wconf 67' lang='lat' dir='ltr'><strong>otum</strong></span> <span class='ocrx_word' id='word_1_140' title='bbox 720 2911 907 3002; x_wconf 81' lang='lat' dir='ltr'><strong>justitium,</strong></span> <span class='ocrx_word' id='word_1_141' title='bbox 925 2915 1090 3003; x_wconf 80' lang='lat' dir='ltr'><strong>quoniam</strong></span> <span class='ocrx_word' id='word_1_142' title='bbox 1107 2915 1175 3005; x_wconf 81' lang='lat' dir='ltr'><strong>ipsi</strong></span> <span class='ocrx_word' id='word_1_143' title='bbox 1196 2915 1462 3005; x_wconf 63' lang='lat' dir='ltr'><strong>aemulanter,</strong></span> <span class='ocrx_word' id='word_1_144' title='bbox 1479 2922 1517 2988; x_wconf 92' lang='lat' dir='ltr'><strong>et</strong></span> <span class='ocrx_word' id='word_1_145' title='bbox 1536 2914 1585 2989; x_wconf 86' lang='lat' dir='ltr'><strong>ita</strong></span> 
     </span>
     <span class='ocr_line' id='line_1_18' title="bbox 416 3027 1587 3127; baseline 0.004 -26"><span class='ocrx_word' id='word_1_146' title='bbox 416 3027 575 3103; x_wconf 80' lang='lat' dir='ltr'><strong>infelices</strong></span> <span class='ocrx_word' id='word_1_147' title='bbox 601 3028 665 3122; x_wconf 87' lang='lat' dir='ltr'><strong>qui</strong></span> <span class='ocrx_word' id='word_1_148' title='bbox 691 3029 860 3104; x_wconf 83' lang='lat' dir='ltr'><strong>esuriunt</strong></span> <span class='ocrx_word' id='word_1_149' title='bbox 877 3039 913 3105; x_wconf 94' lang='lat' dir='ltr'><strong>et</strong></span> <span class='ocrx_word' id='word_1_150' title='bbox 929 3031 1056 3105; x_wconf 88' lang='lat' dir='ltr'><strong>sitiunt</strong></span> <span class='ocrx_word' id='word_1_151' title='bbox 1072 3029 1320 3127; x_wconf 84' lang='lat' dir='ltr'><strong>*pecuniam3</strong></span> <span class='ocrx_word' id='word_1_152' title='bbox 1342 3041 1379 3108; x_wconf 92' lang='lat' dir='ltr'><strong>et</strong></span> <span class='ocrx_word' id='word_1_153' title='bbox 1399 3033 1501 3108; x_wconf 83' lang='lat' dir='ltr'><strong>dicit:</strong></span> <span class='ocrx_word' id='word_1_154' title='bbox 1526 3035 1587 3106; x_wconf 80' lang='lat' dir='ltr'><strong>ele</strong></span> 
     </span>
     <span class='ocr_line' id='line_1_19' title="bbox 414 3142 1586 3253; baseline 0.006 -32"><span class='ocrx_word' id='word_1_155' title='bbox 414 3168 475 3220; x_wconf 76' lang='lat' dir='ltr'><strong>sue</strong></span> <span class='ocrx_word' id='word_1_156' title='bbox 499 3151 575 3222; x_wconf 84' lang='lat' dir='ltr'><strong>voet</strong></span> <span class='ocrx_word' id='word_1_157' title='bbox 596 3151 738 3243; x_wconf 69' lang='lat' dir='ltr'><strong>[mono</strong></span> <span class='ocrx_word' id='word_1_158' title='bbox 762 3142 829 3240; x_wconf 77' lang='lat' dir='ltr'><strong>rid,</strong></span> <span class='ocrx_word' id='word_1_159' title='bbox 855 3150 1001 3245; x_wconf 84' lang='lat' dir='ltr'><strong>scilieet,</strong></span> <span class='ocrx_word' id='word_1_160' title='bbox 1019 3151 1088 3227; x_wconf 83' lang='lat' dir='ltr'><strong>lieo</strong></span> <span class='ocrx_word' id='word_1_161' title='bbox 1114 3152 1292 3226; x_wconf 88' lang='lat' dir='ltr'><strong>verbum:</strong></span> <span class='ocrx_word' id='word_1_162' title='bbox 1319 3153 1410 3226; x_wconf 82' lang='lat' dir='ltr'><strong>beati</strong></span> <span class='ocrx_word' id='word_1_163' title='bbox 1429 3174 1510 3253; x_wconf 58' lang='lat' dir='ltr'><strong>gunt</strong></span> <span class='ocrx_word' id='word_1_164' title='bbox 1534 3157 1586 3228; x_wconf 82' lang='lat' dir='ltr'><strong>si-</strong></span> 
     </span>
     <span class='ocr_line' id='line_1_20' title="bbox 416 3268 1586 3366; baseline 0.003 -24"><span class='ocrx_word' id='word_1_165' title='bbox 416 3271 524 3362; x_wconf 75' lang='lat' dir='ltr'><strong>t&#39;nnt,</strong></span> <span class='ocrx_word' id='word_1_166' title='bbox 541 3268 642 3363; x_wconf 82' lang='lat' dir='ltr'><strong>idest,</strong></span> <span class='ocrx_word' id='word_1_167' title='bbox 655 3268 864 3364; x_wconf 88' lang='lat' dir='ltr'><strong>simpliciter</strong></span> <span class='ocrx_word' id='word_1_168' title='bbox 878 3291 965 3344; x_wconf 87' lang='lat' dir='ltr'><strong>eum</strong></span> <span class='ocrx_word' id='word_1_169' title='bbox 984 3271 1053 3345; x_wconf 90' lang='lat' dir='ltr'><strong>hoc</strong></span> <span class='ocrx_word' id='word_1_170' title='bbox 1071 3271 1184 3346; x_wconf 86' lang='lat' dir='ltr'><strong>verbo</strong></span> <span class='ocrx_word' id='word_1_171' title='bbox 1200 3275 1291 3366; x_wconf 76' lang='lat' dir='ltr'><strong>stop,</strong></span> <span class='ocrx_word' id='word_1_172' title='bbox 1308 3272 1394 3364; x_wconf 86' lang='lat' dir='ltr'><strong>quia</strong></span> <span class='ocrx_word' id='word_1_173' title='bbox 1411 3271 1586 3347; x_wconf 82' lang='lat' dir='ltr'><strong>dixerunt</strong></span> 
     </span>
     <span class='ocr_line' id='line_1_21' title="bbox 414 3382 1587 3484; baseline 0.003 -23"><span class='ocrx_word' id='word_1_174' title='bbox 414 3388 656 3481; x_wconf 88' lang='lat' dir='ltr'><strong>solummodo,</strong></span> <span class='ocrx_word' id='word_1_175' title='bbox 682 3390 772 3462; x_wconf 80' lang='lat' dir='ltr'><strong>beati</strong></span> <span class='ocrx_word' id='word_1_176' title='bbox 797 3393 855 3481; x_wconf 82' lang='lat' dir='ltr'><strong>qui</strong></span> <span class='ocrx_word' id='word_1_177' title='bbox 870 3390 1017 3464; x_wconf 78' lang='lat' dir='ltr'><strong>sitium*</strong></span> <span class='ocrx_word' id='word_1_178' title='bbox 1034 3382 1083 3484; x_wconf 77' lang='lat'><strong>(²).</strong></span> <span class='ocrx_word' id='word_1_179' title='bbox 1099 3389 1167 3465; x_wconf 80' lang='lat' dir='ltr'><strong>Alii</strong></span> <span class='ocrx_word' id='word_1_180' title='bbox 1185 3399 1310 3466; x_wconf 90' lang='lat' dir='ltr'><strong>tamen</strong></span> <span class='ocrx_word' id='word_1_181' title='bbox 1334 3391 1502 3466; x_wconf 89' lang='lat' dir='ltr'><strong>subtilius</strong></span> <span class='ocrx_word' id='word_1_182' title='bbox 1519 3412 1587 3467; x_wconf 84' lang='lat' dir='ltr'><strong>ex-</strong></span> 
     </span>
    </p>
   </div>
   <div class='ocr_carea' id='block_1_3' title="bbox 267 3508 1587 3605">
    <p class='ocr_par' dir='ltr' id='par_1_3' title="bbox 267 3508 1587 3605">
     <span class='ocr_line' id='line_1_22' title="bbox 267 3508 1587 3605; baseline 0.002 -23"><span class='ocrx_word' id='word_1_183' title='bbox 267 3509 275 3528; x_wconf 88' lang='grc'><strong>“</strong></span> <span class='ocrx_word' id='word_1_184' title='bbox 414 3513 589 3603; x_wconf 82' lang='lat' dir='ltr'><strong>ponentes</strong></span> <span class='ocrx_word' id='word_1_185' title='bbox 619 3508 755 3603; x_wconf 89' lang='lat' dir='ltr'><strong>dicunt,</strong></span> <span class='ocrx_word' id='word_1_186' title='bbox 781 3509 880 3605; x_wconf 89' lang='lat' dir='ltr'><strong>quod</strong></span> <span class='ocrx_word' id='word_1_187' title='bbox 905 3510 953 3584; x_wconf 94' lang='lat' dir='ltr'><strong>illi</strong></span> <span class='ocrx_word' id='word_1_188' title='bbox 979 3511 1126 3605; x_wconf 89' lang='lat' dir='ltr'><strong>spiritus</strong></span> <span class='ocrx_word' id='word_1_189' title='bbox 1158 3511 1347 3587; x_wconf 83' lang='lat' dir='ltr'><strong>dixerunt:</strong></span> <span class='ocrx_word' id='word_1_190' title='bbox 1376 3515 1475 3586; x_wconf 85' lang='lat' dir='ltr'><strong>Beati</strong></span> <span class='ocrx_word' id='word_1_191' title='bbox 1497 3533 1587 3604; x_wconf 80' lang='lat' dir='ltr'><strong>qao-</strong></span> 
     </span>
    </p>
   </div>
   <div class='ocr_carea' id='block_1_4' title="bbox 415 3632 1604 4566">
    <p class='ocr_par' dir='ltr' id='par_1_4' title="bbox 415 3632 1604 4566">
     <span class='ocr_line' id='line_1_23' title="bbox 415 3632 1604 3725; baseline 0.007 -25"><span class='ocrx_word' id='word_1_192' title='bbox 415 3649 496 3700; x_wconf 85' lang='lat' dir='ltr'><strong>rum</strong></span> <span class='ocrx_word' id='word_1_193' title='bbox 519 3632 675 3704; x_wconf 67' lang='lat' dir='ltr'><strong>remane</strong></span> <span class='ocrx_word' id='word_1_194' title='bbox 705 3637 787 3704; x_wconf 80' lang='lat' dir='ltr'><strong>sunt</strong></span> <span class='ocrx_word' id='word_1_195' title='bbox 816 3633 1011 3724; x_wconf 80' lang='lat' dir='ltr'><strong>iniquitates</strong></span> <span class='ocrx_word' id='word_1_196' title='bbox 1044 3639 1077 3706; x_wconf 83' lang='lat' dir='ltr'><strong>et</strong></span> <span class='ocrx_word' id='word_1_197' title='bbox 1100 3651 1249 3723; x_wconf 82' lang='lat' dir='ltr'><strong>quoram</strong></span> <span class='ocrx_word' id='word_1_198' title='bbox 1280 3639 1367 3706; x_wconf 81' lang='lat' dir='ltr'><strong>tecta</strong></span> <span class='ocrx_word' id='word_1_199' title='bbox 1400 3641 1481 3706; x_wconf 82' lang='lat' dir='ltr'><strong>suot</strong></span> <span class='ocrx_word' id='word_1_200' title='bbox 1499 3653 1604 3725; x_wconf 52' lang='lat' dir='ltr'><strong>pecs</strong></span> 
     </span>
     <span class='ocr_line' id='line_1_24' title="bbox 416 3750 1583 3848; baseline 0.006 -27"><span class='ocrx_word' id='word_1_201' title='bbox 416 3755 507 3822; x_wconf 81' lang='lat' dir='ltr'><strong>eata.</strong></span> <span class='ocrx_word' id='word_1_202' title='bbox 533 3750 577 3822; x_wconf 85' lang='lat' dir='ltr'><strong>Et</strong></span> <span class='ocrx_word' id='word_1_203' title='bbox 597 3750 666 3824; x_wconf 87' lang='lat' dir='ltr'><strong>hoe</strong></span> <span class='ocrx_word' id='word_1_204' title='bbox 684 3757 832 3846; x_wconf 89' lang='lat' dir='ltr'><strong>propter</strong></span> <span class='ocrx_word' id='word_1_205' title='bbox 848 3750 1002 3825; x_wconf 83' lang='lat' dir='ltr'><strong>Dantem</strong></span> <span class='ocrx_word' id='word_1_206' title='bbox 1021 3757 1057 3826; x_wconf 90' lang='lat' dir='ltr'><strong>et</strong></span> <span class='ocrx_word' id='word_1_207' title='bbox 1074 3751 1243 3846; x_wconf 83' lang='lat' dir='ltr'><strong>Statium,</strong></span> <span class='ocrx_word' id='word_1_208' title='bbox 1261 3753 1324 3848; x_wconf 90' lang='lat' dir='ltr'><strong>qui</strong></span> <span class='ocrx_word' id='word_1_209' title='bbox 1341 3760 1447 3827; x_wconf 90' lang='lat' dir='ltr'><strong>eraut</strong></span> <span class='ocrx_word' id='word_1_210' title='bbox 1464 3771 1583 3848; x_wconf 84' lang='lat' dir='ltr'><strong>nuper</strong></span> 
     </span>
     <span class='ocr_line' id='line_1_25' title="bbox 416 3867 1587 3968; baseline 0.007 -28"><span class='ocrx_word' id='word_1_211' title='bbox 416 3867 583 3962; x_wconf 87' lang='lat' dir='ltr'><strong>absoluti,</strong></span> <span class='ocrx_word' id='word_1_212' title='bbox 601 3869 695 3944; x_wconf 87' lang='lat' dir='ltr'><strong>alter</strong></span> <span class='ocrx_word' id='word_1_213' title='bbox 719 3870 767 3943; x_wconf 88' lang='lat' dir='ltr'><strong>ab</strong></span> <span class='ocrx_word' id='word_1_214' title='bbox 791 3869 957 3964; x_wconf 86' lang='lat' dir='ltr'><strong>avaritia,</strong></span> <span class='ocrx_word' id='word_1_215' title='bbox 977 3871 1071 3945; x_wconf 92' lang='lat' dir='ltr'><strong>alter</strong></span> <span class='ocrx_word' id='word_1_216' title='bbox 1095 3892 1117 3945; x_wconf 91' lang='lat' dir='ltr'><strong>a</strong></span> <span class='ocrx_word' id='word_1_217' title='bbox 1143 3871 1417 3968; x_wconf 81' lang='lat' dir='ltr'><strong>prodigalitate:</strong></span> <span class='ocrx_word' id='word_1_218' title='bbox 1434 3879 1472 3948; x_wconf 90' lang='lat' dir='ltr'><strong>et</strong></span> <span class='ocrx_word' id='word_1_219' title='bbox 1488 3872 1587 3948; x_wconf 87' lang='lat' dir='ltr'><strong>dioe-</strong></span> 
     </span>
     <span class='ocr_line' id='line_1_26' title="bbox 417 3985 1586 4086; baseline 0.005 -26"><span class='ocrx_word' id='word_1_220' title='bbox 417 3985 504 4060; x_wconf 87' lang='lat' dir='ltr'><strong>bant</strong></span> <span class='ocrx_word' id='word_1_221' title='bbox 536 3985 572 4059; x_wconf 95' lang='lat' dir='ltr'><strong>in</strong></span> <span class='ocrx_word' id='word_1_222' title='bbox 604 3987 687 4082; x_wconf 87' lang='lat' dir='ltr'><strong>fine,</strong></span> <span class='ocrx_word' id='word_1_223' title='bbox 718 3991 810 4076; x_wconf 82' lang='lat' dir='ltr'><strong>sitio,</strong></span> <span class='ocrx_word' id='word_1_224' title='bbox 836 3989 933 4084; x_wconf 89' lang='lat' dir='ltr'><strong>quia,</strong></span> <span class='ocrx_word' id='word_1_225' title='bbox 958 3989 1053 4064; x_wconf 87' lang='lat' dir='ltr'><strong>sieut</strong></span> <span class='ocrx_word' id='word_1_226' title='bbox 1078 3989 1243 4068; x_wconf 87' lang='lat' dir='ltr'><strong>Christus</strong></span> <span class='ocrx_word' id='word_1_227' title='bbox 1268 3990 1306 4065; x_wconf 94' lang='lat' dir='ltr'><strong>in</strong></span> <span class='ocrx_word' id='word_1_228' title='bbox 1331 4011 1440 4086; x_wconf 87' lang='lat' dir='ltr'><strong>poena</strong></span> <span class='ocrx_word' id='word_1_229' title='bbox 1466 3991 1586 4066; x_wconf 86' lang='lat' dir='ltr'><strong>crucis</strong></span> 
     </span>
     <span class='ocr_line' id='line_1_27' title="bbox 416 4104 1585 4207; baseline 0.006 -28"><span class='ocrx_word' id='word_1_230' title='bbox 416 4105 506 4180; x_wconf 81' lang='lat' dir='ltr'><strong>dixit</strong></span> <span class='ocrx_word' id='word_1_231' title='bbox 530 4104 625 4181; x_wconf 79' lang='lat' dir='ltr'><strong>istud</strong></span> <span class='ocrx_word' id='word_1_232' title='bbox 652 4108 809 4183; x_wconf 83' lang='lat' dir='ltr'><strong>verbum</strong></span> <span class='ocrx_word' id='word_1_233' title='bbox 834 4111 926 4199; x_wconf 79' lang='lat' dir='ltr'><strong>sitio,</strong></span> <span class='ocrx_word' id='word_1_234' title='bbox 950 4109 1101 4204; x_wconf 85' lang='lat' dir='ltr'><strong>cupiens</strong></span> <span class='ocrx_word' id='word_1_235' title='bbox 1126 4110 1271 4186; x_wconf 86' lang='lat' dir='ltr'><strong>salvare</strong></span> <span class='ocrx_word' id='word_1_236' title='bbox 1292 4112 1498 4185; x_wconf 86' lang='lat' dir='ltr'><strong>humanum</strong></span> <span class='ocrx_word' id='word_1_237' title='bbox 1517 4131 1585 4207; x_wconf 89' lang='lat' dir='ltr'><strong>ge·</strong></span> 
     </span>
     <span class='ocr_line' id='line_1_28' title="bbox 417 4226 1585 4321; baseline 0.004 -22"><span class='ocrx_word' id='word_1_238' title='bbox 417 4247 498 4320; x_wconf 90' lang='lat' dir='ltr'><strong>nus,</strong></span> <span class='ocrx_word' id='word_1_239' title='bbox 524 4226 574 4303; x_wconf 88' lang='lat' dir='ltr'><strong>ita</strong></span> <span class='ocrx_word' id='word_1_240' title='bbox 599 4227 655 4301; x_wconf 91' lang='lat' dir='ltr'><strong>isti</strong></span> <span class='ocrx_word' id='word_1_241' title='bbox 681 4227 791 4302; x_wconf 83' lang='lat' dir='ltr'><strong>adfini</strong></span> <span class='ocrx_word' id='word_1_242' title='bbox 816 4235 928 4303; x_wconf 72' lang='lat' dir='ltr'><strong>terrae</strong></span> <span class='ocrx_word' id='word_1_243' title='bbox 953 4228 990 4302; x_wconf 95' lang='lat' dir='ltr'><strong>in</strong></span> <span class='ocrx_word' id='word_1_244' title='bbox 1016 4249 1084 4304; x_wconf 94' lang='lat' dir='ltr'><strong>suo</strong></span> <span class='ocrx_word' id='word_1_245' title='bbox 1109 4228 1275 4305; x_wconf 85' lang='lat' dir='ltr'><strong>cruciatu</strong></span> <span class='ocrx_word' id='word_1_246' title='bbox 1302 4229 1473 4304; x_wconf 85' lang='lat' dir='ltr'><strong>dixerunt</strong></span> <span class='ocrx_word' id='word_1_247' title='bbox 1493 4233 1585 4321; x_wconf 82' lang='lat' dir='ltr'><strong>sitio,</strong></span> 
     </span>
     <span class='ocr_line' id='line_1_29' title="bbox 417 4347 1586 4446; baseline 0.002 -24"><span class='ocrx_word' id='word_1_248' title='bbox 417 4347 562 4442; x_wconf 88' lang='lat' dir='ltr'><strong>seilicet,</strong></span> <span class='ocrx_word' id='word_1_249' title='bbox 593 4347 746 4443; x_wconf 74' lang='lat' dir='ltr'><strong>salvari,</strong></span> <span class='ocrx_word' id='word_1_250' title='bbox 780 4349 843 4424; x_wconf 90' lang='lat' dir='ltr'><strong>sed</strong></span> <span class='ocrx_word' id='word_1_251' title='bbox 874 4349 974 4444; x_wconf 90' lang='lat' dir='ltr'><strong>prior</strong></span> <span class='ocrx_word' id='word_1_252' title='bbox 1004 4348 1182 4444; x_wconf 83' lang='lat' dir='ltr'><strong>expositio</strong></span> <span class='ocrx_word' id='word_1_253' title='bbox 1215 4351 1332 4446; x_wconf 87' lang='lat' dir='ltr'><strong>magis</strong></span> <span class='ocrx_word' id='word_1_254' title='bbox 1362 4350 1506 4425; x_wconf 87' lang='lat' dir='ltr'><strong>videtur</strong></span> <span class='ocrx_word' id='word_1_255' title='bbox 1539 4350 1586 4424; x_wconf 89' lang='lat' dir='ltr'><strong>de</strong></span> 
     </span>
     <span class='ocr_line' id='line_1_30' title="bbox 418 4468 1586 4566; baseline 0.002 -25"><span class='ocrx_word' id='word_1_256' title='bbox 418 4474 541 4542; x_wconf 88' lang='lat' dir='ltr'><strong>mente</strong></span> <span class='ocrx_word' id='word_1_257' title='bbox 565 4468 715 4542; x_wconf 87' lang='lat' dir='ltr'><strong>autoris.</strong></span> <span class='ocrx_word' id='word_1_258' title='bbox 742 4469 787 4542; x_wconf 86' lang='lat' dir='ltr'><strong>Et</strong></span> <span class='ocrx_word' id='word_1_259' title='bbox 810 4468 932 4543; x_wconf 85' lang='lat' dir='ltr'><strong>subdit</strong></span> <span class='ocrx_word' id='word_1_260' title='bbox 956 4469 1128 4544; x_wconf 85' lang='lat' dir='ltr'><strong>ellectum</strong></span> <span class='ocrx_word' id='word_1_261' title='bbox 1161 4489 1239 4564; x_wconf 85' lang='lat' dir='ltr'><strong>suae</strong></span> <span class='ocrx_word' id='word_1_262' title='bbox 1268 4469 1504 4566; x_wconf 87' lang='lat' dir='ltr'><strong>purgationis,</strong></span> <span class='ocrx_word' id='word_1_263' title='bbox 1530 4469 1586 4543; x_wconf 93' lang='lat' dir='ltr'><strong>di·</strong></span> 
     </span>
    </p>
   </div>
   <div class='ocr_carea' id='block_1_5' title="bbox 299 4583 1652 4925">
    <p class='ocr_par' dir='ltr' id='par_1_5' title="bbox 299 4583 1652 4925">
     <span class='ocr_line' id='line_1_31' title="bbox 417 4583 1652 4693; baseline 0.002 -32"><span class='ocrx_word' id='word_1_264' title='bbox 417 4606 522 4661; x_wconf 88' lang='lat' dir='ltr'><strong>cens:</strong></span> <span class='ocrx_word' id='word_1_265' title='bbox 548 4594 582 4660; x_wconf 83' lang='lat' dir='ltr'><strong>et</strong></span> <span class='ocrx_word' id='word_1_266' title='bbox 602 4591 638 4660; x_wconf 86' lang='lat' dir='ltr'><strong>io</strong></span> <span class='ocrx_word' id='word_1_267' title='bbox 658 4583 721 4681; x_wconf 70' lang='lat' dir='ltr'><strong>piri</strong></span> <span class='ocrx_word' id='word_1_268' title='bbox 746 4591 830 4662; x_wconf 82' lang='lat' dir='ltr'><strong>liene</strong></span> <span class='ocrx_word' id='word_1_269' title='bbox 852 4591 914 4662; x_wconf 82' lang='lat' dir='ltr'><strong>ele</strong></span> <span class='ocrx_word' id='word_1_270' title='bbox 932 4611 1002 4682; x_wconf 80' lang='lat' dir='ltr'><strong>per</strong></span> <span class='ocrx_word' id='word_1_271' title='bbox 1026 4591 1147 4663; x_wconf 79' lang='lat' dir='ltr'><strong>taine</strong></span> <span class='ocrx_word' id='word_1_272' title='bbox 1167 4593 1252 4684; x_wconf 81' lang='lat' dir='ltr'><strong>soci,</strong></span> <span class='ocrx_word' id='word_1_273' title='bbox 1277 4590 1380 4685; x_wconf 90' lang='lat' dir='ltr'><strong>idest,</strong></span> <span class='ocrx_word' id='word_1_274' title='bbox 1400 4589 1491 4665; x_wconf 93' lang='lat' dir='ltr'><strong>alios</strong></span> <span class='ocrx_word' id='word_1_275' title='bbox 1515 4589 1587 4664; x_wconf 87' lang='lat' dir='ltr'><strong>eir·</strong></span> <span class='ocrx_word' id='word_1_276' title='bbox 1650 4690 1652 4693; x_wconf 16' lang='grc' dir='ltr'>Ι</span> 
     </span>
     <span class='ocr_line' id='line_1_32' title="bbox 418 4706 1587 4808; baseline 0.004 -27"><span class='ocrx_word' id='word_1_277' title='bbox 418 4706 531 4800; x_wconf 85' lang='lat' dir='ltr'><strong>culos,</strong></span> <span class='ocrx_word' id='word_1_278' title='bbox 562 4713 599 4782; x_wconf 92' lang='lat' dir='ltr'><strong>et</strong></span> <span class='ocrx_word' id='word_1_279' title='bbox 633 4707 776 4802; x_wconf 90' lang='lat' dir='ltr'><strong>merito,</strong></span> <span class='ocrx_word' id='word_1_280' title='bbox 807 4709 894 4803; x_wconf 85' lang='lat' dir='ltr'><strong>quia</strong></span> <span class='ocrx_word' id='word_1_281' title='bbox 923 4708 1144 4804; x_wconf 91' lang='lat' dir='ltr'><strong>deposuerat</strong></span> <span class='ocrx_word' id='word_1_282' title='bbox 1175 4710 1339 4805; x_wconf 86' lang='lat' dir='ltr'><strong>quinque</strong></span> <span class='ocrx_word' id='word_1_283' title='bbox 1371 4711 1587 4808; x_wconf 88' lang='lat' dir='ltr'><strong>gravissima</strong></span> 
     </span>
     <span class='ocr_line' id='line_1_33' title="bbox 299 4824 1588 4925; baseline 0.006 -28"><span class='ocrx_word' id='word_1_284' title='bbox 299 4853 300 4858; x_wconf 12' lang='grc' dir='ltr'><strong><em>Ν</em></strong></span> <span class='ocrx_word' id='word_1_285' title='bbox 419 4824 580 4921; x_wconf 87' lang='lat' dir='ltr'><strong>pondera</strong></span> <span class='ocrx_word' id='word_1_286' title='bbox 612 4846 634 4900; x_wconf 91' lang='lat' dir='ltr'><strong>a</strong></span> <span class='ocrx_word' id='word_1_287' title='bbox 665 4826 783 4921; x_wconf 85' lang='lat' dir='ltr'><strong>eapite</strong></span> <span class='ocrx_word' id='word_1_288' title='bbox 814 4849 899 4920; x_wconf 90' lang='lat' dir='ltr'><strong>suo,</strong></span> <span class='ocrx_word' id='word_1_289' title='bbox 931 4834 969 4903; x_wconf 89' lang='lat' dir='ltr'><strong>et</strong></span> <span class='ocrx_word' id='word_1_290' title='bbox 1001 4829 1187 4904; x_wconf 89' lang='lat' dir='ltr'><strong>restabant</strong></span> <span class='ocrx_word' id='word_1_291' title='bbox 1223 4830 1292 4904; x_wconf 91' lang='lat' dir='ltr'><strong>sibi</strong></span> <span class='ocrx_word' id='word_1_292' title='bbox 1328 4830 1404 4904; x_wconf 94' lang='lat' dir='ltr'><strong>duo</strong></span> <span class='ocrx_word' id='word_1_293' title='bbox 1437 4829 1588 4925; x_wconf 87' lang='lat' dir='ltr'><strong>leviora,</strong></span> 
     </span>
    </p>
   </div>
   <div class='ocr_carea' id='block_1_6' title="bbox 422 4963 1016 4972">
    <p class='ocr_par' dir='ltr' id='par_1_6' title="bbox 422 4963 1016 4972">
     <span class='ocr_line' id='line_1_34' title="bbox 422 4963 1016 4972; baseline 0.002 -1"><span class='ocrx_word' id='word_1_294' title='bbox 422 4963 567 4971; x_wconf 70' lang='lat'><em>——-.-—·-</em></span> <span class='ocrx_word' id='word_1_295' title='bbox 578 4963 769 4970; x_wconf 80' lang='lat'>—-——-—-..</span> <span class='ocrx_word' id='word_1_296' title='bbox 955 4965 1016 4972; x_wconf 81' lang='grc'><em>-..-.</em></span> 
     </span>
    </p>
   </div>
   <div class='ocr_carea' id='block_1_7' title="bbox 482 5006 1495 5151">
    <p class='ocr_par' dir='ltr' id='par_1_7' title="bbox 482 5006 1495 5151">
     <span class='ocr_line' id='line_1_35' title="bbox 492 5006 499 5036; baseline 0 0"><span class='ocrx_word' id='word_1_297' title='bbox 492 5006 499 5036; x_wconf 90' lang='lat' dir='ltr'><strong>l</strong></span> 
     </span>
     <span class='ocr_line' id='line_1_36' title="bbox 482 5007 1495 5151; baseline 0.003 -15"><span class='ocrx_word' id='word_1_298' title='bbox 482 5010 510 5147; x_wconf 53' lang='lat'><strong>{⁸}</strong></span> <span class='ocrx_word' id='word_1_299' title='bbox 525 5007 667 5150; x_wconf 50' lang='lat' dir='ltr'><strong>{affinia</strong></span> <span class='ocrx_word' id='word_1_300' title='bbox 683 5085 723 5136; x_wconf 81' lang='lat' dir='ltr'><strong>ln</strong></span> <span class='ocrx_word' id='word_1_301' title='bbox 737 5087 747 5137; x_wconf 94' lang='lat' dir='ltr'><strong>i</strong></span> <span class='ocrx_word' id='word_1_302' title='bbox 762 5087 813 5138; x_wconf 86' lang='lat' dir='ltr'><strong>dua</strong></span> <span class='ocrx_word' id='word_1_303' title='bbox 829 5087 962 5138; x_wconf 73' lang='lat' dir='ltr'><strong>murischi</strong></span> <span class='ocrx_word' id='word_1_304' title='bbox 978 5100 1024 5138; x_wconf 85' lang='lat' dir='ltr'><strong>son</strong></span> <span class='ocrx_word' id='word_1_305' title='bbox 1041 5087 1154 5151; x_wconf 82' lang='lat' dir='ltr'><strong>snpplite</strong></span> <span class='ocrx_word' id='word_1_306' title='bbox 1169 5088 1211 5140; x_wconf 76' lang='lat' dir='ltr'><strong>dni</strong></span> <span class='ocrx_word' id='word_1_307' title='bbox 1226 5087 1313 5141; x_wconf 82' lang='lat' dir='ltr'><strong>Codirl</strong></span> <span class='ocrx_word' id='word_1_308' title='bbox 1328 5089 1360 5141; x_wconf 82' lang='lat' dir='ltr'><strong>ll.</strong></span> <span class='ocrx_word' id='word_1_309' title='bbox 1375 5102 1391 5139; x_wconf 84' lang='lat' dir='ltr'><strong>e</strong></span> <span class='ocrx_word' id='word_1_310' title='bbox 1409 5093 1462 5140; x_wconf 81' lang='lat'><strong>117.</strong></span> <span class='ocrx_word' id='word_1_311' title='bbox 1492 5110 1495 5117; x_wconf 54' lang='lat'><strong><em>⁴</em></strong></span> 
     </span>
    </p>
   </div>
   <div class='ocr_carea' id='block_1_8' title="bbox 0 0 2303 6836">
    <p class='ocr_par' dir='ltr' id='par_1_8' title="bbox 0 0 2303 6836">
     <span class='ocr_line' id='line_1_37' title="bbox 0 0 2303 6836; baseline 0 0"><span class='ocrx_word' id='word_1_312' title='bbox 0 0 2303 6836; x_wconf 95' lang='lat' dir='ltr'><strong> </strong></span> 
     </span>
    </p>
   </div>
  </div>
 </body>
</html>
