4575 6842
734 923 781 988 56
1092 934 1296 990 cousuvuu
1321 935 1540 990 runoavonu

729 1082 837 1172 puelle
862 1082 928 1153 duc
952 1084 1081 1171 anime,
1107 1087 1298 1175 separatae,
1322 1083 1383 1154 ote
1415 1071 1453 1153 td
1482 1082 1508 1154 ti
1532 1083 1648 1174 sonno
1671 1091 1804 1168 scorta,
1831 1085 1903 1160 du·

730 1208 853 1276 centes
878 1207 915 1275 te
941 1221 1006 1296 per
1027 1201 1213 1298 regionem
1234 1205 1494 1276 mortuorum?
1513 1207 1659 1298 etrogo
1680 1213 1727 1297 te,
1754 1225 1834 1278 non·
1849 1210 1902 1280 ri-

708 1343 855 1426 ¹morter
879 1326 940 1396 clo
964 1331 999 1396 tu
1023 1345 1097 1396 ooo
1122 1326 1172 1395 roi
1191 1326 1338 1419 socole,-
1356 1323 1419 1417 qui
1445 1329 1520 1396 tarn
1542 1323 1724 1398 socialiter
1740 1345 1824 1400 eras
1842 1347 1903 1401 eo·

731 1443 815 1516 litus
828 1436 863 1536 (¹)
892 1443 1060 1518 conferre
1094 1461 1240 1518 mecum
1267 1442 1305 1516 in
1329 1443 1552 1517 rita-to.
1579 1444 1643 1518 llic
1668 1452 1776 1539 poeta
1802 1445 1902 1541 ponit

734 1563 1004 1658 responsionem
1033 1585 1138 1638 suam
1164 1563 1211 1637 ad
1236 1550 1438 1638 Foresium.
1459 1563 1503 1636 Et
1523 1563 1643 1658 primo
1666 1564 1713 1638 ad
1739 1566 1900 1660 primum

733 1684 831 1777 quod
857 1684 917 1757 ille
942 1683 1129 1779 tetigerat3
1160 1690 1197 1758 et
1225 1683 1321 1776 dicit,
1347 1683 1446 1776 quod
1477 1704 1550 1758 non
1580 1705 1626 1758 ex
1655 1684 1902 1782 indignatione

732 1804 795 1879 sed
813 1825 859 1878 er
877 1803 1128 1898 compassione
1147 1803 1361 1898 respiciebat
1376 1823 1476 1877 eum.
1491 1803 1582 1878 Dicit
1598 1824 1709 1899 ergo:
1726 1808 1902 1898 mspoo'io

727 1926 793 2014 lui,
819 1923 964 2014 scilicet,
990 1922 1038 1995 illi
1064 1921 1233 1996 Foresio:
1260 1927 1311 1996 Lo
1332 1926 1448 2016 faccia
1466 1931 1526 1996 tuo
1542 1927 1642 1997 clr'io
1657 1927 1826 2015 topi-imni
1839 1915 1902 2017 yid

733 2051 860 2135 morto,
887 2043 973 2136 quia
1004 2048 1171 2137 tempore
1196 2042 1325 2115 mortis
1354 2044 1562 2136 ploraverat
1595 2064 1708 2138 super
1736 2044 1900 2119 amicum

608 2249 612 2254 ,
733 2170 910 2257 amatum,
929 2169 965 2236 et
992 2169 1247 2257 postmortem
1274 2182 1371 2258 saepe
1397 2163 1645 2257 suspiraverat
1670 2186 1779 2260 eum3
1804 2166 1901 2240 sicut

731 2285 815 2360 dicit
840 2284 1065 2380 Augustinus
1089 2282 1136 2358 de
1168 2282 1287 2357 amico
1312 2304 1381 2358 suo
1406 2283 1500 2357 libro
1530 2283 1827 2379 confessionum
1853 2289 1905 2358 mi

731 2395 780 2479 dd
804 2407 842 2477 di
862 2408 1014 2497 ptoopcr
1038 2393 1099 2496 pul
1124 2424 1197 2476 nort
1225 2406 1343 2476 minor
1371 2407 1505 2495 doplro,
1539 2405 1644 2498 quusi
1675 2404 1791 2480 dicat:
1806 2405 1900 2479 'imo

734 2525 923 2616 maiorem,
951 2523 1135 2617 quianon
1164 2521 1266 2596 dolui
1296 2529 1438 2596 tantum
1471 2523 1597 2598 videre
1627 2532 1665 2598 te
1697 2531 1899 2617 mortuum,

732 2645 825 2718 sicot
858 2643 966 2717 modo
999 2643 1153 2718 videndo
1186 2649 1222 2717 te
1250 2642 1299 2717 ita
1331 2643 1652 2737 transformatum,
1681 2643 1762 2719 ideo
1793 2643 1900 2718 dicit:

733 2767 947 2855 oeppcndolo
970 2755 1001 2836 si
1025 2771 1132 2852 torto,
1154 2761 1256 2856 idest,
1276 2769 1418 2837 tantum
1446 2770 1726 2837 transmutatam
1752 2764 1800 2838 ab
1826 2764 1899 2838 illa.

732 2885 776 2958 Et
799 2885 858 2958 bic
884 2892 969 2957 nota
994 2883 1092 2978 quod
1118 2883 1213 2956 istud
1237 2883 1468 2957 maledictum
1497 2885 1625 2957 vitium
1652 2884 1751 2980 gulae
1770 2884 1816 2959 de
1840 2884 1897 2958 sui

732 3012 864 3080 natura
891 3004 997 3077 nimis
1022 3004 1224 3079 enormiter
1240 3005 1372 3078 alterat
1388 3025 1499 3078 omne
1516 3025 1670 3100 corpos3
1698 3025 1783 3078 nam
1810 3005 1899 3100 gula

732 3125 868 3200 inducit
903 3124 1131 3198 macilentam
1172 3125 1281 3218 tisim,
1312 3123 1483 3220 pinguem
1516 3123 1710 3219 bulsitiem,
1737 3131 1901 3198 tremen-

731 3251 805 3320 tem
838 3243 1045 3340 paralysim,
1076 3243 1258 3318 sitientem
1293 3243 1528 3340 hydropisim,
1553 3244 1687 3319 siocam
1725 3243 1898 3336 scabiem,

732 3366 933 3440 ferventem
961 3364 1113 3458 febrem,
1132 3364 1267 3438 foedam
1294 3385 1483 3458 nauseam,
1504 3365 1683 3439 torsiones
1703 3365 1899 3456 viscerum,

731 3486 977 3561 deformitates
1013 3485 1121 3560 totius
1155 3485 1335 3580 corporis,
1369 3491 1406 3559 et
1440 3486 1676 3560 immaturam
1711 3486 1900 3561 infeliciter

643 3619 647 3626 ·
733 3611 901 3680 mortem.
917 3605 981 3678 llic
997 3611 1124 3680 autem
1142 3605 1349 3698 famesque
1368 3610 1549 3698 purgatur
1562 3605 1648 3700 gula
1667 3605 1804 3680 inducit
1818 3613 1901 3680 tan-

733 3731 811 3798 lum
830 3724 943 3798 solam
962 3723 1209 3830 macredinem
1223 3715 1260 3815 θ’)
1283 3730 1432 3798 tantam.
1452 3725 1495 3798 Et
1511 3724 1686 3800 continuo
1703 3726 1791 3820 petit
1808 3747 1899 3801 cau-

731 3865 808 3918 sam
836 3849 946 3917 tantae
971 3843 1239 3918 extenuationis
1264 3842 1300 3917 in
1326 3863 1372 3918 eo
1397 3849 1596 3938 antequam
1619 3844 1836 3940 respondeat
1852 3847 1899 3921 ad

733 3963 854 4060 petita,
878 3963 1020 4038 dicens:
1044 3957 1132 4055 perd
1157 3967 1206 4036 mi
1228 3965 1275 4036 di’
1285 3983 1352 4055 per
1367 3968 1450 4054 Dio,
1469 3983 1560 4062 rogo
1584 3972 1632 4059 te,
1650 3968 1710 4038 cte
1724 3959 1756 4038 si
1775 3971 1811 4040 oi
1825 3970 1900 4060 sso-

731 4083 931 4176 pauidas,
947 4081 1033 4176 qnid
1059 4086 1113 4156 est
1138 4081 1227 4156 illud
1252 4082 1351 4176 quod
1377 4083 1427 4156 ita
1453 4085 1582 4178 spoliat
1599 4106 1664 4159 vos
1684 4105 1807 4179 carne,
1827 4105 1900 4159 ooo

731 4205 863 4298 misor
886 4205 975 4293 dire,
1002 4203 1037 4276 id
1062 4202 1161 4296 quod
1186 4202 1278 4297 petis
1302 4203 1349 4277 de
1375 4224 1448 4286 me,
1460 4212 1498 4278 et
1521 4205 1638 4300 sociis,
1656 4191 1795 4279 mcofr'
1792 4210 1827 4280 io
1852 4210 1902 4280 mi

731 4326 949 4414 mnomptto,
974 4322 1020 4396 de
1048 4343 1088 4397 re
1113 4323 1309 4419 incognita,
1335 4344 1403 4398 nec
1429 4324 1563 4400 habeas
1596 4346 1663 4420 pro
1695 4328 1815 4420 malo;
1841 4325 1902 4401 cte*

731 4448 806 4517 mol
822 4436 896 4536 pud
921 4445 979 4516 dir
998 4445 1052 4516 cli
1075 4437 1095 4515 θ’
1115 4448 1196 4535 plen
1215 4445 1250 4516 d'
1263 4447 1359 4517 offro
1377 4447 1507 4537 ooplio,
1529 4445 1676 4539 scilicet,
1695 4445 1836 4541 maiori,
1853 4446 1900 4521 de

732 4585 805 4658 qua
827 4563 942 4660 magis
959 4569 1076 4637 curat.
1090 4601 1140 4616 -·
1154 4567 1199 4636 ut
1213 4565 1278 4636 elli.
1297 4563 1362 4637 llic
1385 4570 1490 4658 poeta
1509 4565 1610 4659 ponit
1627 4565 1898 4659 responsionem

731 4682 866 4758 Foresii
892 4683 939 4757 ad
964 4683 1174 4778 petitionem
1201 4703 1321 4777 suam,
1348 4705 1432 4778 quae
1447 4675 1484 4776 (³)
1508 4685 1695 4780 responsio
1720 4692 1775 4760 est
1800 4688 1899 4762 clara

793 4898 820 4962 (¹)
836 4899 867 4950 E.
884 4899 1017 4951 sollicitus.
1236 4899 1266 4963 (¹)
1282 4901 1314 4952 ll.
1329 4901 1528 4952 macritodioem
1544 4903 1657 4953 tacitam.
1675 4900 1718 4953 Iit.

730 4976 870 5116 111.θέΙῶ
881 4989 940 5104 Ἓξ·
956 4977 1046 5041 petitio
1060 4983 1100 5030 eet
1115 4991 1177 5029 cnm
1193 4980 1360 5042 reapcmlone
1375 4979 1446 5030 clara
1462 4993 1509 5043 per
1523 4980 1698 5044 mquoedictn
1708 4984 1900 5046 euntetexpo-
