4575 6842
724 943 795 1012 338
1115 952 1320 1008 conuuruna
1343 952 1512 1006 ramum

721 1099 887 1174 similiter
911 1104 1031 1174 artem
1057 1097 1268 1192 militarem,
1289 1097 1455 1194 peritiam
1478 1115 1687 1188 armorum,
1711 1096 1894 1171 calculum

722 1238 987 1312 numerorum3
1005 1218 1086 1294 ideo
1104 1218 1238 1295 merito
1256 1225 1375 1292 totum
1390 1216 1460 1291 luit
1476 1216 1660 1291 celebrata
1674 1235 1740 1311 per
1753 1217 1896 1310 orbem,

722 1345 760 1415 et
785 1339 969 1435 praecipue
1000 1339 1098 1435 apud
1129 1340 1300 1414 Athenas.
1334 1337 1439 1413 llodo
1471 1337 1518 1413 ad
1549 1338 1777 1433 propositum
1812 1336 1897 1412 dicit

723 1467 848 1556 poeta:
882 1479 952 1556 ego
984 1459 1117 1556 navigo
1149 1459 1256 1533 istam
1290 1479 1441 1552 aquam,
1473 1456 1561 1551 quia
1594 1457 1713 1532 habeo
1743 1465 1897 1532 ventum

725 1599 956 1675 prosperum,
983 1580 1130 1674 scilicet,
1160 1580 1326 1654 favorem
1356 1578 1549 1672 Minervae;
1575 1578 1675 1654 unde
1698 1578 1803 1655 dicit:
1830 1584 1898 1654 lli-
1948 1575 1972 1646 ’.

725 1719 838 1773 amca
870 1702 983 1792 spira,
1014 1699 1116 1794 idest,
1145 1699 1301 1773 iuluudit
1332 1699 1420 1773 milri
1451 1699 1619 1794 spiritum
1653 1699 1901 1795 sapientiae

726 1821 926 1892 maduccmi
950 1821 1089 1912 Apollo,
1119 1819 1223 1913 quasi
1249 1818 1365 1894 dicat:
1381 1818 1501 1894 habeo
1519 1818 1659 1894 bonum
1681 1826 1833 1894 nautam
1861 1827 1899 1894 et

726 1938 1014 2036 gubernatorem
1042 1957 1135 2013 meae
1160 1937 1274 2032 navis,
1292 1938 1439 2033 scilicet,
1460 1938 1662 2034 Apollinem
1679 1938 1792 2014 deum
1809 1960 1900 2035 poe·

727 2061 862 2152 tarum,
880 2057 986 2134 cuius
1010 2057 1192 2132 auxilium
1209 2058 1418 2154 imploravit
1433 2058 1472 2132 in
1489 2059 1707 2154 precedenti
1721 2060 1899 2155 capitulo;
1924 2062 1928 2069 “

726 2182 762 2252 et
789 2175 897 2252 tertio
923 2176 1041 2252 habeo
1072 2183 1283 2273 magnetem
1318 2185 1355 2252 et
1387 2197 1496 2252 acum
1511 2173 1562 2272 (¹),
1594 2197 1679 2272 quae
1703 2179 1901 2254 ostendunt

726 2297 814 2372 mihi
841 2304 1125 2392 tramontanam,
1142 2297 1189 2372 ad
1207 2319 1320 2392 quam
1338 2296 1472 2394 navigo
1489 2297 1525 2370 in
1543 2298 1611 2373 isto
1637 2319 1773 2395 magno
1793 2299 1898 2373 mari.

725 2417 827 2492 Unde
860 2417 963 2493 dicit:
998 2442 1018 2492 e
1048 2439 1137 2493 aava
1166 2438 1273 2509 masc,
1308 2438 1425 2492 musae
1449 2417 1623 2493 dicuntur
1654 2439 1788 2494 novem
1821 2419 1901 2494 dee

726 2545 932 2634 puetarum,
958 2538 1005 2612 de
1031 2538 1166 2632 quihus
1191 2539 1298 2633 plene
1326 2537 1399 2613 dini
1426 2539 1546 2633 primo
1576 2538 1734 2633 capitulo
1760 2540 1902 2636 Purga-

626 2657 630 2670 '
729 2657 824 2752 lorii,
852 2661 900 2732 mi
924 2661 1123 2732 dimostrato
1149 2661 1295 2752 t’Orsc5
1320 2679 1406 2732 nam
1432 2658 1469 2732 in
1495 2666 1621 2733 nostro
1648 2661 1730 2754 polo
1755 2667 1902 2755 septen-

728 2778 873 2853 trionali
899 2785 985 2852 sunt
1010 2779 1094 2852 duae
1118 2778 1422 2872 constellationes,
1443 2777 1578 2853 scilicet
1608 2800 1695 2853 ursa
1720 2778 1840 2855 maior
1864 2785 1903 2856 et

730 2901 862 2995 minor,
889 2899 925 2976 in
952 2922 1025 2996 qua
1051 2909 1106 2976 est
1132 2907 1376 2994 tramontana,
1396 2908 1436 2972 ut
1458 2899 1602 2975 dicetur
1626 2901 1726 2976 clare
1750 2901 1815 2975 llll
1840 2921 1902 2975 ca·

728 3021 844 3117 pitulo
869 3021 979 3094 huius
1005 3021 1105 3115 libri3
1124 3021 1183 3096 vel
1208 3040 1352 3114 expone
1371 3019 1549 3114 subtilius,
1567 3041 1657 3094 noce
1672 3041 1779 3112 masc,
1799 3021 1901 3115 ideal,

730 3144 902 3236 novellae,
932 3141 1020 3236 quia
1052 3142 1101 3216 de
1131 3161 1229 3215 novo
1262 3139 1393 3236 incipio
1427 3145 1578 3236 poetare
1615 3140 1662 3218 de
1697 3163 1788 3217 vero
1825 3142 1903 3216 Deo

730 3269 881 3357 aeterno,
908 3283 982 3338 non
1007 3263 1054 3337 de
1084 3253 1214 3354 aliis(¹)
1241 3262 1421 3358 gentium,
1450 3261 1545 3336 sicut
1571 3262 1737 3337 lecerunt
1763 3263 1903 3358 antiqui

729 3391 859 3480 poetae,
878 3383 952 3476 qui,
981 3388 1072 3457 teste
1096 3381 1301 3476 Aristotele,
1320 3381 1472 3457 luerunt
1489 3383 1596 3478 primi
1617 3383 1904 3478 theologizantes

730 3504 776 3580 de
801 3503 878 3578 diis.
893 3543 943 3556 —
962 3505 1024 3576 Vei
1047 3505 1141 3577 mat.
1168 3503 1273 3576 Nunc
1298 3509 1404 3598 poeta
1423 3502 1552 3576 invitat
1568 3509 1761 3598 provectas
1785 3509 1823 3578 et
1846 3502 1905 3576 in-

731 3625 933 3720 telligentes
958 3623 1004 3697 ad
1031 3623 1195 3698 studium
1221 3622 1332 3697 huius
1351 3622 1450 3716 libri3
1468 3623 1568 3698 unde
1586 3623 1746 3720 dirigens
1763 3643 1906 3698 sermo-

732 3764 818 3819 nem
850 3743 897 3818 ad
931 3763 995 3818 eos
1027 3742 1130 3818 dicit:
1166 3745 1227 3816 Voi
1250 3745 1335 3816 ulti
1363 3745 1475 3835 poelli.
1510 3744 1610 3818 Bene
1640 3732 1784 3837 dicit(⁸),
1818 3743 1905 3837 quia

732 3863 913 3958 sapientes
946 3868 1032 3937 sunt
1065 3862 1188 3958 pauci,
1221 3862 1296 3938 imo
1330 3861 1550 3958 paucissimi,
1583 3865 1643 3936 cle
1674 3865 1908 3937 dttzzastiil

732 3988 835 4076 cotto,
853 3984 955 4078 idest,
973 3990 1084 4078 caput
1105 3983 1142 4056 in
1159 3984 1290 4076 utum,
1308 3986 1347 4055 al
1367 4004 1442 4075 pan
1466 3985 1559 4075 dupli
1582 3949 1712 4075 capet}
1732 3983 1835 4079 idest,
1857 3982 1905 4057 ad

733 4103 937 4180 doctrinam
975 4102 1107 4178 divinae
1145 4102 1306 4178 scientim
1325 4091 1377 4197 (⁸),
1411 4124 1496 4196 quae
1528 4103 1662 4198 scripta
1695 4112 1751 4178 est
1787 4104 1906 4178 mani·

733 4225 803 4298 bus
823 4223 1008 4320 angelicis,
1036 4230 1078 4296 ut
1110 4223 1189 4318 ipse
1219 4230 1327 4318 poeta
1353 4222 1494 4318 scripsit
1519 4224 1726 4320 Purgatorii
1751 4225 1905 4318 cantica,

733 4346 791 4418 det
813 4346 899 4436 qual
930 4345 1035 4416 civem
1059 4345 1130 4437 qui,
1160 4342 1261 4436 idest,
1287 4342 1450 4438 pascitur
1478 4343 1514 4416 in
1545 4342 1614 4418 isto
1638 4344 1778 4420 mundo
1803 4365 1907 4420 mor-

732 4463 809 4558 tali,
836 4483 896 4536 mc
927 4484 1001 4536 aon
1029 4483 1092 4536 sea
1117 4461 1487 4557 cortemmiaco,
1513 4483 1588 4538 non
1617 4463 1664 4538 ad
1689 4464 1906 4559 satietatem,

734 4584 821 4678 quia
847 4604 920 4658 non
947 4583 1134 4677 quietatur
1159 4583 1305 4657 animus
1330 4584 1516 4658 humanus
1544 4584 1583 4657 in
1608 4584 1676 4658 ista
1702 4585 1786 4659 rita.
1812 4586 1905 4659 Nam

733 4705 780 4780 de
806 4704 860 4779 rei
885 4703 1041 4779 veritate
1066 4724 1157 4779 vera
1180 4703 1331 4780 felicitas
1355 4724 1431 4778 nou
1455 4704 1613 4780 habetur
1638 4704 1733 4780 inter
1758 4713 1812 4782 tot
1837 4706 1909 4779 mi·

735 4823 848 4900 serias
872 4825 1071 4899 humanas:
1089 4831 1156 4897 aut
1181 4823 1279 4900 enim
1298 4825 1410 4900 homo
1429 4825 1531 4920 ponit
1546 4825 1755 4901 felicitatem
1773 4826 1810 4900 in
1830 4827 1907 4901 ior·

799 5011 826 5073 (¹)
842 5012 872 5062 Β·
888 5026 988 5064 ἃῐῦῦω·
1167 5076 1170 5080 ,
1300 5013 1328 5076 (¹)
1343 5014 1374 5064 Β.
1388 5027 1442 5065 nou
1456 5015 1490 5065 de
1506 5016 1555 5067 diis
1570 5017 1694 5081 mitum.

800 5087 826 5153 t⁸l
841 5087 872 5140 E
888 5088 1046 5154 uoluptati,
1062 5091 1131 5156 qua.
1298 5089 1328 5154 c)
1342 5089 1374 5141 u
1390 5090 1530 5154 namus,
1547 5105 1593 5143 aa
1609 5091 1730 5144 amun.
