4575 6842
715 875 791 944 360,
1105 885 1312 942 counnruu
1335 885 1502 940 rnnnnnu

713 1054 833 1128 versu,
855 1036 932 1107 vien
957 1035 1005 1107 dn
1030 1053 1123 1126 esra,
1140 1032 1286 1128 scilicet,
1305 1039 1439 1108 natura
1459 1036 1669 1124 naturante,
1686 1049 1770 1125 quae
1787 1030 1886 1106 Deus

712 1163 779 1251 est,
804 1175 876 1228 non
901 1156 951 1227 da
974 1155 1082 1228 denne
1108 1175 1127 1227 c
1151 1175 1256 1245 rare,
1281 1153 1376 1228 sicut
1406 1157 1448 1225 tu
1477 1149 1704 1247 opinabaris:
1730 1150 1885 1226 densum

714 1280 770 1350 est
794 1274 902 1349 cuins
927 1281 1049 1369 partes
1075 1282 1162 1352 sunt
1181 1272 1408 1369 propinquae,
1425 1276 1464 1346 et
1480 1291 1611 1346 earum
1630 1272 1814 1366 quantitas
1832 1278 1888 1346 ert

716 1416 854 1491 parva3
881 1415 903 1470 e
928 1393 1113 1468 contrario
1138 1399 1194 1468 est
1225 1392 1262 1466 in
1296 1412 1394 1487 raro,
1420 1391 1508 1487 quia
1539 1412 1667 1466 rarum
1697 1398 1754 1466 est
1781 1391 1888 1466 cuius

715 1523 837 1612 partes
861 1516 1005 1609 distant,
1032 1514 1120 1609 quia
1145 1514 1182 1587 in
1208 1514 1388 1589 maiorem
1408 1514 1651 1608 quantitatem
1671 1513 1886 1605 dilatantur3

715 1635 814 1711 unde
838 1635 941 1710 dicit:
969 1655 1059 1728 essa,
1080 1632 1226 1729 scilicet,
1244 1641 1378 1709 natura
1396 1639 1584 1728 naturam,
1603 1629 1773 1727 esuriunt
1782 1635 1887 1726 pria-

715 1759 830 1853 cipi05
855 1763 892 1830 et
916 1755 976 1830 hic
1000 1762 1086 1830 nota
1118 1755 1217 1850 quud
1247 1754 1421 1850 principia
1454 1754 1623 1830 iurmalia
1647 1761 1733 1828 sunt
1762 1755 1887 1828 multi-

665 1935 667 1944 .
716 1876 835 1973 plicia:
861 1875 1022 1972 primum
1049 1882 1104 1950 est
1129 1875 1247 1970 prima
1265 1874 1383 1949 virtus
1408 1873 1516 1971 primi
1537 1874 1736 1969 moventis3
1757 1873 1887 1950 deinde

717 1997 871 2072 virtutes
897 2003 1083 2070 motorum
1109 1995 1314 2071 coelestium
1340 1999 1378 2070 et
1407 1995 1572 2090 ipsorum
1597 1995 1780 2068 coelcrum
1806 2014 1888 2068 mo-

716 2123 866 2210 turum3
897 2115 1027 2192 deinde
1057 2123 1143 2190 sunt
1168 2116 1324 2191 uirtutes
1348 2115 1537 2208 animales,
1564 2114 1659 2189 sicut
1687 2114 1810 2190 anima
1834 2122 1890 2190 ert

717 2237 835 2312 forma
861 2235 1044 2334 corporis3
1062 2235 1194 2312 deinde
1211 2236 1368 2310 virtutes
1383 2235 1605 2330 corporales.
1624 2233 1728 2309 Unde
1743 2234 1828 2310 dicit
1844 2233 1890 2310 de

716 2356 792 2452 ipsa
819 2357 937 2450 prima
964 2357 1112 2449 virtute,
1138 2359 1199 2430 cite
1217 2359 1423 2449 prouuoett
1445 2355 1546 2429 arto
1562 2357 1620 2429 e'l
1634 2357 1768 2449 citare,
1788 2354 1889 2448 idest,

717 2475 906 2550 turbidum
933 2483 969 2551 et
994 2476 1170 2570 lucidum,
1187 2480 1368 2571 conforme
1384 2497 1409 2548 a
1428 2496 1495 2548 rua
1514 2476 1664 2566 nouae,
1682 2474 1785 2568 idest,
1802 2494 1891 2549 non·

719 2595 869 2671 veniens
895 2615 973 2670 suae
991 2596 1134 2670 virtuti:
1161 2596 1279 2691 prima
1300 2596 1399 2670 enim
1420 2595 1548 2690 virtus,
1566 2615 1651 2689 quae
1668 2600 1723 2670 est
1740 2593 1891 2669 motoris

719 2714 827 2810 primi
853 2714 916 2810 qui
946 2723 1001 2791 est
1032 2715 1251 2813 principium
1277 2716 1387 2790 tutius
1413 2715 1668 2810 universitatis,
1694 2720 1751 2790 est
1775 2714 1891 2789 virtus

719 2836 892 2929 formalis,
925 2857 1009 2931 quae
1039 2837 1212 2912 informat
1236 2857 1366 2912 omnes
1396 2836 1506 2931 alias;
1536 2841 1573 2912 et
1601 2855 1731 2910 omnes
1762 2835 1891 2909 iormae

720 2977 804 3051 quae
830 2955 923 3030 fiunt
948 2957 985 3030 in
1005 2957 1157 3032 materia
1177 2965 1264 3032 sunt
1280 2956 1448 3052 quadam
1467 2957 1644 3054 imagines
1664 2955 1755 3032 eius.
1773 2956 1818 3029 Et
1834 2954 1892 3030 hic

720 3076 850 3151 ultimo
882 3083 968 3152 nota
1001 3077 1100 3172 qnod
1129 3079 1265 3153 Dantes
1294 3099 1369 3153 non
1397 3077 1542 3153 videtur
1572 3077 1792 3153 concludere
1825 3075 1893 3150 nisi

721 3197 821 3292 quod
846 3199 991 3273 macula
1017 3199 1054 3273 in
1079 3198 1168 3273 luna
1192 3198 1355 3294 procedit
1371 3220 1394 3274 a
1411 3197 1586 3294 primaria
1607 3219 1719 3274 eausa
1745 3199 1894 3273 univer·

722 3317 798 3411 sali,
825 3324 949 3394 tamen
974 3339 1048 3393 non
1073 3320 1233 3417 assignat
1257 3319 1419 3413 aliquam
1451 3339 1602 3393 causam
1634 3319 1893 3415 particularem

722 3458 806 3533 quae
831 3444 932 3513 esta
959 3459 1045 3513 raro
1071 3444 1107 3515 et
1132 3439 1255 3514 denso.
1273 3438 1394 3534 Aliqui
1420 3444 1544 3512 tamen
1570 3437 1697 3513 dicunt
1721 3437 1818 3533 quud
1838 3443 1895 3513 est

721 3579 744 3632 a
761 3558 880 3634 iorrna
897 3559 1075 3656 specifica,
1088 3561 1182 3635 sicut
1199 3559 1367 3635 ridemus
1382 3558 1580 3654 aliquando
1601 3558 1701 3654 quud
1717 3557 1755 3632 in
1770 3557 1895 3653 alique
2018 3547 2022 3554 ’

724 3678 842 3775 lapide
866 3687 1017 3777 apparet
1041 3689 1142 3757 certa
1168 3682 1313 3757 umbra.
