4575 6842
731 982 870 1038 esurus
895 983 1087 1039 vreusruus
1111 984 1279 1051 Qururus.
1512 977 1582 1043 >117

409 1129 453 1202 ut
477 1127 536 1202 hic
562 1133 649 1202 nota
674 1126 773 1221 quod
800 1127 1075 1202 matrimonium
1101 1148 1175 1202 non
1202 1131 1322 1204 solum
1353 1138 1407 1206 est
1435 1131 1583 1206 ordina-

411 1255 490 1321 tum
516 1248 555 1321 in
580 1247 695 1322 veteri
723 1253 761 1322 et
791 1267 887 1321 novo
919 1253 1139 1323 testamento
1169 1255 1206 1324 et
1237 1271 1304 1346 per
1335 1252 1435 1348 leges
1460 1252 1583 1327 civiles

409 1376 448 1445 et
464 1368 670 1463 canonicas,
688 1368 753 1442 sed
769 1369 880 1443 etiam
897 1367 996 1464 apud
1013 1369 1167 1466 gentiles
1184 1371 1280 1446 bene
1298 1372 1471 1466 viventes,
1490 1373 1584 1447 sicut

410 1489 497 1565 otim
515 1489 614 1584 apud
629 1507 771 1586 grecos
795 1496 833 1564 et
859 1509 1048 1564 romanos:
1067 1489 1144 1565 imo
1168 1495 1205 1564 et
1229 1491 1440 1566 Aristoteles
1457 1492 1494 1564 in
1512 1492 1584 1565 Po-

412 1609 516 1684 liticis
540 1610 672 1705 probat
686 1603 723 1701 (¹)
749 1609 849 1703 quod
865 1611 1081 1685 naturaliter
1098 1611 1210 1684 homo
1227 1619 1282 1686 est
1302 1611 1438 1686 animal
1454 1612 1584 1686 coniu-

412 1732 497 1827 gale
520 1736 714 1805 contentus
739 1751 824 1804 una.
850 1729 893 1803 ut
919 1731 1102 1806 concludit
1131 1739 1240 1826 pocta
1269 1732 1392 1808 dicens
1418 1739 1455 1808 et
1481 1732 1583 1806 clau-

413 1850 502 1924 dens
528 1849 748 1945 capitulum:
775 1872 793 1922 c
819 1858 936 1942 questo
961 1853 1079 1942 modo,
1105 1845 1299 1947 clamandi,
1318 1855 1423 1926 credo
1448 1855 1507 1925 circ
1528 1855 1585 1926 tor

413 1973 514 2064 bant,
540 1969 675 2046 scilicet
701 1970 928 2064 mutieribus,
958 1993 1025 2063 per
1056 1979 1139 2046 tutto
1157 1976 1183 2046 ’t
1206 1980 1318 2066 tempo
1347 1976 1408 2046 cte
1427 1976 1453 2047 'l
1479 1979 1584 2068 [uoco

412 2097 462 2185 pti
477 2093 659 2183 attracio,
671 2090 717 2166 ad
729 2091 1006 2187 purgationem:
1021 2099 1058 2167 et
1071 2111 1159 2168 ecce
1172 2114 1335 2189 causam,
1350 2115 1415 2168 coa
1433 2099 1484 2168 tal
1495 2116 1584 2168 corn

412 2219 595 2289 cmcienc
620 2233 686 2286 con
710 2216 762 2285 tci
779 2216 897 2306 posti5
922 2214 1026 2307 quasi
1053 2214 1165 2289 dicat:
1188 2215 1268 2290 talis
1294 2214 1473 2290 medicina
1494 2235 1584 2290 con-

412 2334 513 2410 venit
537 2353 623 2408 cum
650 2332 783 2408 talibus
808 2332 956 2428 morbis,
982 2333 1130 2429 scilicet,
1149 2341 1191 2408 ut
1211 2335 1303 2432 ignis
1327 2341 1585 2429 compescatur

413 2457 509 2554 igne,
533 2457 640 2528 ctcsa'
663 2457 796 2527 mortno
812 2456 849 2526 to
866 2459 978 2548 pinpo
998 2457 1048 2528 dc
1063 2477 1194 2550 sezzo;
1212 2456 1281 2530 hoc
1302 2463 1357 2531 est
1382 2456 1505 2532 dicere
1526 2456 1584 2529 ui-

414 2577 546 2650 timnm
571 2581 775 2672 peccatum,
796 2573 931 2650 scilicet
955 2581 1147 2670 peccatum
1170 2575 1338 2650 luxuriae.
1357 2577 1401 2650 ut
1421 2583 1476 2650 est
1497 2597 1585 2651 con-

412 2697 563 2772 veniens
600 2695 834 2790 metaphora:
874 2693 967 2768 sicut
1006 2695 1105 2768 enim
1139 2695 1303 2771 medicus
1334 2697 1412 2771 suit
1437 2697 1583 2794 plagam

415 2837 599 2914 magnam,
625 2821 663 2890 et
687 2813 883 2908 aliquando
907 2813 983 2888 urit
1007 2815 1106 2890 illam
1132 2815 1217 2912 igne
1243 2837 1290 2891 ne
1315 2824 1510 2913 putrescat,
1533 2818 1582 2892 ita

412 2943 573 3012 aeternus
587 2935 751 3010 medicus
764 2939 955 3030 peccatum
973 2934 1132 3009 luxuriae
1150 2935 1207 3010 tric
1225 2947 1360 3034 purgat
1375 2958 1442 3033 per
1459 2938 1581 3034 ignem

414 3077 461 3130 ne
486 3055 604 3151 pariat
628 3055 779 3129 saniem.

381 3329 385 3334 ·
475 3313 502 3377 (¹)
518 3311 550 3361 E.
565 3310 637 3373 ponit
652 3314 680 3360 et
695 3308 795 3373 probat,
811 3307 910 3359 scilieet
924 3308 1003 3374 quom
