4575 6842
702 978 840 1035 csurus
865 977 1081 1035 snssnsmus
1105 977 1267 1032 userius.
1496 964 1568 1033 27¹1

397 1123 442 1199 sti
466 1124 595 1219 altum,
627 1126 763 1214 dume,
788 1123 889 1217 idest,
918 1121 1061 1197 ridetur
1086 1120 1246 1215 sopitum
1272 1124 1310 1195 et
1340 1120 1567 1215 hebetatum,

395 1265 433 1318 se
455 1264 529 1317 rtoo
552 1246 685 1336 istima,
707 1242 812 1336 idest,
836 1241 1075 1335 coniectaret,
1092 1242 1149 1329 ici,
1166 1238 1270 1334 idest,
1295 1239 1428 1314 dictam
1455 1240 1568 1315 arbo·

396 1383 488 1457 rem,
514 1384 608 1437 esser
632 1368 729 1437 anuo
753 1364 896 1453 cereno,
921 1360 1027 1455 idest,
1050 1360 1163 1435 altam
1194 1364 1376 1453 quantum
1403 1359 1477 1435 dixi
1503 1360 1568 1435 titt

397 1503 509 1579 supra
534 1482 692 1578 capitulo
717 1481 897 1577 proximo,
925 1480 987 1557 ubi
1012 1480 1086 1556 diri
1111 1480 1212 1575 quod
1240 1479 1384 1555 excedit
1406 1480 1567 1556 altitudi-

398 1622 483 1681 nem
508 1600 680 1677 omnium
700 1601 879 1679 arborum
905 1600 1025 1696 indiae,
1051 1595 1072 1675 e*
1098 1592 1129 1673 sl
1158 1603 1311 1675 uomitu
1340 1602 1434 1673 aedo
1462 1602 1567 1691 amu,
1658 1651 1666 1668 .

398 1724 483 1818 quia
509 1724 619 1797 habet
645 1742 768 1799 ramos
794 1728 1008 1797 recurvatus
1028 1720 1076 1795 ad
1095 1727 1234 1795 terram
1255 1721 1568 1817 percontrarium

398 1850 609 1919 nostrarum
626 1842 816 1937 arborum,
830 1863 897 1935 per
912 1844 1074 1933 mentor
1094 1844 1265 1936 tuomum
1283 1841 1436 1917 altitudo
1453 1841 1567 1937 siqui·

398 1963 482 2039 dem
507 1963 649 2039 arboris
674 1963 784 2039 huius
801 1962 937 2060 figurat
955 1962 1055 2057 quod
1072 1962 1221 2041 scientia
1239 1962 1304 2037 [tei
1320 1968 1375 2037 est
1391 1961 1566 2038 altissima

398 2084 435 2157 in
461 2084 664 2178 infinitum
688 2083 869 2160 revolutio
892 2090 1019 2159 autem
1038 2082 1174 2179 figurat
1193 2082 1292 2177 quod
1310 2084 1433 2157 nullus
1449 2089 1568 2177 potest

396 2204 595 2281 ascendere
611 2205 670 2280 vel
686 2204 869 2301 attingere
884 2204 932 2279 ad
948 2203 1047 2279 illam
1068 2201 1317 2297 altitudinem;
1346 2202 1443 2278 unde
1458 2203 1567 2298 prinu

396 2331 573 2421 parentes
592 2325 679 2419 quia
705 2325 903 2401 voluerunt
927 2323 1022 2401 scire
1048 2325 1128 2419 plus
1154 2330 1191 2399 et
1215 2322 1325 2398 altius
1341 2343 1454 2417 quam
1472 2328 1568 2400 esset

397 2447 449 2522 eie
462 2445 694 2543 permissum,
709 2464 756 2521 ex
768 2444 957 2519 altitudine
970 2444 1130 2521 scientiae
1146 2449 1303 2519 ruerunt
1314 2443 1352 2517 in
1369 2443 1475 2517 istem
1489 2442 1568 2517 val-

398 2567 470 2641 lem
488 2564 713 2662 ignorantiae.
731 2565 776 2638 Et
795 2562 916 2639 subdit
932 2584 1083 2639 causam
1100 2563 1316 2659 ignorantia
1332 2570 1463 2658 poetae,
1480 2563 1568 2657 quia

399 2686 545 2781 scilicet,
576 2684 719 2761 vacavit
743 2683 822 2759 aliis
854 2683 1012 2759 scientiis
1037 2684 1160 2778 varim
1192 2704 1276 2779 quae
1300 2683 1568 2759 induraverunt

399 2811 560 2883 mentem
587 2824 693 2879 suam
712 2822 760 2879 oe
775 2810 1015 2901 cognosceret
1031 2802 1098 2879 ista
1116 2803 1249 2879 divina.
1267 2802 1402 2877 Ordine
1422 2802 1567 2879 literam

400 2928 470 3003 sie:
496 2927 758 3001 ccouosccresti
774 2928 811 2998 la
825 2926 989 3015 olosma
1005 2927 1043 2999 di
1059 2928 1129 2997 Dio
1145 2927 1236 2998 netto
1251 2926 1446 3015 iatcrdetto,
1463 2922 1568 3017 quasi

400 3047 512 3123 dicat:
530 3052 568 3122 et
584 3064 807 3142 cognoscere
824 3064 948 3140 posses
965 3045 1065 3139 qood
1076 3046 1178 3140 jnste
1192 3046 1291 3119 ileos
1308 3044 1425 3121 vetuit
1440 3064 1569 3119 ascen-

400 3189 483 3243 sum
500 3167 603 3242 istius
618 3165 771 3260 arboris,
785 3172 823 3241 et
833 3166 934 3261 juste
950 3164 1090 3261 punivit
1107 3165 1350 3261 expoliatores
1366 3166 1464 3261 eius;
1482 3186 1568 3241 nam

400 3286 584 3363 interdixit
607 3285 694 3360 ldae
720 3305 768 3361 ne
784 3284 995 3361 comederet
1014 3284 1061 3361 de
1080 3285 1205 3361 fructu
1225 3284 1320 3361 illius
1344 3285 1390 3361 ad
1413 3286 1570 3360 innuen-

400 3406 488 3481 dum
524 3405 622 3500 quod
653 3424 786 3480 manus
817 3405 1102 3481 inobedientium
1137 3426 1212 3480 non
1245 3404 1490 3481 extendantur
1522 3405 1569 3481 ad

400 3532 538 3601 tantam
569 3526 836 3621 excellentiam,
862 3527 956 3601 sicut
985 3527 1168 3621 superbus
1196 3526 1365 3601 curiosus
1394 3526 1457 3620 qui
1490 3528 1570 3601 vult

399 3665 528 3741 sapere
553 3647 749 3742 plusquam
784 3652 939 3743 oportet.
966 3646 1050 3721 ldeo
1083 3646 1188 3721 dicit:
1223 3670 1242 3721 e
1272 3647 1293 3721 t'
1305 3648 1404 3722 older
1435 3650 1571 3721 morut-

401 3774 531 3861 mcnte;
556 3766 635 3841 lraec
660 3766 758 3841 enim
785 3767 897 3841 arbor
922 3765 1073 3862 lingitur
1098 3766 1135 3841 in
1161 3766 1223 3841 tali
1244 3768 1362 3843 lerina
1388 3773 1424 3843 et
1449 3766 1570 3864 δεῦτε

401 3896 529 3964 eontra
554 3886 707 3963 modum
732 3886 889 3963 aliarum
910 3886 1087 3961 arborum
1108 3892 1258 3982 propter
1276 3886 1427 3963 eausam
1445 3907 1571 3965 mora·

401 4008 474 4083 lem
495 4007 574 4103 jam
599 4007 832 4104 assignatam.
855 4006 933 4083 Alia
950 4012 1075 4082 autem
1094 4028 1206 4083 causa
1227 4026 1312 4102 que
1326 4008 1471 4085 videtur
1490 4030 1571 4083 ma-

401 4128 456 4225 gis
481 4127 658 4203 naturalis
681 4128 864 4225 assignata
889 4128 956 4203 ioit
981 4148 1104 4223 supra,
1125 4127 1213 4221 quia
1238 4127 1384 4222 scilicet,
1405 4130 1484 4205 lraec
1508 4150 1571 4204 ar·

401 4248 469 4323 bor
494 4248 604 4323 habet
630 4248 769 4323 radices
794 4247 831 4322 in
856 4248 949 4323 ooelo
978 4253 1016 4322 et
1046 4267 1172 4322 ramos
1195 4267 1325 4323 versus
1356 4255 1509 4342 terram,
1533 4256 1574 4325 et

400 4367 450 4443 ita
475 4367 691 4445 alimentum
718 4367 828 4443 habet
852 4388 874 4443 a
900 4368 994 4443 ooelo
1019 4366 1082 4443 ubi
1106 4366 1188 4441 aliae
1212 4367 1365 4443 arbores
1389 4366 1524 4442 habent
1549 4388 1571 4443 e

400 4487 608 4582 eontrari03
636 4508 705 4581 per
739 4494 831 4581 moto
859 4490 1075 4563 orcostunze
1103 4490 1304 4579 solamente,
1333 4494 1425 4581 quot
1454 4487 1571 4568 vidisti

401 4614 439 4683 et
462 4606 649 4701 audivisti3
677 4628 764 4682 nam
789 4606 1072 4683 circumstantiae
1092 4607 1251 4681 multum
1273 4605 1409 4683 iaciunt
1433 4606 1481 4681 ad
1506 4628 1570 4682 co·

400 4725 598 4825 gnitionern
626 4726 720 4821 iacti,
747 4748 783 4800 sc
803 4730 829 4801 o·
839 4727 982 4819 passer
999 4729 1095 4819 onai,
1113 4726 1216 4822 idest,
1234 4727 1264 4802 si
1280 4726 1361 4803 atiae
1378 4746 1480 4801 corat
1497 4733 1572 4807 tnae

401 4847 499 4922 circa
524 4845 691 4921 scientias
715 4846 911 4921 saeculmas
928 4852 967 4921 et
983 4847 1141 4921 honores
1158 4846 1389 4943 temporales,
1406 4866 1480 4921 nou
1495 4849 1573 4942 sos·

400 4989 459 5041 ser
482 4970 564 5041 stati
586 4986 700 5060 acqua
716 4970 750 5042 d’
764 4970 847 5041 ntra
866 4968 1009 5040 moneo
1025 4969 1316 5061 artemonem,
1333 4966 1572 5063 quasidicat:
1613 5042 1618 5050 .

402 5107 476 5163 non
501 5086 731 5167 indurassent
756 5088 923 5165 animum
949 5094 1056 5163 tuum
1074 5088 1167 5164 sicut
1183 5110 1282 5185 aqua
1302 5089 1395 5165 lilsae
1421 5088 1573 5168 indura-
