4575 6842
1068 900 1273 958 comtum
1298 901 1517 956 educendam

701 1324 868 1394 cautus
901 1323 1134 1392 VIGESIMUS
1169 1321 1367 1404 QUINTUS,
1402 1321 1438 1388 in
1469 1341 1529 1405 peto
1550 1319 1719 1405 Virpdius
1751 1319 1878 1404 reponit

779 1436 919 1506 &adum
938 1437 1174 1504 decimatorem
1202 1435 1308 1502 Danti
1342 1435 1543 1518 pneumon
1575 1433 1712 1517 qualiter
1738 1437 1878 1518 possset

781 1550 961 1617 mauri
987 1551 1131 1633 spiritua
1158 1547 1213 1614 uti
1239 1568 1304 1614 ooo
1332 1545 1503 1629 expediunt
1533 1547 1745 1628 autument&
1779 1550 1810 1611 et
1839 1545 1878 1612 de

781 1661 872 1728 modo
893 1662 1008 1748 figuret
1028 1661 1208 1744 spidtuum,
1233 1665 1263 1726 et
1285 1657 1518 1743 &quantulum
1540 1657 1580 1724 de
1600 1659 1751 1742 sequent.

784 1907 912 2075 ona
938 2020 1003 2073 ero
1028 2001 1118 2072 uude
1134 2001 1161 2072 't
1182 2001 1272 2072 sotir
1296 2020 1369 2072 ooo
1394 2003 1493 2073 vobo
1513 2003 1657 2092 sterpio.
1676 2001 1876 2096 Postquam

702 2121 741 2195 in
767 2119 948 2216 superiori
973 2119 1132 2216 capitulo
1158 2126 1265 2216 poeta
1292 2125 1415 2195 noster
1441 2120 1652 2196 terminavit
1677 2127 1875 2196 tractatum

702 2241 811 2338 gulae,
838 2259 923 2334 quae
948 2239 1100 2335 punitur
1130 2238 1168 2313 in
1199 2245 1304 2315 serto
1330 2239 1480 2335 circulo,
1507 2259 1607 2314 nunc
1638 2240 1675 2313 in
1709 2241 1877 2336 presenti

703 2359 862 2456 capitulo
876 2359 974 2433 XXV
991 2365 1193 2454 pertractat
1211 2381 1325 2434 unam
1342 2361 1498 2435 arduam
1519 2359 1773 2457 quaestionem,
1793 2382 1878 2456 qnae

705 2482 868 2557 nascitur
884 2481 982 2557 circa
999 2481 1132 2556 dictam
1149 2480 1354 2576 materiam,
1369 2488 1405 2557 et
1422 2480 1533 2557 intrat
1551 2487 1747 2556 tractatum
1766 2483 1880 2556 luxu-

706 2602 771 2676 riae
797 2621 882 2696 quae
906 2601 1059 2697 ponitur
1083 2602 1121 2676 in
1145 2602 1300 2697 septimo
1326 2601 1475 2676 circulo.
1493 2602 1537 2675 Et
1554 2601 1649 2676 istud
1675 2603 1877 2699 capitulum

703 2726 825 2818 potest
849 2720 959 2795 dividi
984 2721 1021 2795 in
1046 2727 1208 2816 quatuor
1225 2729 1347 2816 partes
1364 2722 1567 2819 generales.
1586 2723 1627 2796 ln
1647 2723 1766 2819 prima
1783 2743 1878 2816 qua-

705 2863 790 2915 rum
816 2846 924 2936 poeta
957 2842 1128 2938 proponit
1143 2835 1180 2934 (¹)
1212 2841 1324 2916 altam
1355 2841 1596 2935 quaestionem
1631 2841 1790 2938 Virgilio,
1817 2841 1878 2916 cui

704 2960 877 3058 Virgilius
903 2961 1098 3056 respondet
1121 2961 1159 3035 in
1184 2960 1359 3058 generali.
1378 2960 1418 3033 ln
1445 2961 1605 3036 secunda
1631 2960 1767 3036 Statius
1791 2981 1878 3057 pre-

706 3081 811 3156 cibus
824 3082 961 3177 Virgilii
976 3083 1103 3157 volens
1121 3081 1265 3156 solvere
1284 3081 1536 3177 quaestionem,
1550 3081 1737 3176 quomodo
1755 3083 1879 3157 anima

705 3210 874 3298 separata
899 3203 1071 3298 patiatur,
1096 3202 1220 3299 incipit
1244 3224 1267 3277 a
1293 3203 1412 3299 longe,
1434 3209 1472 3278 et
1496 3207 1696 3298 pertractat
1720 3222 1880 3298 genera·

705 3323 843 3398 tionem
870 3323 992 3417 loetus,
1017 3323 1086 3397 ibi:
1113 3327 1157 3398 Se
1182 3327 1219 3397 la
1247 3326 1381 3396 oedutu.
1414 3324 1455 3398 ln
1487 3323 1595 3400 tertia
1619 3322 1716 3397 idem
1744 3322 1882 3396 Statius

706 3442 878 3517 describit
902 3442 1182 3538 productionem
1208 3443 1341 3518 animae
1361 3443 1398 3517 in
1418 3444 1538 3538 ipsum
1565 3443 1708 3538 loetnm,
1727 3449 1764 3518 et
1784 3443 1880 3516 illius

706 3563 975 3658 separationem
1002 3585 1025 3640 a
1050 3585 1217 3660 corpore,
1235 3569 1272 3640 et
1292 3571 1470 3660 separatae
1488 3564 1706 3660 passionem,
1728 3564 1795 3638 ibi:
1817 3569 1880 3638 Mu

706 3705 803 3757 coare
826 3686 1017 3758 deotmot.
1043 3684 1084 3757 ln
1110 3691 1243 3778 quarta
1269 3691 1307 3760 et
1333 3684 1461 3759 ultima
1479 3685 1589 3760 intrat
1608 3685 1801 3760 materiam
1820 3685 1881 3758 lu-

707 3803 837 3899 xuriae,
863 3810 899 3879 et
924 3804 1094 3880 describit
1118 3825 1266 3901 poenam
1294 3805 1374 3880 eius
1399 3804 1436 3879 in
1461 3805 1635 3903 generali,
1662 3805 1730 3879 ibi:
1762 3810 1795 3878 Ε
1821 3794 1883 3898 piri

708 3930 841 3997 umato
871 3923 926 3998 Ad
958 3924 1118 4020 primum
1149 3924 1242 4020 dico,
1268 3925 1365 4020 quod
1400 3932 1508 4020 poeta
1539 3932 1663 4000 movet
1694 3924 1879 4000 difficilem

707 4044 948 4139 questionem
973 4044 1135 4143 Virgilio,
1168 4045 1314 4140 scilicet,
1348 4045 1535 4140 quomodo
1560 4045 1683 4120 anima
1711 4051 1880 4140 separata

707 4168 827 4258 potest
846 4164 920 4260 pati
937 4184 1098 4260 poenam.
1124 4165 1169 4238 Et
1192 4165 1313 4260 primo
1339 4165 1526 4261 premittit
1542 4167 1672 4240 horam
1694 4164 1880 4260 temporis,

708 4289 746 4358 et
763 4283 1026 4359 sententialiter
1043 4284 1080 4358 in
1097 4284 1229 4359 ellectu
1250 4305 1323 4359 non
1342 4285 1421 4360 vult
1437 4285 1536 4360 aliud
1552 4285 1685 4380 dicere,
1700 4285 1767 4358 nisi
1781 4284 1883 4379 quod

708 4423 783 4478 non
808 4409 889 4478 erat
913 4405 1006 4478 hora
1032 4403 1206 4499 perdendi
1231 4411 1388 4500 tempus,
1415 4405 1502 4498 qnia
1529 4405 1608 4500 jam
1634 4403 1881 4478 transiverant

708 4524 793 4599 duae
819 4530 940 4619 partes
965 4524 1036 4600 diei
1062 4525 1099 4599 in
1125 4546 1193 4600 suo
1211 4524 1444 4622 hemisperio,
1462 4525 1555 4600 sicut
1572 4524 1656 4600 duae
1677 4530 1799 4620 partes
1817 4543 1886 4598 no-

709 4646 775 4721 ctis
800 4646 1044 4720 transiverant
1069 4646 1106 4720 in
1118 4653 1272 4740 ‚nostr03
1293 4645 1374 4721 ideo
1391 4646 1647 4721 accelerabant
1662 4636 1698 4738 (²)
1718 4645 1798 4720 iter.
1820 4643 1885 4719 Di-

709 4765 758 4840 cit
782 4785 890 4861 ergo:
922 4771 999 4840 Oro
1024 4788 1103 4858 eru,
1122 4773 1198 4840 tam
1226 4766 1341 4860 tarda,
1364 4768 1455 4840 nude
1470 4768 1497 4839 'l
1509 4767 1611 4858 sotir,
1633 4764 1737 4859 idest,
1754 4784 1884 4839 ascen-

775 5024 802 5088 (')
817 5023 849 5076 E.
864 5025 938 5087 ponit
953 5024 1063 5075 alteram
1078 5010 1256 5090 questionem.
1443 5026 1471 5089 (¹)
1487 5025 1518 5077 E.
1534 5025 1702 5078 accelerabat.
