4575 6842
725 957 863 1013 usurus
888 959 1082 1014 vicesimus
1106 958 1272 1026 omerus.
1533 945 1578 1012 97

409 1102 586 1199 magistro
620 1123 717 1196 meo,
741 1106 888 1196 ducotpt
918 1123 986 1192 me,
1011 1102 1114 1196 idest,
1141 1108 1293 1176 excuset
1325 1108 1361 1177 et
1391 1111 1581 1179 removeat

408 1241 516 1296 mea
541 1223 650 1318 cnlpa
675 1222 903 1316 temeritatis,
929 1243 966 1295 se
989 1225 1040 1313 pti
1063 1224 1232 1314 dt'spiepo,
1254 1220 1357 1316 idest,
1383 1223 1412 1297 si
1439 1223 1581 1319 explico

408 1349 447 1417 et
470 1342 596 1438 aperio
620 1343 700 1436 sibi,
717 1347 754 1417 to
773 1345 898 1416 cedato
914 1350 1048 1434 ebroe,
1065 1342 1171 1435 idest,
1188 1342 1379 1418 veritatem
1402 1349 1579 1420 eternam

407 1462 519 1537 buius
543 1463 763 1558 quaestionis,
791 1452 827 1536 td
851 1465 940 1536 douc
964 1469 999 1538 ts
1021 1465 1084 1552 stc,
1101 1461 1205 1556 idest,
1223 1462 1259 1534 in
1280 1463 1472 1557 prasentia
1497 1472 1580 1559 tua;

408 1581 514 1675 quasi
540 1582 635 1658 dicat
660 1581 796 1658 Statius
821 1582 989 1678 Virgilio:
1014 1582 1085 1657 boc
1109 1602 1227 1656 unum
1248 1581 1367 1657 solum
1389 1585 1580 1658 excusabit

408 1702 731 1797 praesumptionem
758 1721 893 1795 meam,
911 1703 1011 1797 quod
1028 1723 1098 1800 ego
1119 1722 1193 1777 non
1218 1723 1368 1798 possum
1394 1703 1579 1800 denegare

408 1820 545 1916 aliquid
571 1820 645 1916 tibi,
663 1843 749 1896 cum
776 1841 887 1897 omne
913 1830 1020 1896 tuum
1041 1841 1239 1920 precamen
1265 1822 1310 1896 sit
1337 1823 1424 1897 mibi
1450 1823 1579 1898 arctis-

407 1941 544 2016 simum
569 1948 805 2038 preceptum.
831 1941 876 2016 lit
900 1943 1022 2017 subdit
1046 1944 1241 2018 exordium
1258 1943 1359 2018 Statii
1377 1943 1423 2018 ad
1444 1965 1497 2038 se,
1515 1945 1578 2037 qni

407 2062 585 2159 promittit
609 2063 675 2136 sibi
701 2061 985 2138 declarationem
1013 2062 1234 2156 quaestionis.
1260 2062 1362 2136 Unde
1388 2063 1491 2138 dicit:
1517 2067 1580 2155 pot

406 2176 589 2274 mmo,
604 2183 745 2278 supple,
761 2182 885 2258 dicere
904 2183 994 2256 mibi
1018 2182 1078 2258 ille
1102 2183 1239 2256 Statius
1265 2189 1307 2256 ut
1333 2182 1502 2258 redderet
1519 2203 1580 2258 me

406 2309 608 2380 attentum:
635 2306 791 2396 ofiptto,
809 2305 871 2398 qui
898 2303 1010 2379 babes
1037 2304 1095 2378 bic
1120 2304 1214 2377 duos
1235 2310 1369 2400 patres,
1388 2303 1579 2401 Virgilium

410 2431 448 2500 et
474 2444 546 2518 me,
570 2445 609 2497 sc
633 2427 670 2498 la
694 2431 805 2498 mente
827 2433 888 2498 tua
912 2427 1055 2516 girardo
1079 2445 1098 2497 e
1121 2427 1247 2516 ricem,
1273 2423 1578 2519 intellectualiter,

409 2549 442 2620 le
465 2548 532 2617 nee
553 2547 680 2636 parole
704 2547 730 2618 o·
750 2547 844 2638 fisso
868 2548 958 2619 tuoto
982 2547 1021 2618 al
1042 2567 1138 2618 conce
1162 2548 1222 2619 cte
1246 2551 1282 2619 to
1305 2548 1383 2638 dte;
1401 2524 1509 2640 qnasi
1525 2545 1579 2618 di-

407 2671 484 2740 cat:
510 2665 587 2760 ipsa
614 2665 728 2740 verba
753 2686 837 2740 mea
861 2664 1101 2741 declarabunt
1126 2673 1163 2741 te
1194 2666 1241 2741 de
1273 2666 1475 2760 quaestione
1504 2686 1578 2760 qua

407 2805 508 2860 nunc
533 2785 682 2879 petebas
693 2776 729 2877 (¹)
749 2785 952 2882 Virgilium,
970 2807 1057 2860 cum
1074 2787 1238 2862 dicebas:
1256 2787 1442 2881 quomodo
1460 2793 1579 2882 potest

407 2903 596 2997 berionis
623 2924 748 2979 macer
772 2912 842 2980 etc.
856 2910 1068 2998 -soapoa
1099 2906 1164 2980 llic
1194 2906 1330 2981 Statius
1344 2897 1381 2999 (²)
1409 2906 1531 3001 incipit
1555 2926 1577 2981 a

408 3026 646 3123 generatione
658 3025 778 3099 loetus.
797 3025 851 3100 dd
864 3026 971 3100 cuius
983 3027 1255 3124 intelligentiam
1270 3026 1473 3102 secundum
1492 3047 1578 3121 per-

406 3145 617 3220 suasionem
638 3144 740 3219 Statii
766 3150 822 3220 est
837 3151 914 3220 tota
932 3152 1057 3220 mente
1072 3145 1347 3240 attendendum,
1365 3145 1464 3240 quod
1484 3145 1578 3219 sicut

408 3265 558 3342 tradunt
590 3285 720 3340 omnes
751 3266 971 3340 excellentes
1005 3266 1153 3362 physici,
1179 3266 1391 3340 stomachus
1422 3264 1579 3339 hominis

407 3392 598 3480 tamqnam
637 3385 819 3482 generalis
857 3406 1001 3479 coquus
1038 3385 1161 3460 cibum
1194 3386 1377 3482 ingestum
1409 3383 1579 3478 decoquit

406 3511 445 3582 et
469 3505 603 3602 digerit
628 3505 811 3580 mediante
835 3505 959 3581 calore
984 3506 1103 3580 cordis
1120 3526 1167 3581 ex
1187 3528 1258 3580 una
1277 3513 1393 3603 parte,
1411 3512 1450 3582 et
1466 3507 1580 3601 epatis

406 3647 454 3702 ex
478 3627 550 3702 alia
564 3617 615 3721 (³),
641 3625 728 3721 quia
752 3647 800 3701 ex
825 3647 866 3700 se
890 3637 929 3704 et
953 3627 1009 3701 sui
1035 3627 1159 3702 calore
1185 3648 1258 3701 non
1280 3634 1417 3722 posset:
1439 3635 1477 3702 et
1493 3647 1579 3722 par-

406 3756 482 3826 tem
517 3747 665 3842 quidem
696 3767 863 3844 grossam
899 3747 1008 3822 mittit
1025 3735 1063 3839 (⁸)
1099 3747 1145 3820 ad
1179 3747 1368 3842 intestina3
1398 3749 1578 3842 reliquam

406 3875 549 3966 partem
574 3868 746 3944 sublilem
771 3868 817 3943 ad
842 3889 950 3963 epar3
976 3868 1075 3962 quod
1100 3867 1259 3943 calidum
1291 3869 1401 3942 trabit
1415 3859 1452 3962 (¹⁵)
1480 3868 1578 3942 illam

407 3997 548 4086 partem
575 3989 621 4063 ad
646 4007 698 4083 se,
715 3995 754 4063 et
773 3989 857 4062 lacit
876 3989 985 4063 aliam
1005 3986 1243 4084 digestionem
1266 3987 1303 4060 in
1323 4007 1374 4080 se,
1396 3995 1433 4062 et
1451 4007 1579 4082 snper-

408 4111 524 4186 duum
551 4109 660 4182 mittit
684 4109 730 4184 ad
755 4109 948 4202 vessicam,
974 4107 1122 4201 scilicet,
1149 4106 1307 4200 urinam,
1331 4127 1416 4200 quae
1440 4115 1495 4182 est
1515 4129 1579 4182 co·

406 4231 610 4306 lamentum
636 4231 850 4322 humorum,
881 4235 919 4304 et
949 4235 1091 4323 partem
1126 4226 1316 4321 puriorem
1349 4227 1504 4320 retinet3
1539 4232 1578 4301 et

407 4372 455 4426 ex
472 4353 533 4426 illa
551 4350 649 4444 quod
674 4349 910 4444 purissimum
932 4356 987 4424 est
1006 4346 1217 4423 transmittit
1233 4346 1279 4421 ad
1296 4367 1361 4422 cor
1385 4353 1574 4441 tamqnam

407 4473 453 4547 ad
482 4491 606 4568 regem
634 4470 744 4544 totins
769 4469 948 4544 macbinae
965 4468 1176 4563 corporalis,
1195 4466 1385 4542 residuum
1406 4468 1515 4540 mittit
1530 4467 1577 4542 ad

406 4599 541 4668 uetera
567 4591 736 4666 membra
760 4610 827 4685 per
850 4609 964 4664 renas
980 4611 1025 4664 ex
1045 4610 1120 4682 quo
1142 4588 1375 4681 nutriuntur3
1394 4594 1431 4662 et
1451 4577 1597 4663 cibatis

469 4781 496 4842 (¹)
514 4782 567 4840 117,
583 4794 662 4844 quam
679 4794 748 4830 nunc
764 4779 868 4842 petebas
884 4792 899 4828 a
915 4777 1033 4841 Virgilio,
1049 4791 1110 4826 cum
1126 4775 1237 4826 dicebas.

468 4855 545 4919 (¹113.
560 4855 612 4905 llic
631 4855 727 4906 Statim
747 4867 762 4904 s
782 4853 948 4918 generatione
967 4851 1046 4903 laetus
1067 4856 1210 4916 pertractat
1235 4857 1262 4903 et
1283 4852 1371 4915 incipit
1387 4853 1577 4917 responsionem

406 4938 434 4984 st
449 4931 641 4997 persuasionem
657 4944 740 4981 mam.
757 4929 799 4980 tn
815 4931 899 4980 euius.

470 5006 498 5069 (ll
513 5007 545 5058 E.
561 5021 594 5058 ex
609 5006 698 5057 altera.
884 5006 912 5066 (⁸)
927 5005 959 5056 B.
974 5006 1133 5058 transmittlt.

472 5085 500 5149 (¹)
515 5089 570 5145 ill,
587 5083 692 5136 attrabit
707 5083 780 5134 illam
795 5083 828 5134 sd
841 5097 879 5134 ss.

541 5192 578 5237 lv.
1433 5191 1445 5233 7
