4575 6842
725 963 863 1018 CANTUS
887 963 1079 1019 vidissimus
1102 965 1284 1020 SEPTIMUS.
1518 955 1586 1020 145

415 1109 453 1184 iu
477 1111 632 1206 sylvam,
657 1115 695 1183 et
720 1109 868 1182 invento
898 1108 1006 1204 pallio
1034 1115 1227 1184 cruentam
1252 1110 1405 1186 credens
1429 1111 1584 1208 Tysbem

415 1230 630 1304 devoratam
647 1251 670 1304 a
687 1229 776 1321 sera,
794 1228 889 1302 laeta
905 1227 1075 1303 dolorosa
1092 1235 1129 1303 et
1148 1249 1280 1324 magna
1302 1231 1465 1324 querela,
1483 1232 1582 1326 quod
1658 1303 1662 1312 .

414 1351 676 1426 amantissimas
701 1349 832 1446 virgini
858 1348 1074 1444 praebuisset
1097 1368 1247 1422 causam
1268 1350 1395 1423 mortis
1414 1349 1583 1446 indignae,

417 1470 532 1545 infixit
556 1470 719 1567 gladium
746 1469 884 1564 pectori
909 1489 988 1543 sue.
1015 1470 1090 1544 Nec
1116 1489 1242 1562 mora,
1268 1470 1385 1566 Tysbe
1411 1491 1457 1544 ne
1482 1471 1584 1545 vide·

419 1599 522 1666 retur
541 1590 717 1664 delusisse
737 1596 935 1683 amantem,
953 1597 1019 1663 aut
1036 1589 1220 1664 cruciaret
1236 1594 1504 1685 expectantem,
1528 1609 1587 1663 re-

416 1709 515 1784 dibat
539 1710 587 1784 ad
612 1709 762 1801 lentem,
788 1708 852 1781 ubi
877 1708 1111 1804 palpitantem
1142 1709 1263 1784 adhuc
1287 1710 1491 1805 Pyramum
1517 1709 1587 1782 sub

418 1831 516 1904 lunae
531 1829 670 1903 lumine
688 1829 919 1924 recognovit3
937 1835 976 1902 et
996 1848 1108 1903 ruens
1122 1823 1158 1922 (¹)
1176 1851 1288 1924 super
1302 1830 1488 1925 iacentem
1506 1849 1587 1902 am-

418 1949 584 2045 plexibus
608 1955 646 2024 el
671 1948 843 2044 lacrymis
868 1949 1068 2045 fugientem
1080 1949 1159 2043 jam
1184 1951 1344 2024 animam
1373 1950 1586 2043 revocabat3

417 2069 482 2143 sed
505 2068 631 2144 videns
658 2075 814 2142 mortem
841 2074 1060 2164 praeseutem
1086 2071 1243 2165 amplius
1265 2071 1389 2146 vivere
1407 2090 1480 2143 non
1499 2070 1588 2143 sub-

418 2187 552 2263 stinuit.
582 2188 682 2263 Unde
705 2209 836 2263 amore
851 2196 888 2264 et
908 2189 1036 2263 dolore
1052 2189 1231 2282 vincente,
1253 2196 1418 2264 extracto
1439 2188 1486 2262 de
1506 2188 1589 2262 rid-

418 2330 508 2385 nere
532 2330 621 2385 ense
645 2331 755 2384 suum
783 2331 919 2385 vocans
945 2311 1159 2406 Pyramum,
1186 2311 1315 2385 eodem
1342 2331 1382 2385 se
1408 2307 1587 2384 transfixit

418 2451 529 2526 super
554 2451 653 2504 eum.
680 2430 773 2519 Quid
799 2433 909 2527 plus?
934 2433 1116 2527 Pyramus
1131 2432 1177 2505 ad
1196 2452 1331 2506 nomen
1356 2433 1492 2528 Tysbes
1509 2432 1586 2526 jam

419 2551 496 2626 lere
521 2551 664 2624 clausos
687 2550 832 2645 aperuit
863 2551 1000 2643 oculos,
1026 2557 1064 2625 et
1093 2552 1145 2625 sic
1176 2551 1312 2646 pariter
1338 2553 1519 2648 Pyramus
1552 2557 1589 2625 et

418 2671 536 2768 Tysbe
562 2670 694 2744 relictis
718 2671 933 2765 eorporibus
950 2671 1100 2744 strictim
1122 2671 1284 2744 pendatis
1306 2671 1414 2745 simul
1435 2671 1589 2745 descen-

419 2790 552 2866 derunt
572 2790 619 2864 ad
637 2790 784 2884 interos,
811 2790 875 2864 ubi
900 2791 1018 2864 nullos
1043 2789 1190 2885 spiritus
1216 2790 1377 2865 velocius
1395 2793 1532 2884 velare,
1554 2800 1591 2865 et

419 2911 653 2986 affectuosius
682 2912 865 3005 qurerelari
895 2911 1124 2986 crediderim.
1151 2911 1256 2986 Nune
1290 2911 1373 2986 vide
1405 2918 1586 3006 quantum

419 3031 631 3124 exemplum
657 3032 816 3106 duorum
850 3033 1053 3107 amantium
1084 3033 1220 3108 habeat
1249 3053 1422 3128 magnam
1453 3052 1590 3107 conve-

419 3150 593 3225 nientiam
619 3172 707 3225 cum
732 3172 862 3226 amore
886 3153 1009 3226 Dantis
1034 3159 1071 3227 et
1088 3151 1272 3227 Beatricis.
1294 3152 1386 3226 Nam
1409 3153 1590 3248 Pyramus

419 3277 457 3344 et
481 3271 600 3366 Tysbe
624 3272 670 3346 de
695 3271 834 3346 famosa
852 3273 1048 3368 Babylonia
1061 3274 1219 3369 juvenes
1240 3273 1335 3368 capti
1355 3280 1440 3346 sunt
1460 3293 1590 3347 amore

420 3390 576 3464 mirabili
600 3392 648 3465 ab
674 3391 751 3486 ipsa
776 3392 932 3487 pueritia
953 3413 1072 3487 usque
1091 3392 1136 3467 ad
1159 3401 1318 3468 mortem
1341 3393 1419 3468 sine
1437 3393 1590 3487 etleclu3

418 3509 469 3586 ita
493 3511 628 3586 Dantes
653 3519 692 3586 et
715 3513 863 3587 Beatrir
888 3513 934 3586 de
960 3514 1102 3588 florenti
1122 3513 1316 3588 Florentia.
1344 3515 1388 3587 Et
1418 3513 1446 3586 si
1473 3514 1590 3610 Tysbe

418 3637 584 3708 amatum
612 3632 813 3729 Pyramum
842 3639 1031 3706 mortuum
1055 3635 1171 3708 voluit
1195 3634 1299 3728 sequi
1326 3654 1392 3728 per
1419 3641 1590 3726 mortem,

419 3759 458 3827 et
485 3753 621 3827 [lantes
654 3773 887 3828 econverso
921 3760 1106 3827 mortuam
1141 3760 1304 3829 amatam
1339 3755 1453 3828 voluit
1486 3755 1588 3848 sequi

419 3880 500 3969 pust
524 3880 696 3969 mortem,
721 3880 757 3950 et
783 3874 921 3949 felicius
946 3894 1031 3948 cum
1060 3873 1119 3947 illa
1151 3874 1231 3948 lieri
1257 3875 1396 3949 beatus.
1423 3873 1477 3948 dd
1510 3875 1591 3949 lite·

420 4016 501 4070 ram
520 4015 611 4090 ergo
627 3995 712 4069 dicit
732 4003 858 4089 poeta:
880 3995 957 4091 ligo
973 3994 1118 4078 dantes,
1136 3999 1189 4068 Mi
1208 3998 1296 4068 volsa
1313 3997 1352 4067 al
1365 3998 1465 4067 savio
1482 3997 1587 4084 dura,

419 4117 466 4191 ad
491 4115 680 4210 Virgilium
707 4115 771 4208 qui
797 4135 894 4189 nunc
919 4114 1132 4189 ostendebat
1156 4135 1198 4189 se
1222 4115 1372 4208 durum,
1406 4117 1544 4188 uderida
1565 4116 1593 4187 il

420 4257 536 4327 nome,
559 4235 668 4310 dulee
696 4234 882 4328 Beatrieis,
911 4238 971 4309 cte
999 4237 1093 4308 aetia
1122 4243 1232 4310 mente
1255 4257 1391 4328 sernpre
1416 4238 1464 4308 mi
1487 4255 1588 4306 ram-

417 4357 529 4447 pdttu,
565 4353 668 4447 idest,
707 4354 915 4448 repullulat,
948 4360 987 4429 et
1020 4355 1219 4449 revirescit,
1256 4359 1293 4428 la
1327 4359 1398 4428 mia
1432 4358 1591 4429 durazza

418 4479 509 4570 satta
538 4477 643 4564 solta,
668 4474 776 4568 idest,
804 4474 913 4568 molli,
944 4468 1141 4548 casteone
1174 4479 1331 4569 Pirama,
1368 4496 1502 4550 nomen
1535 4483 1591 4550 esi

421 4596 662 4671 uonveniens:
688 4597 869 4692 Pyramus
894 4595 1004 4689 enim,
1022 4596 1124 4689 idest,
1151 4597 1283 4672 ardens
1309 4616 1449 4689 amore,
1468 4617 1593 4688 uperse

421 4719 449 4790 u
470 4718 587 4809 epae,
614 4716 796 4810 clausum,
820 4718 860 4788 iu
881 4735 924 4789 su
948 4719 986 4789 la
1010 4722 1122 4789 morte
1150 4719 1189 4789 at
1210 4737 1313 4789 nome
1342 4719 1380 4790 di
1409 4717 1529 4809 Tisbe,·
1555 4723 1593 4790 et

421 4834 525 4911 dicit:
551 4857 570 4908 e
593 4839 817 4925 munuum
841 4837 936 4908 attor
966 4838 1026 4909 cde
1041 4838 1068 4908 't
1094 4839 1203 4929 perso,
1229 4837 1332 4930 idest,
1363 4838 1475 4912 arbor
1506 4856 1593 4930 quae

485 5093 513 5156 ς’)
529 5093 561 5144 E.
576 5093 688 5144 lrrneu.

556 5199 595 5243 rr.
1435 5204 1460 5246 ιο
1591 5191 1596 5200 “
