4575 6842
805 975 943 1034 caurus
968 977 1144 1044 ouxnaus.
1493 964 1564 1033 aut

390 1120 477 1215 quia
502 1120 678 1197 Picharda
695 1121 802 1198 beata
822 1143 895 1197 non
912 1127 1030 1216 potest
1047 1122 1206 1216 mentiri,
1224 1128 1262 1198 et
1277 1125 1423 1200 Beatrix
1446 1126 1565 1200 scien-

390 1236 439 1312 tia
466 1236 627 1312 veritatis
656 1257 848 1330 nunquam
878 1242 996 1331 potest
1028 1236 1154 1312 dicere
1186 1237 1329 1312 laisum.
1356 1239 1448 1313 Dicit
1472 1259 1564 1336 ergo

390 1357 537 1433 Beatrix
563 1357 703 1432 autori:
725 1361 765 1430 lo
785 1360 866 1430 t'lto
882 1379 950 1448 per
966 1363 1074 1446 cerm,
1091 1357 1195 1450 idest,
1213 1363 1326 1452 certe,
1344 1359 1423 1434 sine
1438 1360 1563 1453 dnbio,

389 1481 482 1553 neda
506 1485 615 1552 ruente
640 1498 765 1568 masso,
791 1477 878 1570 quia
902 1477 993 1552 dixit
1017 1477 1188 1572 superins
1205 1479 1305 1571 quod
1325 1480 1493 1556 crederet
1508 1480 1564 1555 di-

390 1597 456 1674 ctis
479 1597 673 1672 animabus
698 1597 792 1671 sicut
816 1595 901 1692 Diis,
928 1599 978 1671 clt’
992 1601 1089 1671 almo
1110 1599 1212 1672 beato
1235 1619 1308 1672 oon
1329 1603 1438 1690 porta
1467 1621 1565 1673 merr-

390 1721 478 1811 tlre;
503 1723 540 1792 et
565 1737 715 1792 causam
736 1716 929 1813 assignavi,
945 1711 1033 1810 perd
1058 1721 1117 1792 cite
1137 1739 1276 1811 sempre
1292 1721 1331 1791 cl
1342 1722 1460 1811 primo
1478 1741 1565 1794 vero

389 1831 411 1912 ἐ
426 1858 566 1930 presso,
591 1837 695 1931 idest,
720 1836 819 1932 apud
844 1839 974 1932 Deum,
993 1838 1056 1932 qui
1077 1845 1132 1913 est
1155 1839 1232 1933 ipsa
1249 1840 1403 1914 veritas:
1422 1859 1514 1935 ergo
1523 1833 1561 1932 (¹)

389 1956 564 2032 Picharda
589 1957 678 2030 dixit
704 1976 836 2032 verum
868 1957 948 2031 tibi:
976 1958 1074 2033 unde
1089 1957 1210 2032 ·dicit:
1238 1962 1341 2050 epm·
1364 1963 1490 2051 potasti
1512 1962 1562 2033 dn

389 2081 565 2152 Piccurdo
589 2081 703 2168 adue,
729 2076 876 2172 quando
911 2079 1132 2172 loquebatur
1163 2077 1227 2153 tibi
1256 2099 1380 2174 supra,
1406 2081 1467 2152 cle
1494 2083 1562 2152 σο-

388 2205 516 2272 stoma
540 2206 640 2272 none
663 2200 852 2292 t’offezioo
876 2200 934 2272 del
956 2201 1044 2289 rrclo,
1070 2197 1217 2292 scilicet,
1247 2198 1284 2271 in
1314 2198 1427 2274 corde
1441 2190 1499 2292 (ἧς
1525 2205 1563 2273 et

387 2320 552 2396 similiter
568 2319 646 2414 ipsa
663 2319 851 2412 Picharda,
868 2311 899 2392 si
918 2321 968 2391 clt'
978 2322 1046 2393 ello
1057 2339 1132 2413 par
1151 2323 1210 2412 qni
1225 2341 1321 2394 mero
1344 2323 1562 2410 contradire,

387 2441 474 2534 quia
500 2437 573 2512 dixi
599 2435 663 2511 tibi
689 2437 788 2531 qnod
813 2437 891 2512 istae
910 2437 995 2511 duae
1015 2458 1089 2513 non
1107 2428 1366 2531 habuerantl³l
1392 2440 1563 2512 volunta-

390 2567 465 2636 tem
492 2557 703 2654 perlectam.
719 2561 894 2632 -lllolta
920 2558 986 2631 llic
1012 2558 1159 2633 Beatrix
1184 2565 1353 2634 removet
1377 2558 1563 2634 contradi-

388 2679 546 2756 ctionem
572 2699 638 2773 per
666 2698 776 2752 unam
803 2677 1067 2752 distinctionem
1099 2678 1145 2754 de
1176 2679 1366 2753 voluntate
1396 2678 1561 2773 simplici,

389 2805 427 2876 et
452 2799 656 2874 secundum
683 2797 781 2891 quid.
808 2798 983 2872 Voluntas
1003 2797 1158 2893 simplex
1180 2804 1237 2872 est
1260 2799 1429 2872 voluntas
1453 2797 1563 2872 abso-

388 2918 486 3013 luta;
515 2920 683 2992 voluntas
715 2917 917 2994 secundnm
950 2917 1037 3011 quid
1066 2923 1121 2992 est
1147 2919 1317 2992 voluntas
1347 2916 1559 3011 respectiva.

389 3039 493 3114 llodo
525 3039 615 3113 tales
643 3037 885 3133 operationes,
920 3038 1002 3114 licet
1035 3038 1246 3133 simpliciter
1279 3039 1457 3114 absolute
1489 3037 1562 3110 sint

389 3158 617 3251 voluntariae,
643 3163 764 3232 tamen
797 3163 882 3230 sunt
915 3157 1132 3232 voluntariae
1158 3159 1362 3232 secundum
1398 3157 1498 3251 quid,
1523 3162 1561 3230 et

388 3298 454 3374 per
479 3280 569 3353 tales
595 3298 786 3354 meremur
812 3278 956 3352 laudem
992 3279 1049 3352 vel
1080 3278 1317 3372 vituperium,
1342 3278 1436 3352 sicut
1463 3282 1561 3372 patet

386 3399 424 3473 in
450 3399 573 3493 pueris
605 3400 668 3492 qui
699 3399 832 3473 timore
862 3399 1060 3473 verberum
1092 3399 1230 3472 vadunt
1263 3399 1310 3474 ad
1344 3400 1497 3491 scholas,
1524 3405 1563 3473 et

387 3519 482 3592 bene
507 3518 650 3593 discunt
674 3525 711 3594 et
736 3519 945 3613 laudantur,
963 3518 1047 3592 licet
1069 3519 1152 3612 plus
1177 3518 1417 3593 laudarentur
1434 3519 1464 3593 si
1481 3518 1561 3594 sine

253 3665 257 3674 ·
387 3637 520 3713 timore
544 3659 663 3733 poenae
695 3640 764 3712 hoc
795 3639 974 3730 lacerent3
1008 3637 1070 3729 qui
1102 3643 1229 3712 autem
1259 3639 1430 3713 obstinati
1456 3638 1558 3714 nullo

390 3757 498 3832 modo
529 3759 657 3832 volunt
687 3758 829 3832 discere
859 3757 1124 3851 vituperantur.
1161 3756 1334 3832 Similiter
1367 3764 1561 3854 operantes

388 3877 526 3953 bonum
553 3885 701 3973 propter
727 3879 897 3952 timorem
924 3897 1043 3971 poenae
1069 3877 1267 3951 laudantur
1292 3899 1367 3952 non
1387 3879 1559 3973 simplici-

388 4002 445 4072 ter
470 3997 533 4072 sed
556 4005 721 4092 respectu
741 3997 886 4072 illorum
905 3996 969 4090 qui
988 3997 1088 4070 nullo
1107 3996 1217 4070 modo
1235 4003 1321 4071 sunt
1342 3998 1558 4074 reducibiles

387 4116 434 4192 ad
459 4118 654 4212 virtutem,
680 4120 738 4193 vel
764 4118 875 4193 etiam
901 4117 1098 4192 mudantur
1118 4138 1191 4191 non
1212 4123 1361 4212 propter
1386 4136 1559 4213 praesens,

387 4239 450 4314 sed
477 4245 625 4333 propter
653 4259 755 4333 spem
790 4237 914 4312 luturi.
948 4237 1040 4310 llicit
1065 4258 1155 4333 ergo
1182 4237 1327 4313 Beatrix
1353 4238 1495 4313 autori:
1527 4243 1558 4313 0

383 4361 491 4452 frate,
519 4360 620 4431 molle
641 4361 724 4450 ficte
748 4349 810 4449 yid
834 4360 1040 4451 addiscam,
1064 4357 1188 4432 multis
1213 4358 1434 4451 hominibus,
1451 4361 1560 4432 otest

383 4480 429 4571 sel
442 4479 480 4550 di
503 4480 581 4566 quel
604 4481 664 4550 cle
691 4482 756 4571 sur
786 4499 858 4551 non
885 4481 917 4551 st
946 4498 1135 4567 conventre,
1161 4484 1250 4572 puta
1280 4477 1418 4571 aliquid
1451 4485 1559 4574 turpe

388 4597 445 4671 vel
473 4596 720 4690 inhonestum,
756 4596 848 4670 sicut
882 4597 1000 4690 patuit
1033 4597 1070 4670 in
1105 4597 1226 4689 Petro,
1260 4596 1323 4690 qui
1358 4598 1506 4693 negavit
1519 4586 1557 4691 (⁴)

386 4717 593 4810 Christum3
620 4718 679 4793 vel
705 4717 798 4791 sicut
823 4715 908 4790 dicit
932 4716 1142 4791 Aristoteles
1167 4717 1213 4790 de
1239 4716 1310 4791 lilio
1338 4718 1401 4812 qui
1428 4719 1560 4793 verbe·

305 4949 310 4960 '
449 4952 477 5012 (¹)
494 4949 524 4998 li.
540 4961 604 5012 ergo
620 4952 648 4999 et
663 4948 797 4998 Piclrarda.
891 4945 919 5008 (¹)
935 4946 965 4995 li.
982 4946 1008 4994 in
1024 4958 1148 5008 corpore;
1165 4950 1200 4995 ot.
1294 4945 1322 5013 ς’)
1338 4947 1369 4997 E.
1385 4947 1540 4998 habuerunt.

449 5026 476 5088 (⁴)
493 5024 523 5074 E.
541 5025 644 5088 negarit
659 5023 800 5075 Dominum
816 5026 935 5072 nostrum
951 5021 1041 5070 lesum
1056 5019 1187 5070 Christum
1202 5021 1405 5085 Redemptorem
1426 5022 1560 5084 protiosis-

388 5105 496 5165 slmum;
513 5101 555 5152 vel
571 5101 646 5152 sicut.
