<?xml version="1.0" encoding="UTF-8"?>
<!DOCTYPE html PUBLIC "-//W3C//DTD XHTML 1.0 Transitional//EN"
    "http://www.w3.org/TR/xhtml1/DTD/xhtml1-transitional.dtd">
<html xmlns="http://www.w3.org/1999/xhtml" xml:lang="en" lang="en">
 <head>
  <title>
</title>
<meta http-equiv="Content-Type" content="text/html;charset=utf-8" />
  <meta name='ocr-system' content='tesseract 3.04.00' />
  <meta name='ocr-capabilities' content='ocr_page ocr_carea ocr_par ocr_line ocrx_word'/>
</head>
<body>
  <div class='ocr_page' id='page_1' title='image "./comentumsuperda00unkngoog_0231.png"; bbox 0 0 4575 6842; ppageno 0'>
   <div class='ocr_carea' id='block_1_1' title="bbox 823 963 1600 1033">
    <p class='ocr_par' dir='ltr' id='par_1_1' title="bbox 823 963 1600 1033">
     <span class='ocr_line' id='line_1_1' title="bbox 823 963 1600 1033; baseline 0.003 -2"><span class='ocrx_word' id='word_1_1' title='bbox 823 974 961 1031; x_wconf 76' lang='lat' dir='ltr'>currus</span> <span class='ocrx_word' id='word_1_2' title='bbox 986 976 1215 1033; x_wconf 67' lang='lat' dir='ltr'>duremus.</span> <span class='ocrx_word' id='word_1_3' title='bbox 1528 963 1600 1033; x_wconf 76' lang='lat'>213</span> 
     </span>
    </p>
   </div>
   <div class='ocr_carea' id='block_1_2' title="bbox 430 1118 1600 1219">
    <p class='ocr_par' dir='ltr' id='par_1_2' title="bbox 430 1118 1600 1219">
     <span class='ocr_line' id='line_1_2' title="bbox 430 1118 1600 1219; baseline 0.005 -26"><span class='ocrx_word' id='word_1_4' title='bbox 430 1118 528 1195; x_wconf 89' lang='lat' dir='ltr'>euim</span> <span class='ocrx_word' id='word_1_5' title='bbox 550 1119 722 1214; x_wconf 83' lang='lat' dir='ltr'>relinquit</span> <span class='ocrx_word' id='word_1_6' title='bbox 738 1120 846 1197; x_wconf 80' lang='lat' dir='ltr'>tacite</span> <span class='ocrx_word' id='word_1_7' title='bbox 863 1120 990 1197; x_wconf 89' lang='lat' dir='ltr'>lectori</span> <span class='ocrx_word' id='word_1_8' title='bbox 1006 1120 1326 1217; x_wconf 75' lang='lat' dir='ltr'>considerandum,</span> <span class='ocrx_word' id='word_1_9' title='bbox 1344 1123 1444 1219; x_wconf 85' lang='lat' dir='ltr'>quod</span> <span class='ocrx_word' id='word_1_10' title='bbox 1459 1123 1506 1198; x_wconf 85' lang='lat' dir='ltr'>ad</span> <span class='ocrx_word' id='word_1_11' title='bbox 1524 1122 1600 1218; x_wconf 86' lang='lat' dir='ltr'>pri·</span> 
     </span>
    </p>
   </div>
   <div class='ocr_carea' id='block_1_3' title="bbox 430 1240 1601 1457">
    <p class='ocr_par' dir='ltr' id='par_1_3' title="bbox 430 1240 1601 1457">
     <span class='ocr_line' id='line_1_3' title="bbox 430 1240 1601 1345; baseline 0.006 -30"><span class='ocrx_word' id='word_1_12' title='bbox 430 1261 535 1315; x_wconf 85' lang='lat' dir='ltr'>urum</span> <span class='ocrx_word' id='word_1_13' title='bbox 560 1248 796 1336; x_wconf 82' lang='lat' dir='ltr'>conspectum</span> <span class='ocrx_word' id='word_1_14' title='bbox 822 1240 924 1315; x_wconf 84' lang='lat' dir='ltr'>istius</span> <span class='ocrx_word' id='word_1_15' title='bbox 950 1240 1113 1317; x_wconf 84' lang='lat' dir='ltr'>mulieris</span> <span class='ocrx_word' id='word_1_16' title='bbox 1144 1244 1229 1345; x_wconf 70' lang='lat' dir='ltr'>alim</span> <span class='ocrx_word' id='word_1_17' title='bbox 1254 1242 1331 1339; x_wconf 91' lang='lat' dir='ltr'>ipse</span> <span class='ocrx_word' id='word_1_18' title='bbox 1356 1242 1423 1317; x_wconf 88' lang='lat' dir='ltr'>luit</span> <span class='ocrx_word' id='word_1_19' title='bbox 1448 1252 1601 1339; x_wconf 75' lang='lat' dir='ltr'><strong>stupore</strong></span> 
     </span>
     <span class='ocr_line' id='line_1_4' title="bbox 430 1362 1601 1457; baseline 0.005 -23"><span class='ocrx_word' id='word_1_20' title='bbox 430 1380 645 1456; x_wconf 82' lang='lat' dir='ltr'>percussus3</span> <span class='ocrx_word' id='word_1_21' title='bbox 671 1362 736 1437; x_wconf 89' lang='lat' dir='ltr'>sed</span> <span class='ocrx_word' id='word_1_22' title='bbox 760 1362 931 1457; x_wconf 82' lang='lat' dir='ltr'>Virgilius</span> <span class='ocrx_word' id='word_1_23' title='bbox 958 1362 1090 1439; x_wconf 89' lang='lat' dir='ltr'>timore</span> <span class='ocrx_word' id='word_1_24' title='bbox 1122 1363 1273 1439; x_wconf 87' lang='lat' dir='ltr'>territus</span> <span class='ocrx_word' id='word_1_25' title='bbox 1301 1364 1424 1439; x_wconf 82' lang='lat' dir='ltr'>statim</span> <span class='ocrx_word' id='word_1_26' title='bbox 1450 1365 1601 1441; x_wconf 80' lang='lat' dir='ltr'>evanuit</span> 
     </span>
    </p>
   </div>
   <div class='ocr_carea' id='block_1_4' title="bbox 322 1481 1695 1580">
    <p class='ocr_par' dir='ltr' id='par_1_4' title="bbox 322 1481 1695 1580">
     <span class='ocr_line' id='line_1_5' title="bbox 322 1481 1695 1580; baseline -0.003 -19"><span class='ocrx_word' id='word_1_27' title='bbox 322 1566 324 1575; x_wconf 83' lang='lat'>.</span> <span class='ocrx_word' id='word_1_28' title='bbox 429 1482 560 1559; x_wconf 78' lang='lat' dir='ltr'>elaoie</span> <span class='ocrx_word' id='word_1_29' title='bbox 585 1482 687 1557; x_wconf 90' lang='lat' dir='ltr'>istius</span> <span class='ocrx_word' id='word_1_30' title='bbox 713 1481 878 1557; x_wconf 86' lang='lat' dir='ltr'>mulieris</span> <span class='ocrx_word' id='word_1_31' title='bbox 895 1482 1062 1577; x_wconf 88' lang='lat' dir='ltr'>putentis,</span> <span class='ocrx_word' id='word_1_32' title='bbox 1080 1504 1193 1576; x_wconf 87' lang='lat' dir='ltr'>quem</span> <span class='ocrx_word' id='word_1_33' title='bbox 1212 1482 1353 1559; x_wconf 83' lang='lat' dir='ltr'>videret</span> <span class='ocrx_word' id='word_1_34' title='bbox 1369 1504 1527 1580; x_wconf 82' lang='lat' dir='ltr'>surgere</span> <span class='ocrx_word' id='word_1_35' title='bbox 1543 1484 1618 1559; x_wconf 93' lang='lat' dir='ltr'>iu··</span> <span class='ocrx_word' id='word_1_36' title='bbox 1692 1514 1695 1517; x_wconf 44' lang='lat'><strong>⁴</strong></span> 
     </span>
    </p>
   </div>
   <div class='ocr_carea' id='block_1_5' title="bbox 331 1601 1691 4951">
    <p class='ocr_par' dir='ltr' id='par_1_5' title="bbox 331 1601 1691 4951">
     <span class='ocr_line' id='line_1_6' title="bbox 430 1601 1600 1705; baseline 0 -26"><span class='ocrx_word' id='word_1_37' title='bbox 430 1610 488 1679; x_wconf 80' lang='lat' dir='ltr'>ter</span> <span class='ocrx_word' id='word_1_38' title='bbox 514 1622 645 1677; x_wconf 82' lang='lat' dir='ltr'>manus</span> <span class='ocrx_word' id='word_1_39' title='bbox 669 1602 902 1705; x_wconf 72' lang='lat' dir='ltr'>augelorum,</span> <span class='ocrx_word' id='word_1_40' title='bbox 928 1601 1019 1677; x_wconf 82' lang='lat' dir='ltr'>idest</span> <span class='ocrx_word' id='word_1_41' title='bbox 1044 1604 1314 1699; x_wconf 78' lang='lat' dir='ltr'><strong>theologorum,</strong></span> <span class='ocrx_word' id='word_1_42' title='bbox 1338 1608 1375 1677; x_wconf 92' lang='lat' dir='ltr'>et</span> <span class='ocrx_word' id='word_1_43' title='bbox 1401 1602 1534 1699; x_wconf 78' lang='lat' dir='ltr'>refugit</span> <span class='ocrx_word' id='word_1_44' title='bbox 1553 1604 1600 1679; x_wconf 85' lang='lat' dir='ltr'>ed</span> 
     </span>
     <span class='ocr_line' id='line_1_7' title="bbox 430 1720 1600 1819; baseline 0.002 -24"><span class='ocrx_word' id='word_1_45' title='bbox 430 1720 614 1797; x_wconf 88' lang='lat' dir='ltr'>iuleruum</span> <span class='ocrx_word' id='word_1_46' title='bbox 640 1722 685 1797; x_wconf 83' lang='lat' dir='ltr'>ad</span> <span class='ocrx_word' id='word_1_47' title='bbox 707 1722 876 1797; x_wconf 83' lang='lat' dir='ltr'>standum</span> <span class='ocrx_word' id='word_1_48' title='bbox 903 1722 998 1797; x_wconf 85' lang='lat' dir='ltr'>iuter</span> <span class='ocrx_word' id='word_1_49' title='bbox 1015 1722 1245 1819; x_wconf 87' lang='lat' dir='ltr'>philosophos</span> <span class='ocrx_word' id='word_1_50' title='bbox 1261 1728 1299 1797; x_wconf 90' lang='lat' dir='ltr'>et</span> <span class='ocrx_word' id='word_1_51' title='bbox 1315 1730 1461 1818; x_wconf 77' lang='lat' dir='ltr'>poetes5</span> <span class='ocrx_word' id='word_1_52' title='bbox 1479 1729 1517 1798; x_wconf 86' lang='lat' dir='ltr'>et</span> <span class='ocrx_word' id='word_1_53' title='bbox 1533 1744 1600 1797; x_wconf 85' lang='lat' dir='ltr'>vo·</span> 
     </span>
     <span class='ocr_line' id='line_1_8' title="bbox 430 1843 1601 1939; baseline 0.004 -22"><span class='ocrx_word' id='word_1_54' title='bbox 430 1844 556 1919; x_wconf 89' lang='lat' dir='ltr'>luisset</span> <span class='ocrx_word' id='word_1_55' title='bbox 580 1843 733 1919; x_wconf 74' lang='lat' dir='ltr'>libenter</span> <span class='ocrx_word' id='word_1_56' title='bbox 758 1843 882 1919; x_wconf 83' lang='lat' dir='ltr'>dicere</span> <span class='ocrx_word' id='word_1_57' title='bbox 905 1843 1031 1919; x_wconf 81' lang='lat' dir='ltr'>Danti:</span> <span class='ocrx_word' id='word_1_58' title='bbox 1057 1844 1191 1919; x_wconf 84' lang='lat' dir='ltr'>amodo</span> <span class='ocrx_word' id='word_1_59' title='bbox 1218 1844 1386 1939; x_wconf 85' lang='lat' dir='ltr'>relinquo</span> <span class='ocrx_word' id='word_1_60' title='bbox 1415 1850 1452 1919; x_wconf 90' lang='lat' dir='ltr'>te</span> <span class='ocrx_word' id='word_1_61' title='bbox 1482 1844 1601 1922; x_wconf 82' lang='lat' dir='ltr'>meni·</span> 
     </span>
     <span class='ocr_line' id='line_1_9' title="bbox 430 1946 1601 2060; baseline -0.002 -21"><span class='ocrx_word' id='word_1_62' title='bbox 430 1965 501 2040; x_wconf 91' lang='lat' dir='ltr'>bus</span> <span class='ocrx_word' id='word_1_63' title='bbox 524 1964 678 2040; x_wconf 88' lang='lat' dir='ltr'>istorum</span> <span class='ocrx_word' id='word_1_64' title='bbox 696 1964 759 2060; x_wconf 87' lang='lat' dir='ltr'>qui</span> <span class='ocrx_word' id='word_1_65' title='bbox 780 1946 985 2058; x_wconf 85' lang='lat' dir='ltr'>loquuutur</span> <span class='ocrx_word' id='word_1_66' title='bbox 1001 1984 1087 2039; x_wconf 87' lang='lat' dir='ltr'>eum</span> <span class='ocrx_word' id='word_1_67' title='bbox 1105 1965 1194 2058; x_wconf 85' lang='lat' dir='ltr'>beo,</span> <span class='ocrx_word' id='word_1_68' title='bbox 1211 1964 1275 2039; x_wconf 89' lang='lat' dir='ltr'>sed</span> <span class='ocrx_word' id='word_1_69' title='bbox 1296 1964 1407 2038; x_wconf 87' lang='lat' dir='ltr'>timor</span> <span class='ocrx_word' id='word_1_70' title='bbox 1425 1984 1497 2040; x_wconf 89' lang='lat' dir='ltr'>uon</span> <span class='ocrx_word' id='word_1_71' title='bbox 1516 1984 1601 2059; x_wconf 88' lang='lat' dir='ltr'>per·</span> 
     </span>
     <span class='ocr_line' id='line_1_10' title="bbox 430 2084 1601 2179; baseline 0.001 -22"><span class='ocrx_word' id='word_1_72' title='bbox 430 2084 535 2159; x_wconf 81' lang='lat' dir='ltr'>misit.</span> <span class='ocrx_word' id='word_1_73' title='bbox 562 2084 653 2159; x_wconf 82' lang='lat' dir='ltr'>Dicit</span> <span class='ocrx_word' id='word_1_74' title='bbox 677 2104 768 2179; x_wconf 88' lang='lat' dir='ltr'>ergo</span> <span class='ocrx_word' id='word_1_75' title='bbox 794 2090 918 2179; x_wconf 83' lang='lat' dir='ltr'>poete:</span> <span class='ocrx_word' id='word_1_76' title='bbox 938 2088 1000 2157; x_wconf 84' lang='lat' dir='ltr'>llo</span> <span class='ocrx_word' id='word_1_77' title='bbox 1025 2087 1168 2176; x_wconf 75' lang='lat' dir='ltr'>Vlrpitto</span> <span class='ocrx_word' id='word_1_78' title='bbox 1192 2086 1227 2157; x_wconf 78' lang='grc' dir='ltr'>η’</span> <span class='ocrx_word' id='word_1_79' title='bbox 1240 2106 1331 2157; x_wconf 81' lang='lat' dir='ltr'>ovea</span> <span class='ocrx_word' id='word_1_80' title='bbox 1346 2088 1483 2159; x_wconf 71' lang='lat' dir='ltr'>laudati</span> <span class='ocrx_word' id='word_1_81' title='bbox 1496 2086 1601 2158; x_wconf 83' lang='lat' dir='ltr'>scemt&#39;</span> 
     </span>
     <span class='ocr_line' id='line_1_11' title="bbox 428 2203 1600 2300; baseline 0 -21"><span class='ocrx_word' id='word_1_82' title='bbox 428 2206 466 2279; x_wconf 83' lang='lat' dir='ltr'>di</span> <span class='ocrx_word' id='word_1_83' title='bbox 489 2226 540 2295; x_wconf 81' lang='lat' dir='ltr'>se,</span> <span class='ocrx_word' id='word_1_84' title='bbox 564 2203 699 2279; x_wconf 82' lang='lat' dir='ltr'>scilieet</span> <span class='ocrx_word' id='word_1_85' title='bbox 725 2224 788 2279; x_wconf 88' lang='lat' dir='ltr'>mo</span> <span class='ocrx_word' id='word_1_86' title='bbox 817 2210 854 2279; x_wconf 89' lang='lat' dir='ltr'>el</span> <span class='ocrx_word' id='word_1_87' title='bbox 885 2204 1040 2279; x_wconf 85' lang='lat' dir='ltr'>Statium</span> <span class='ocrx_word' id='word_1_88' title='bbox 1074 2204 1326 2298; x_wconf 81' lang='lat' dir='ltr'>christianum,</span> <span class='ocrx_word' id='word_1_89' title='bbox 1359 2205 1423 2300; x_wconf 90' lang='lat' dir='ltr'>qui</span> <span class='ocrx_word' id='word_1_90' title='bbox 1454 2212 1492 2280; x_wconf 90' lang='lat' dir='ltr'>et</span> <span class='ocrx_word' id='word_1_91' title='bbox 1522 2206 1600 2299; x_wconf 87' lang='lat' dir='ltr'>ipse</span> 
     </span>
     <span class='ocr_line' id='line_1_12' title="bbox 428 2323 1597 2418; baseline 0.002 -21"><span class='ocrx_word' id='word_1_92' title='bbox 428 2324 600 2399; x_wconf 83' lang='lat' dir='ltr'>tendebat</span> <span class='ocrx_word' id='word_1_93' title='bbox 624 2324 670 2399; x_wconf 84' lang='lat' dir='ltr'>ed</span> <span class='ocrx_word' id='word_1_94' title='bbox 695 2325 844 2401; x_wconf 86' lang='lat' dir='ltr'>eoelum.</span> <span class='ocrx_word' id='word_1_95' title='bbox 871 2325 916 2399; x_wconf 82' lang='lat' dir='ltr'>Et</span> <span class='ocrx_word' id='word_1_96' title='bbox 939 2323 1041 2399; x_wconf 88' lang='lat' dir='ltr'>dicit:</span> <span class='ocrx_word' id='word_1_97' title='bbox 1076 2328 1231 2418; x_wconf 72' lang='lat' dir='ltr'>lupide,</span> <span class='ocrx_word' id='word_1_98' title='bbox 1251 2328 1447 2399; x_wconf 73' lang='lat' dir='ltr'>dolcissimo</span> <span class='ocrx_word' id='word_1_99' title='bbox 1469 2327 1597 2417; x_wconf 85' lang='lat' dir='ltr'>pedro,</span> 
     </span>
     <span class='ocr_line' id='line_1_13' title="bbox 429 2439 1597 2538; baseline 0 -19"><span class='ocrx_word' id='word_1_100' title='bbox 429 2444 520 2521; x_wconf 82' lang='lat' dir='ltr'>idest</span> <span class='ocrx_word' id='word_1_101' title='bbox 533 2439 585 2538; x_wconf 80' lang='lat'><strong>(¹),</strong></span> <span class='ocrx_word' id='word_1_102' title='bbox 609 2443 801 2521; x_wconf 83' lang='lat' dir='ltr'>videbatur</span> <span class='ocrx_word' id='word_1_103' title='bbox 832 2444 899 2519; x_wconf 92' lang='lat' dir='ltr'>sibi</span> <span class='ocrx_word' id='word_1_104' title='bbox 933 2444 1204 2519; x_wconf 87' lang='lat' dir='ltr'>amarissimum</span> <span class='ocrx_word' id='word_1_105' title='bbox 1238 2443 1422 2520; x_wconf 84' lang='lat' dir='ltr'>dimittere</span> <span class='ocrx_word' id='word_1_106' title='bbox 1452 2451 1597 2521; x_wconf 77' lang='lat' dir='ltr'>tautum</span> 
     </span>
     <span class='ocr_line' id='line_1_14' title="bbox 429 2563 1597 2660; baseline -0.001 -20"><span class='ocrx_word' id='word_1_107' title='bbox 429 2572 576 2659; x_wconf 79' lang='lat' dir='ltr'>poetam</span> <span class='ocrx_word' id='word_1_108' title='bbox 602 2563 665 2658; x_wconf 90' lang='lat' dir='ltr'>qui</span> <span class='ocrx_word' id='word_1_109' title='bbox 695 2564 832 2641; x_wconf 82' lang='lat' dir='ltr'>lecerat</span> <span class='ocrx_word' id='word_1_110' title='bbox 861 2564 926 2639; x_wconf 92' lang='lat' dir='ltr'>sibi</span> <span class='ocrx_word' id='word_1_111' title='bbox 958 2564 1074 2659; x_wconf 81' lang='lat' dir='ltr'>viam3</span> <span class='ocrx_word' id='word_1_112' title='bbox 1101 2572 1138 2639; x_wconf 93' lang='lat' dir='ltr'>et</span> <span class='ocrx_word' id='word_1_113' title='bbox 1169 2566 1300 2660; x_wconf 89' lang='lat' dir='ltr'>repetit</span> <span class='ocrx_word' id='word_1_114' title='bbox 1327 2564 1375 2639; x_wconf 84' lang='lat' dir='ltr'>ed</span> <span class='ocrx_word' id='word_1_115' title='bbox 1403 2565 1597 2639; x_wconf 81' lang='lat' dir='ltr'>cumulum</span> 
     </span>
     <span class='ocr_line' id='line_1_15' title="bbox 430 2683 1598 2778; baseline 0.002 -19"><span class='ocrx_word' id='word_1_116' title='bbox 430 2683 579 2761; x_wconf 80' lang='lat' dir='ltr'>maioris</span> <span class='ocrx_word' id='word_1_117' title='bbox 603 2684 758 2761; x_wconf 86' lang='lat' dir='ltr'>doloris:</span> <span class='ocrx_word' id='word_1_118' title='bbox 784 2687 925 2776; x_wconf 75' lang='lat' dir='ltr'>Vtrpitto</span> <span class='ocrx_word' id='word_1_119' title='bbox 942 2706 967 2757; x_wconf 85' lang='lat' dir='ltr'><strong><em>a</em></strong></span> <span class='ocrx_word' id='word_1_120' title='bbox 982 2688 1038 2759; x_wconf 82' lang='lat' dir='ltr'>cui</span> <span class='ocrx_word' id='word_1_121' title='bbox 1061 2687 1166 2759; x_wconf 68' lang='lat' dir='ltr'>dumi</span> <span class='ocrx_word' id='word_1_122' title='bbox 1184 2706 1252 2777; x_wconf 82' lang='lat' dir='ltr'>per</span> <span class='ocrx_word' id='word_1_123' title='bbox 1272 2688 1344 2759; x_wconf 83' lang='lat' dir='ltr'>mla</span> <span class='ocrx_word' id='word_1_124' title='bbox 1362 2688 1484 2778; x_wconf 83' lang='lat' dir='ltr'>solute,</span> <span class='ocrx_word' id='word_1_125' title='bbox 1510 2684 1598 2778; x_wconf 81' lang='lat' dir='ltr'>quia</span> 
     </span>
     <span class='ocr_line' id='line_1_16' title="bbox 430 2804 1598 2901; baseline -0.002 -20"><span class='ocrx_word' id='word_1_126' title='bbox 430 2805 596 2881; x_wconf 83' lang='lat' dir='ltr'>commisi</span> <span class='ocrx_word' id='word_1_127' title='bbox 617 2824 677 2881; x_wconf 87' lang='lat' dir='ltr'>me</span> <span class='ocrx_word' id='word_1_128' title='bbox 694 2804 898 2901; x_wconf 84' lang='lat' dir='ltr'>regendum</span> <span class='ocrx_word' id='word_1_129' title='bbox 916 2810 953 2881; x_wconf 90' lang='lat' dir='ltr'>et</span> <span class='ocrx_word' id='word_1_130' title='bbox 969 2804 1179 2881; x_wconf 87' lang='lat' dir='ltr'>ducendum</span> <span class='ocrx_word' id='word_1_131' title='bbox 1195 2805 1273 2900; x_wconf 91' lang='lat' dir='ltr'>sibi,</span> <span class='ocrx_word' id='word_1_132' title='bbox 1288 2813 1330 2879; x_wconf 90' lang='lat' dir='ltr'>ut</span> <span class='ocrx_word' id='word_1_133' title='bbox 1346 2806 1462 2901; x_wconf 82' lang='lat' dir='ltr'>patuit</span> <span class='ocrx_word' id='word_1_134' title='bbox 1478 2806 1598 2901; x_wconf 91' lang='lat' dir='ltr'>primo</span> 
     </span>
     <span class='ocr_line' id='line_1_17' title="bbox 431 2921 1600 3020; baseline 0 -19"><span class='ocrx_word' id='word_1_135' title='bbox 431 2932 469 3001; x_wconf 86' lang='lat' dir='ltr'>et</span> <span class='ocrx_word' id='word_1_136' title='bbox 492 2923 654 3001; x_wconf 84' lang='lat' dir='ltr'>secumlo</span> <span class='ocrx_word' id='word_1_137' title='bbox 679 2923 838 3019; x_wconf 77' lang='lat' dir='ltr'>capitulo</span> <span class='ocrx_word' id='word_1_138' title='bbox 862 2924 1007 2999; x_wconf 88' lang='lat' dir='ltr'>lulerui.</span> <span class='ocrx_word' id='word_1_139' title='bbox 1020 2964 1070 2979; x_wconf 93' lang='lat'><em>-</em></span> <span class='ocrx_word' id='word_1_140' title='bbox 1083 2921 1143 2999; x_wconf 75' lang='lat' dir='ltr'>Ne&#39;.</span> <span class='ocrx_word' id='word_1_141' title='bbox 1170 2924 1236 2999; x_wconf 85' lang='lat' dir='ltr'>llio</span> <span class='ocrx_word' id='word_1_142' title='bbox 1265 2936 1372 3020; x_wconf 80' lang='lat' dir='ltr'>poeta</span> <span class='ocrx_word' id='word_1_143' title='bbox 1402 2932 1482 3020; x_wconf 89' lang='lat' dir='ltr'>post</span> <span class='ocrx_word' id='word_1_144' title='bbox 1506 2944 1600 3018; x_wconf 81' lang='lat' dir='ltr'>que·</span> 
     </span>
     <span class='ocr_line' id='line_1_18' title="bbox 432 3043 1599 3140; baseline 0.002 -23"><span class='ocrx_word' id='word_1_145' title='bbox 432 3045 547 3121; x_wconf 81' lang='lat' dir='ltr'>relem</span> <span class='ocrx_word' id='word_1_146' title='bbox 581 3043 695 3140; x_wconf 80' lang='lat' dir='ltr'>tangit</span> <span class='ocrx_word' id='word_1_147' title='bbox 728 3044 914 3138; x_wconf 86' lang='lat' dir='ltr'>planetum</span> <span class='ocrx_word' id='word_1_148' title='bbox 947 3049 1133 3138; x_wconf 73' lang='lat' dir='ltr'>suomet</span> <span class='ocrx_word' id='word_1_149' title='bbox 1160 3046 1238 3117; x_wconf 89' lang='lat' dir='ltr'>vult</span> <span class='ocrx_word' id='word_1_150' title='bbox 1272 3044 1432 3120; x_wconf 84' lang='lat' dir='ltr'>breviter</span> <span class='ocrx_word' id='word_1_151' title='bbox 1463 3044 1599 3139; x_wconf 82' lang='lat' dir='ltr'>dicere,</span> 
     </span>
     <span class='ocr_line' id='line_1_19' title="bbox 430 3164 1599 3262; baseline 0.001 -23"><span class='ocrx_word' id='word_1_152' title='bbox 430 3164 531 3258; x_wconf 84' lang='lat' dir='ltr'>quod</span> <span class='ocrx_word' id='word_1_153' title='bbox 555 3171 631 3241; x_wconf 80' lang='lat' dir='ltr'>tota</span> <span class='ocrx_word' id='word_1_154' title='bbox 657 3164 805 3241; x_wconf 82' lang='lat' dir='ltr'>felicitas</span> <span class='ocrx_word' id='word_1_155' title='bbox 821 3164 916 3239; x_wconf 91' lang='lat' dir='ltr'>illius</span> <span class='ocrx_word' id='word_1_156' title='bbox 932 3164 1001 3239; x_wconf 84' lang='lat' dir='ltr'>loci</span> <span class='ocrx_word' id='word_1_157' title='bbox 1019 3185 1091 3239; x_wconf 88' lang='lat' dir='ltr'>uon</span> <span class='ocrx_word' id='word_1_158' title='bbox 1111 3164 1228 3259; x_wconf 92' lang='lat' dir='ltr'>potuit</span> <span class='ocrx_word' id='word_1_159' title='bbox 1243 3164 1432 3258; x_wconf 87' lang='lat' dir='ltr'>obsistere,</span> <span class='ocrx_word' id='word_1_160' title='bbox 1449 3186 1497 3240; x_wconf 88' lang='lat' dir='ltr'>ue</span> <span class='ocrx_word' id='word_1_161' title='bbox 1512 3186 1599 3262; x_wconf 86' lang='lat' dir='ltr'>pro·</span> 
     </span>
     <span class='ocr_line' id='line_1_20' title="bbox 432 3284 1598 3383; baseline -0.002 -24"><span class='ocrx_word' id='word_1_162' title='bbox 432 3291 622 3380; x_wconf 84' lang='lat' dir='ltr'>rumperet</span> <span class='ocrx_word' id='word_1_163' title='bbox 646 3285 684 3360; x_wconf 92' lang='lat' dir='ltr'>iu</span> <span class='ocrx_word' id='word_1_164' title='bbox 709 3285 902 3381; x_wconf 80' lang='lat' dir='ltr'>lacrymas,</span> <span class='ocrx_word' id='word_1_165' title='bbox 921 3292 1021 3359; x_wconf 81' lang='lat' dir='ltr'>laute</span> <span class='ocrx_word' id='word_1_166' title='bbox 1047 3284 1114 3359; x_wconf 85' lang='lat' dir='ltr'>luit</span> <span class='ocrx_word' id='word_1_167' title='bbox 1134 3285 1189 3359; x_wconf 89' lang='lat' dir='ltr'>vis</span> <span class='ocrx_word' id='word_1_168' title='bbox 1213 3285 1358 3359; x_wconf 91' lang='lat' dir='ltr'>doloris.</span> <span class='ocrx_word' id='word_1_169' title='bbox 1380 3286 1472 3361; x_wconf 84' lang='lat' dir='ltr'>Dicit</span> <span class='ocrx_word' id='word_1_170' title='bbox 1488 3306 1598 3383; x_wconf 86' lang='lat' dir='ltr'>ergo:</span> 
     </span>
     <span class='ocr_line' id='line_1_21' title="bbox 431 3403 1600 3500; baseline -0.002 -19"><span class='ocrx_word' id='word_1_171' title='bbox 431 3403 740 3499; x_wconf 72' lang='lat' dir='ltr'>utrumcunque,</span> <span class='ocrx_word' id='word_1_172' title='bbox 764 3404 867 3499; x_wconf 82' lang='lat' dir='ltr'>idest,</span> <span class='ocrx_word' id='word_1_173' title='bbox 893 3404 1066 3499; x_wconf 89' lang='lat' dir='ltr'>quicquid</span> <span class='ocrx_word' id='word_1_174' title='bbox 1091 3404 1318 3500; x_wconf 78' lang='lat' dir='ltr'>deliciarum,</span> <span class='ocrx_word' id='word_1_175' title='bbox 1337 3408 1472 3499; x_wconf 81' lang='lat' dir='ltr'>perdm</span> <span class='ocrx_word' id='word_1_176' title='bbox 1496 3408 1600 3479; x_wconf 79' lang='lat' dir='ltr'>tuu-</span> 
     </span>
     <span class='ocr_line' id='line_1_22' title="bbox 429 3525 1599 3621; baseline 0.001 -20"><span class='ocrx_word' id='word_1_177' title='bbox 429 3531 499 3601; x_wconf 83' lang='lat' dir='ltr'>liou</span> <span class='ocrx_word' id='word_1_178' title='bbox 524 3530 660 3617; x_wconf 82' lang='lat' dir='ltr'>madre,</span> <span class='ocrx_word' id='word_1_179' title='bbox 686 3526 777 3603; x_wconf 76' lang='lat' dir='ltr'>idest</span> <span class='ocrx_word' id='word_1_180' title='bbox 807 3525 962 3621; x_wconf 88' lang='lat' dir='ltr'>perdidit</span> <span class='ocrx_word' id='word_1_181' title='bbox 986 3526 1075 3620; x_wconf 81' lang='lat' dir='ltr'><strong>Eva,</strong></span> <span class='ocrx_word' id='word_1_182' title='bbox 1101 3528 1196 3599; x_wconf 86' lang='lat' dir='ltr'>oulse</span> <span class='ocrx_word' id='word_1_183' title='bbox 1225 3528 1295 3599; x_wconf 83' lang='lat' dir='ltr'>olle</span> <span class='ocrx_word' id='word_1_184' title='bbox 1324 3546 1471 3617; x_wconf 69' lang='lat' dir='ltr'>monce,</span> <span class='ocrx_word' id='word_1_185' title='bbox 1496 3525 1599 3620; x_wconf 83' lang='lat' dir='ltr'>idest,</span> 
     </span>
     <span class='ocr_line' id='line_1_23' title="bbox 430 3645 1600 3743; baseline -0.002 -20"><span class='ocrx_word' id='word_1_186' title='bbox 430 3646 582 3743; x_wconf 89' lang='lat' dir='ltr'>proleuit</span> <span class='ocrx_word' id='word_1_187' title='bbox 605 3646 710 3743; x_wconf 89' lang='lat' dir='ltr'>geuis</span> <span class='ocrx_word' id='word_1_188' title='bbox 735 3645 836 3741; x_wconf 90' lang='lat' dir='ltr'>meis,</span> <span class='ocrx_word' id='word_1_189' title='bbox 862 3653 949 3721; x_wconf 80' lang='lat' dir='ltr'>mue</span> <span class='ocrx_word' id='word_1_190' title='bbox 977 3648 1014 3721; x_wconf 83' lang='lat' dir='ltr'>dt</span> <span class='ocrx_word' id='word_1_191' title='bbox 1043 3648 1213 3736; x_wconf 75' lang='lat' dir='ltr'>ruptam,</span> <span class='ocrx_word' id='word_1_192' title='bbox 1238 3646 1325 3739; x_wconf 83' lang='lat' dir='ltr'>quio</span> <span class='ocrx_word' id='word_1_193' title='bbox 1351 3646 1522 3741; x_wconf 83' lang='lat' dir='ltr'>Virgilius</span> <span class='ocrx_word' id='word_1_194' title='bbox 1545 3646 1600 3722; x_wconf 84' lang='lat' dir='ltr'>le·</span> 
     </span>
     <span class='ocr_line' id='line_1_24' title="bbox 430 3765 1600 3861; baseline -0.002 -16"><span class='ocrx_word' id='word_1_195' title='bbox 430 3774 535 3845; x_wconf 84' lang='lat' dir='ltr'>reret</span> <span class='ocrx_word' id='word_1_196' title='bbox 559 3766 627 3845; x_wconf 88' lang='lat' dir='ltr'>sibi</span> <span class='ocrx_word' id='word_1_197' title='bbox 651 3766 780 3843; x_wconf 82' lang='lat' dir='ltr'>leoiem</span> <span class='ocrx_word' id='word_1_198' title='bbox 807 3786 893 3843; x_wconf 91' lang='lat' dir='ltr'>rore</span> <span class='ocrx_word' id='word_1_199' title='bbox 910 3766 947 3843; x_wconf 92' lang='lat' dir='ltr'>iu</span> <span class='ocrx_word' id='word_1_200' title='bbox 965 3765 1150 3842; x_wconf 81' lang='lat' dir='ltr'>maritima</span> <span class='ocrx_word' id='word_1_201' title='bbox 1166 3765 1238 3858; x_wconf 81' lang='lat' dir='ltr'>illa,</span> <span class='ocrx_word' id='word_1_202' title='bbox 1255 3766 1314 3841; x_wconf 84' lang='lat' dir='ltr'>rel</span> <span class='ocrx_word' id='word_1_203' title='bbox 1331 3765 1509 3861; x_wconf 84' lang='lat' dir='ltr'>diogenis</span> <span class='ocrx_word' id='word_1_204' title='bbox 1526 3787 1600 3843; x_wconf 87' lang='lat' dir='ltr'>uon</span> 
     </span>
     <span class='ocr_line' id='line_1_25' title="bbox 431 3884 1691 3984; baseline -0.006 -21"><span class='ocrx_word' id='word_1_205' title='bbox 431 3888 582 3963; x_wconf 81' lang='lat' dir='ltr'>madidis</span> <span class='ocrx_word' id='word_1_206' title='bbox 608 3907 706 3984; x_wconf 88' lang='lat' dir='ltr'>rore,</span> <span class='ocrx_word' id='word_1_207' title='bbox 732 3887 795 3981; x_wconf 91' lang='lat' dir='ltr'>qui</span> <span class='ocrx_word' id='word_1_208' title='bbox 821 3907 894 3962; x_wconf 91' lang='lat' dir='ltr'>uou</span> <span class='ocrx_word' id='word_1_209' title='bbox 924 3886 1020 3961; x_wconf 82' lang='lat' dir='ltr'>redit</span> <span class='ocrx_word' id='word_1_210' title='bbox 1044 3884 1105 3981; x_wconf 83' lang='lat' dir='ltr'>ibi,</span> <span class='ocrx_word' id='word_1_211' title='bbox 1130 3885 1235 3981; x_wconf 80' lang='lat' dir='ltr'>quusi</span> <span class='ocrx_word' id='word_1_212' title='bbox 1268 3886 1384 3961; x_wconf 80' lang='lat' dir='ltr'>dicet:</span> <span class='ocrx_word' id='word_1_213' title='bbox 1412 3886 1475 3961; x_wconf 92' lang='lat' dir='ltr'>ubi</span> <span class='ocrx_word' id='word_1_214' title='bbox 1500 3886 1600 3961; x_wconf 80' lang='lat' dir='ltr'>nullu</span> <span class='ocrx_word' id='word_1_215' title='bbox 1689 3953 1691 3956; x_wconf 85' lang='grc'>,</span> 
     </span>
     <span class='ocr_line' id='line_1_26' title="bbox 431 4004 1599 4104; baseline -0.002 -21"><span class='ocrx_word' id='word_1_216' title='bbox 431 4012 548 4104; x_wconf 74' lang='lat' dir='ltr'>potest</span> <span class='ocrx_word' id='word_1_217' title='bbox 573 4026 654 4083; x_wconf 87' lang='lat' dir='ltr'>esse</span> <span class='ocrx_word' id='word_1_218' title='bbox 679 4007 858 4101; x_wconf 82' lang='lat' dir='ltr'>alteratio,</span> <span class='ocrx_word' id='word_1_219' title='bbox 874 4006 948 4081; x_wconf 90' lang='lat' dir='ltr'>-ubi</span> <span class='ocrx_word' id='word_1_220' title='bbox 974 4026 1047 4081; x_wconf 90' lang='lat' dir='ltr'>uon</span> <span class='ocrx_word' id='word_1_221' title='bbox 1072 4011 1192 4101; x_wconf 89' lang='lat' dir='ltr'>potest</span> <span class='ocrx_word' id='word_1_222' title='bbox 1215 4006 1345 4100; x_wconf 88' lang='lat' dir='ltr'>pluere</span> <span class='ocrx_word' id='word_1_223' title='bbox 1360 4025 1430 4101; x_wconf 83' lang='lat' dir='ltr'>ego</span> <span class='ocrx_word' id='word_1_224' title='bbox 1447 4004 1599 4101; x_wconf 82' lang='lat' dir='ltr'>ploravi.</span> 
     </span>
     <span class='ocr_line' id='line_1_27' title="bbox 430 4124 1600 4219; baseline -0.001 -16"><span class='ocrx_word' id='word_1_225' title='bbox 430 4128 516 4205; x_wconf 87' lang='lat' dir='ltr'>ldeo</span> <span class='ocrx_word' id='word_1_226' title='bbox 540 4126 645 4204; x_wconf 84' lang='lat' dir='ltr'>dicit:</span> <span class='ocrx_word' id='word_1_227' title='bbox 662 4130 722 4203; x_wconf 79' lang='lat' dir='ltr'>elle</span> <span class='ocrx_word' id='word_1_228' title='bbox 739 4128 1052 4219; x_wconf 69' lang='lat' dir='ltr'>deprimendum</span> <span class='ocrx_word' id='word_1_229' title='bbox 1069 4132 1250 4199; x_wconf 79' lang='lat' dir='ltr'>tornasser</span> <span class='ocrx_word' id='word_1_230' title='bbox 1269 4127 1371 4215; x_wconf 73' lang='lat' dir='ltr'>adro,</span> <span class='ocrx_word' id='word_1_231' title='bbox 1389 4124 1492 4219; x_wconf 88' lang='lat' dir='ltr'>idest,</span> <span class='ocrx_word' id='word_1_232' title='bbox 1510 4132 1600 4202; x_wconf 81' lang='lat' dir='ltr'>atrae</span> 
     </span>
     <span class='ocr_line' id='line_1_28' title="bbox 433 4245 1600 4345; baseline 0.002 -22"><span class='ocrx_word' id='word_1_233' title='bbox 433 4250 492 4327; x_wconf 88' lang='lat' dir='ltr'>vel</span> <span class='ocrx_word' id='word_1_234' title='bbox 515 4248 695 4344; x_wconf 71' lang='lat' dir='ltr'>obscurus,</span> <span class='ocrx_word' id='word_1_235' title='bbox 721 4249 815 4325; x_wconf 85' lang='lat' dir='ltr'>sieut</span> <span class='ocrx_word' id='word_1_236' title='bbox 844 4246 974 4325; x_wconf 83' lang='lat' dir='ltr'>accidit</span> <span class='ocrx_word' id='word_1_237' title='bbox 1007 4246 1044 4321; x_wconf 91' lang='lat' dir='ltr'>iu</span> <span class='ocrx_word' id='word_1_238' title='bbox 1077 4246 1234 4340; x_wconf 82' lang='lat' dir='ltr'>planctu.</span> <span class='ocrx_word' id='word_1_239' title='bbox 1266 4245 1310 4319; x_wconf 84' lang='lat' dir='ltr'>Et</span> <span class='ocrx_word' id='word_1_240' title='bbox 1338 4266 1412 4320; x_wconf 87' lang='lat' dir='ltr'>uon</span> <span class='ocrx_word' id='word_1_241' title='bbox 1444 4246 1600 4345; x_wconf 86' lang='lat' dir='ltr'>mireris,</span> 
     </span>
     <span class='ocr_line' id='line_1_29' title="bbox 432 4366 1601 4465; baseline -0.001 -20"><span class='ocrx_word' id='word_1_242' title='bbox 432 4370 558 4465; x_wconf 82' lang='lat' dir='ltr'>lector,</span> <span class='ocrx_word' id='word_1_243' title='bbox 583 4370 613 4445; x_wconf 88' lang='lat' dir='ltr'>si</span> <span class='ocrx_word' id='word_1_244' title='bbox 639 4371 773 4447; x_wconf 77' lang='lat' dir='ltr'>pantes</span> <span class='ocrx_word' id='word_1_245' title='bbox 797 4369 931 4445; x_wconf 90' lang='lat' dir='ltr'>dimisit</span> <span class='ocrx_word' id='word_1_246' title='bbox 955 4367 1148 4465; x_wconf 83' lang='lat' dir='ltr'>Virgilium</span> <span class='ocrx_word' id='word_1_247' title='bbox 1183 4388 1269 4441; x_wconf 85' lang='lat' dir='ltr'>cum</span> <span class='ocrx_word' id='word_1_248' title='bbox 1302 4366 1450 4461; x_wconf 81' lang='lat' dir='ltr'>planetu</span> <span class='ocrx_word' id='word_1_249' title='bbox 1481 4374 1518 4443; x_wconf 90' lang='lat' dir='ltr'>et</span> <span class='ocrx_word' id='word_1_250' title='bbox 1546 4368 1601 4445; x_wconf 79' lang='lat' dir='ltr'>la·</span> 
     </span>
     <span class='ocr_line' id='line_1_30' title="bbox 430 4486 1601 4587; baseline -0.004 -21"><span class='ocrx_word' id='word_1_251' title='bbox 430 4489 578 4587; x_wconf 84' lang='lat' dir='ltr'>orymis,</span> <span class='ocrx_word' id='word_1_252' title='bbox 604 4489 664 4565; x_wconf 91' lang='lat' dir='ltr'>cui</span> <span class='ocrx_word' id='word_1_253' title='bbox 689 4489 839 4567; x_wconf 84' lang='lat' dir='ltr'>dederat</span> <span class='ocrx_word' id='word_1_254' title='bbox 864 4508 1016 4583; x_wconf 82' lang='lat' dir='ltr'>operam</span> <span class='ocrx_word' id='word_1_255' title='bbox 1041 4508 1064 4561; x_wconf 85' lang='lat' dir='ltr'>a</span> <span class='ocrx_word' id='word_1_256' title='bbox 1088 4486 1258 4583; x_wconf 82' lang='lat' dir='ltr'>pueritia,</span> <span class='ocrx_word' id='word_1_257' title='bbox 1283 4486 1487 4563; x_wconf 85' lang='lat' dir='ltr'>secuudum</span> <span class='ocrx_word' id='word_1_258' title='bbox 1513 4486 1601 4561; x_wconf 88' lang='lat' dir='ltr'>illud</span> 
     </span>
     <span class='ocr_line' id='line_1_31' title="bbox 331 4606 1602 4711; baseline -0.004 -24"><span class='ocrx_word' id='word_1_259' title='bbox 331 4702 334 4711; x_wconf 24' lang='grc'>1</span> <span class='ocrx_word' id='word_1_260' title='bbox 430 4612 623 4709; x_wconf 76' lang='lat' dir='ltr'>Augustini</span> <span class='ocrx_word' id='word_1_261' title='bbox 650 4611 770 4707; x_wconf 91' lang='lat' dir='ltr'>primo</span> <span class='ocrx_word' id='word_1_262' title='bbox 794 4609 1009 4685; x_wconf 75' lang='lat' dir='ltr'>decivitate</span> <span class='ocrx_word' id='word_1_263' title='bbox 1026 4607 1090 4682; x_wconf 83' lang='lat' dir='ltr'>bei</span> <span class='ocrx_word' id='word_1_264' title='bbox 1112 4607 1209 4683; x_wconf 85' lang='lat' dir='ltr'>cirea</span> <span class='ocrx_word' id='word_1_265' title='bbox 1228 4606 1466 4702; x_wconf 65' lang='lat' dir='ltr'>principium</span> <span class='ocrx_word' id='word_1_266' title='bbox 1484 4606 1602 4704; x_wconf 90' lang='lat' dir='ltr'>Virgi-</span> 
     </span>
     <span class='ocr_line' id='line_1_32' title="bbox 431 4715 1602 4827; baseline -0.003 -20"><span class='ocrx_word' id='word_1_267' title='bbox 431 4715 521 4807; x_wconf 89' lang='lat' dir='ltr'>lium</span> <span class='ocrx_word' id='word_1_268' title='bbox 555 4731 636 4809; x_wconf 91' lang='lat' dir='ltr'>ideo</span> <span class='ocrx_word' id='word_1_269' title='bbox 668 4730 773 4827; x_wconf 90' lang='lat' dir='ltr'>pueri</span> <span class='ocrx_word' id='word_1_270' title='bbox 798 4731 926 4826; x_wconf 86' lang='lat' dir='ltr'>legunt</span> <span class='ocrx_word' id='word_1_271' title='bbox 952 4735 991 4802; x_wconf 92' lang='lat' dir='ltr'>ut</span> <span class='ocrx_word' id='word_1_272' title='bbox 1018 4733 1124 4822; x_wconf 85' lang='lat' dir='ltr'>poete</span> <span class='ocrx_word' id='word_1_273' title='bbox 1164 4748 1321 4823; x_wconf 85' lang='lat' dir='ltr'>mugnus</span> <span class='ocrx_word' id='word_1_274' title='bbox 1358 4728 1602 4821; x_wconf 88' lang='lat' dir='ltr'>omniumque</span> 
     </span>
     <span class='ocr_line' id='line_1_33' title="bbox 431 4848 1601 4951; baseline -0.001 -24"><span class='ocrx_word' id='word_1_275' title='bbox 431 4852 736 4951; x_wconf 78' lang='lat' dir='ltr'>prteelurissimus¹</span> <span class='ocrx_word' id='word_1_276' title='bbox 769 4856 882 4944; x_wconf 82' lang='lat' dir='ltr'>alque</span> <span class='ocrx_word' id='word_1_277' title='bbox 924 4848 1085 4944; x_wconf 89' lang='lat' dir='ltr'>optimus</span> <span class='ocrx_word' id='word_1_278' title='bbox 1126 4848 1262 4924; x_wconf 83' lang='lat' dir='ltr'>terreris</span> <span class='ocrx_word' id='word_1_279' title='bbox 1302 4848 1460 4925; x_wconf 87' lang='lat' dir='ltr'>ebibitus</span> <span class='ocrx_word' id='word_1_280' title='bbox 1496 4848 1601 4926; x_wconf 81' lang='lat' dir='ltr'>aunis</span> 
     </span>
    </p>
   </div>
   <div class='ocr_carea' id='block_1_6' title="bbox 494 5110 903 5177">
    <p class='ocr_par' dir='ltr' id='par_1_6' title="bbox 494 5110 903 5177">
     <span class='ocr_line' id='line_1_34' title="bbox 494 5110 903 5177; baseline -0.005 -14"><span class='ocrx_word' id='word_1_281' title='bbox 494 5112 522 5177; x_wconf 65' lang='grc' dir='ltr'>ι’)</span> <span class='ocrx_word' id='word_1_282' title='bbox 539 5112 569 5162; x_wconf 81' lang='grc' dir='ltr'>Ε.</span> <span class='ocrx_word' id='word_1_283' title='bbox 584 5124 599 5161; x_wconf 83' lang='lat' dir='ltr'>e</span> <span class='ocrx_word' id='word_1_284' title='bbox 616 5114 670 5169; x_wconf 80' lang='lat'><strong>¹1⁷.</strong></span> <span class='ocrx_word' id='word_1_285' title='bbox 686 5110 744 5161; x_wconf 88' lang='lat' dir='ltr'>ldeo</span> <span class='ocrx_word' id='word_1_286' title='bbox 759 5111 903 5163; x_wconf 76' lang='lat' dir='ltr'>vilebatur.</span> 
     </span>
    </p>
   </div>
   <div class='ocr_carea' id='block_1_7' title="bbox 0 0 2295 6836">
    <p class='ocr_par' dir='ltr' id='par_1_7' title="bbox 0 0 2295 6836">
     <span class='ocr_line' id='line_1_35' title="bbox 0 0 2295 6836; baseline 0 0"><span class='ocrx_word' id='word_1_287' title='bbox 0 0 2295 6836; x_wconf 95' lang='lat' dir='ltr'> </span> 
     </span>
    </p>
   </div>
  </div>
 </body>
</html>
