4575 6842
712 988 851 1077 GdNTUS
876 989 1092 1045 sarcasmus
1116 989 1312 1045 SECUNDUS.
1524 981 1594 1048 261

368 1105 371 1115 ⁴
424 1132 503 1208 siue
528 1131 687 1209 domino.
705 1134 884 1229 Cognovit
908 1140 946 1209 et
971 1154 1129 1209 uxorem
1152 1134 1289 1209 domini
1306 1137 1363 1209 sui
1380 1139 1597 1213 mercatoris

425 1254 600 1349 ditissimi,
626 1274 740 1350 quam
765 1259 1029 1349 postmortem
1057 1254 1152 1329 illius
1180 1254 1287 1329 duxit
1311 1277 1487 1353 uxorem3
1514 1265 1596 1333 tan·

423 1374 508 1450 dem
536 1375 572 1449 in
590 1380 699 1451 aetatc
715 1370 956 1471 quadraginta
973 1394 1157 1451 annorum
1175 1376 1359 1451 extinctus
1376 1385 1432 1453 est
1452 1399 1596 1454 veneno

425 1494 554 1570 iraude
578 1515 745 1569 suorum.
770 1493 825 1569 dd
849 1494 994 1569 literam
1023 1516 1127 1591 ergo,
1153 1501 1261 1590 poeta
1286 1495 1457 1571 describit
1482 1498 1594 1572 istum

424 1615 495 1691 sub
519 1614 639 1711 ligura
663 1614 844 1710 draconis,
869 1616 1010 1691 dicens:
1029 1619 1095 1691 Poi
1110 1636 1226 1709 paroc
1244 1637 1270 1687 o
1293 1638 1347 1691 nte
1363 1621 1423 1691 cite
1443 1622 1479 1691 lu
1498 1625 1597 1691 arro

424 1738 614 1827 sopore,
636 1742 678 1809 ut
703 1741 850 1831 pareret
873 1736 984 1811 istum
1006 1736 1205 1812 draconem
1231 1735 1464 1832 diabolicum,
1482 1758 1594 1832 quem

424 1876 514 1931 vere
531 1856 608 1931 risa
625 1862 681 1931 est
697 1856 866 1942 emittere
890 1857 938 1931 ab
962 1856 1128 1951 inferno,
1147 1857 1215 1931 luit
1235 1856 1334 1932 euim
1360 1858 1471 1933 bomo
1498 1864 1597 1959 totus

424 1974 581 2050 carnalis
600 1980 637 2049 et
656 1980 838 2070 terrenus,
852 1978 896 2049 ιθ
902 1976 1006 2049 ambo
1020 1979 1051 2049 le
1063 1983 1174 2069 ruote,
1199 1975 1292 2050 idest
1309 1976 1406 2051 inter
1424 1977 1518 2052 duas
1536 1997 1597 2051 ro-

425 2102 491 2190 tas,
509 2094 645 2171 scilicet
669 2102 775 2171 vetus
800 2101 838 2171 et
862 2114 1001 2171 novum
1024 2102 1307 2189 testamentum3
1329 2103 1366 2172 et
1386 2097 1483 2172 bene
1498 2097 1595 2190 dicit,

424 2237 511 2291 uam
536 2217 801 2292 Macbomettns
826 2236 873 2291 ex
901 2223 1061 2311 utroque
1084 2223 1306 2292 testamento
1331 2217 1517 2292 constituit
1543 2217 1597 2291 le-

422 2356 510 2433 gem
535 2337 744 2432 saracenis;
764 2336 952 2412 asserebat
977 2337 1075 2411 euim
1102 2358 1142 2413 se
1165 2337 1318 2411 missum
1340 2338 1387 2410 ad
1407 2336 1597 2413 declaran-

424 2456 509 2531 dam
535 2457 654 2551 legem
682 2456 794 2553 Moysi
814 2456 959 2552 judaeis,
976 2462 1014 2531 et
1030 2457 1150 2553 legem
1171 2456 1302 2531 Christi
1321 2456 1542 2550 christianis3
1559 2463 1597 2531 et

424 2586 466 2655 ut
484 2580 580 2654 male
596 2578 838 2679 intelligentes
859 2578 1063 2673 corrigeret
1079 2586 1117 2654 et
1134 2577 1297 2673 doceret,
1314 2586 1352 2653 et
1370 2584 1520 2653 necaret
1541 2578 1596 2650 in·

424 2699 611 2793 credulos3
638 2698 735 2775 unde
760 2698 864 2773 dicit:
885 2720 905 2772 e
928 2702 1001 2773 oidt
1023 2702 1162 2773 usctmte
1176 2719 1226 2773 uo
1241 2701 1384 2791 drupo;
1404 2698 1516 2773 draeo
1540 2697 1597 2771 di·

425 2820 521 2897 citur
546 2839 696 2916 serpens
722 2818 858 2914 templi,
883 2824 920 2893 et
952 2818 1019 2893 iste
1053 2818 1201 2893 intravit
1225 2818 1406 2913 templum
1432 2817 1595 2892 Domini:

427 2938 495 3014 luit
519 2938 577 3013 bio
607 2938 719 3015 draco
753 2939 944 3014 immense
974 2936 1244 3035 magnitudinis,
1278 2938 1396 3012 maior
1428 2943 1598 3033 serpente

427 3058 490 3153 qui
515 3078 713 3133 romanum
739 3059 887 3135 vexarit
911 3058 1117 3135 exercitum
1143 3058 1213 3132 sub
1234 3058 1357 3133 Marco
1386 3059 1529 3155 Regulo
1559 3057 1597 3131 iu

424 3179 555 3255 Africa.
582 3178 665 3254 Fuit
690 3178 749 3253 bic
774 3178 885 3254 draco
910 3181 1029 3255 alatus
1054 3178 1118 3272 qui
1144 3178 1282 3253 volavit
1312 3179 1360 3253 ab
1393 3179 1536 3254 oriente
1560 3178 1598 3253 in

427 3298 670 3393 occidentem3
698 3297 795 3375 unde
815 3298 919 3373 dicit:
939 3300 999 3372 cte
1020 3319 1086 3391 per
1103 3300 1138 3372 lo
1154 3305 1265 3371 curro
1280 3318 1323 3371 su
1343 3301 1380 3371 ta
1397 3301 1488 3372 eodo
1501 3301 1597 3391 fisse,

426 3421 581 3495 caudam
612 3426 843 3514 venenatam,
870 3440 945 3514 qua
970 3418 1092 3495 iniecit
1123 3438 1295 3515 maguam
1331 3423 1473 3512 partem
1507 3417 1599 3495 lide-
1664 3407 1666 3410 ’

426 3540 528 3614 lium.
543 3540 587 3613 Et
600 3539 687 3634 quia
704 3539 835 3615 linerat
852 3538 1008 3613 caudam
1022 3559 1173 3613 sursum
1186 3545 1314 3613 contra
1328 3538 1460 3633 Deum,
1477 3538 1600 3613 subdit

427 3660 613 3755 quomodo
634 3660 789 3735 retraxit
814 3680 898 3735 eam
922 3658 970 3736 ad
986 3680 1026 3735 se
1052 3679 1138 3734 cum
1166 3659 1290 3754 preda
1315 3679 1381 3753 per
1404 3678 1599 3754 compara-

428 3780 565 3855 tionem
591 3799 724 3876 vespae,
749 3780 892 3855 dicens:
918 3802 938 3853 e
963 3786 1076 3853 basse
1100 3782 1164 3853 dut
1183 3782 1308 3873 suado,
1329 3780 1425 3853 illius
1450 3800 1598 3873 currus,

427 3904 465 3975 lu
489 3902 581 3974 eodo
605 3902 774 3993 muliprco,
800 3900 902 3996 idest,
925 3901 1023 3977 male
1044 3898 1208 3997 ignitam,
1227 3900 1287 3974 ilie
1305 3900 1429 3993 draeo,
1450 3902 1598 3973 naman

429 4042 455 4093 u
478 4041 528 4112 se,
553 4019 656 4113 idest,
683 4020 931 4114 retorquendo
955 4020 1000 4096 ad
1028 4040 1079 4114 se,
1105 4040 1202 4093 cone
1227 4039 1333 4112 vespa
1356 4022 1416 4093 cle
1439 4023 1600 4112 ritruppe

429 4144 550 4232 l’opo,
575 4138 678 4233 idest,
703 4140 876 4216 aculeum
902 4160 1025 4215 suum.
1051 4140 1096 4213 Et
1121 4145 1178 4213 est
1202 4138 1427 4233 temperatio
1454 4138 1601 4233 propria

428 4261 476 4337 de
501 4280 611 4356 vespa
636 4280 721 4355 quae
746 4266 802 4337 est
826 4260 971 4337 inimica
992 4260 1062 4355 api,
1079 4266 1118 4336 et
1138 4264 1257 4335 vastat
1272 4258 1418 4335 dulcem
1437 4258 1601 4332 iruetum

430 4380 521 4475 eius,
546 4380 641 4456 sicut
665 4381 930 4457 blachomcttus
955 4380 1096 4456 Christi.
1123 4381 1168 4454 Et
1191 4379 1296 4455 dicit:
1322 4401 1342 4453 e
1364 4380 1481 4471 puseo
1509 4398 1601 4470 oupo

430 4521 536 4592 copo,
543 4500 646 4595 idest,
657 4501 806 4577 recessit
823 4501 883 4576 ille
895 4503 1016 4577 draco.
1033 4502 1077 4575 Et
1089 4500 1149 4574 bie
1165 4505 1252 4575 nota
1265 4500 1365 4594 quod
1376 4500 1602 4575 blachomet-

429 4628 489 4697 tus
514 4628 668 4719 vagatus
693 4629 748 4699 est
773 4629 898 4718 postea
928 4642 994 4718 per
1023 4621 1153 4698 orbem
1180 4627 1381 4712 terrarum,
1406 4620 1602 4714 quiasuis

430 4741 534 4818 malis
565 4742 706 4817 artibus
740 4742 887 4837 arabes,
919 4762 1041 4839 syros,
1072 4741 1211 4836 medos,
1242 4761 1380 4836 persas,
1413 4739 1600 4837 aegyptios,

429 4860 602 4957 aetbiopes
627 4867 665 4935 et
691 4882 810 4957 usque
831 4860 884 4966 ad¹
900 4860 1110 4956 Hispaniam
1128 4880 1198 4935 suo
1222 4880 1353 4937 errore
1377 4859 1533 4936 seduxit
1558 4861 1602 4934 Et

428 4980 591 5057 breviter
615 4979 653 5054 iu
678 4981 829 5057 ecelesia
854 4980 919 5057 liei
945 4987 1069 5055 tantus
1086 5000 1194 5055 error
1213 4980 1330 5055 laetus
1347 4986 1414 5075 est,
1435 4980 1535 5074 qnod
1552 4980 1600 5055 ab

429 5100 578 5177 iniantia
603 5100 767 5177 ecclesie
792 5100 981 5197 usquead
1007 5100 1087 5177 eius
1111 5101 1268 5195 senium,
1293 5100 1396 5196 idest,
1416 5099 1601 5195 usquead
