4575 6842
736 984 874 1040 usurus
899 985 1092 1040 vronsruus
1116 985 1286 1039 ocruvus.
1524 972 1592 1038 179

420 1129 577 1224 sinistra,
611 1133 644 1203 si
676 1131 813 1203 etiamn
838 1133 928 1219 Lete,
956 1148 1091 1224 graece,
1121 1133 1158 1202 ct
1187 1128 1298 1202 latine
1332 1128 1594 1223 interpretatur

422 1249 575 1344 oblivio,
601 1242 673 1324 roci
700 1253 785 1324 dall
797 1253 891 1328 altro
916 1253 1001 1340 tato,
1027 1248 1174 1341 scilicet,
1205 1248 1370 1342 dextero,
1394 1251 1427 1321 st
1457 1250 1595 1321 cliomo

423 1367 563 1464 Eupo&
582 1369 634 1443 sic
658 1369 795 1443 dictum
812 1369 860 1443 ab
877 1375 941 1462 Eo,
960 1369 1059 1463 quod
1076 1375 1131 1443 est
1149 1370 1302 1463 bonum,
1320 1377 1357 1443 et
1376 1390 1478 1461 noys,
1496 1369 1594 1461 quod

423 1498 479 1566 cst
503 1511 628 1583 mens;
654 1489 759 1584 quasi
792 1489 889 1564 bona
922 1510 1037 1583 mens,
1064 1489 1167 1583 idest,
1194 1488 1373 1564 memoria
1398 1489 1595 1583 bonorum,

425 1617 510 1705 quac
546 1611 642 1684 bene
674 1609 843 1702 sequitur
867 1609 914 1683 ad
939 1609 1159 1684 oblivionem
1189 1609 1385 1682 malorum.
1412 1609 1456 1681 Et
1481 1608 1597 1705 tangit

425 1729 682 1806 correlativam
716 1728 892 1804 virtutem
929 1729 1127 1803 amborum
1162 1728 1372 1822 duriorum,
1406 1727 1598 1803 dicens:c

426 1871 499 1924 non
522 1852 677 1941 adopro,
695 1847 796 1943 idest,
821 1870 895 1922 non
921 1857 1068 1943 praestat
1092 1849 1249 1924 salutem
1277 1848 1426 1942 homini,
1453 1850 1598 1940 seprio

426 1990 501 2043 non
524 1966 546 2043 e*
566 1975 716 2061 poseo,
742 1966 839 2043 istud
869 1968 1019 2062 llumen,
1044 1949 1202 2063 penne
1231 1971 1362 2062 quincti,
1404 1968 1524 2064 primo
1551 1967 1597 2042 de

426 2091 585 2184 Lethaeo,
605 2089 766 2164 secundo
795 2089 842 2164 de
870 2090 1009 2183 Eunoe,
1028 2090 1114 2184 quia
1147 2110 1218 2163 non
1249 2089 1382 2163 sufficit
1412 2091 1598 2165 abstinere

425 2231 447 2284 a
474 2210 584 2304 malo,
611 2210 676 2283 nisi
704 2208 767 2284 liat
792 2209 889 2303 quod
916 2209 1054 2284 bonum
1072 2215 1139 2284 est.
1158 2209 1244 2283 ldeo
1268 2209 1364 2282 bene
1388 2209 1474 2284 dicit
1490 2217 1598 2304 poeta

427 2329 526 2424 quod
551 2329 723 2404 oriuntur
742 2329 937 2403 abeodem
955 2329 1055 2404 lonte
1071 2328 1202 2402 divinae
1218 2328 1359 2425 gratiae,
1378 2328 1441 2421 qui
1459 2328 1534 2402 enit
1551 2329 1597 2404 de

426 2456 529 2545 petra
555 2450 651 2543 viva,
668 2469 753 2544 quoe
779 2455 833 2524 est
858 2449 1033 2543 Christus,
1055 2450 1092 2523 in
1117 2470 1280 2544 quorum
1308 2455 1466 2542 utroque
1491 2456 1599 2545 pocta

427 2569 620 2663 lavabitur,
646 2570 755 2644 etde
781 2567 974 2663 utriusque
998 2589 1096 2663 aqua
1121 2569 1293 2665 gustabit,
1320 2575 1361 2643 ut
1386 2569 1532 2665 patebit.
1556 2572 1600 2644 Et

427 2690 610 2765 concludit
635 2690 835 2764 bonitatem
858 2689 968 2763 buius
985 2709 1093 2785 aquae
1119 2711 1203 2785 quae
1230 2711 1303 2764 non
1327 2689 1438 2764 habet
1459 2710 1601 2785 parem,

428 2810 570 2884 dicens:
601 2816 686 2900 esto,
714 2809 817 2902 idest,
850 2809 918 2883 iste
946 2830 1055 2905 sapor
1084 2830 1205 2905 aquae,
1230 2807 1252 2885 c*
1278 2813 1316 2884 dt
1342 2830 1453 2903 sopra
1479 2831 1503 2882 a
1528 2812 1602 2883 tutti

429 2933 514 3004 altri
536 2933 672 3022 sapori,
698 2929 801 3024 idest,
826 2929 1081 3025 superexcedit
1102 2951 1231 3005 omnes
1252 2951 1411 3026 sapores,
1430 2929 1516 3023 quia
1534 2931 1601 3004 ha·

429 3051 554 3126 botin
580 3071 621 3125 se
644 3071 774 3126 omnes
799 3070 959 3145 sapores,
986 3050 1049 3123 ubi
1073 3071 1171 3143 aqua
1198 3058 1321 3125 nostra
1351 3031 1483 3125 dicitur
1516 3071 1602 3145 per·

431 3172 524 3246 lecta
542 3171 628 3266 quia
644 3162 681 3262 (⁴)
700 3171 842 3244 nullum
866 3168 975 3244 babet
992 3190 1233 3265 saporem—
1247 3176 1291 3242 Et
1306 3191 1476 3260 cooequo.
1496 3171 1601 3245 Nunc
1708 3237 1710 3242 ,

432 3291 561 3365 ultimo
587 3290 654 3365 ista
678 3290 752 3364 alta
777 3289 925 3364 domina
951 3289 1050 3364 addit
1076 3311 1189 3364 unam
1216 3289 1440 3384 potissimam
1457 3281 1493 3382 (²)
1513 3310 1603 3364 con-

430 3411 631 3486 clusionem
648 3410 694 3485 ad
707 3411 969 3485 ostendendam
984 3410 1191 3485 felicitatem
1208 3411 1316 3485 buius
1330 3411 1410 3485 loci.
1425 3412 1470 3484 Et
1483 3411 1603 3507 primo

433 3538 474 3606 ut
498 3531 626 3607 reddat
650 3552 736 3606 cum
764 3537 945 3606 attentum
972 3531 1150 3626 promittit
1167 3553 1274 3606 suam
1299 3539 1444 3628 gratam
1470 3532 1604 3607 libera·
1722 3621 1725 3632 Ι

431 3649 581 3726 litatem.
608 3651 701 3725 llicit
717 3671 828 3748 ergo:
846 3657 892 3725 Et
910 3672 1071 3742 cooequo
1086 3653 1138 3724 cb'
1152 3655 1249 3726 assat
1259 3673 1370 3745 possa
1387 3673 1482 3726 esser
1501 3655 1604 3725 rozio

432 3773 470 3846 to
488 3779 557 3846 sete
574 3779 647 3863 uto,
663 3771 767 3864 idest,
785 3771 937 3846 aviditas
953 3771 1089 3860 sciendi
1109 3772 1156 3846 de
1173 3794 1267 3846 aura
1284 3781 1320 3848 et
1337 3794 1436 3867 aqua
1453 3772 1554 3848 istius
1566 3762 1603 3866 (ἢ

433 3891 579 3985 montis,
599 3893 766 3984 pcrcb’io
786 3887 849 3983 pict
873 3911 946 3964 non
970 3894 997 3964 ti
1019 3912 1186 3984 scuopra,
1204 3892 1423 3967 declarando
1440 3899 1478 3968 et
1502 3891 1606 3968 dete·

432 4013 553 4110 gendo
578 4013 685 4086 istam
712 4011 918 4106 materiam,
945 4032 1029 4105 quae
1054 4012 1248 4086 videbatur
1264 4001 1300 4106 (⁴)
1334 4013 1397 4087 tibi
1431 4013 1517 4087 satis
1542 4033 1607 4086 oc·

433 4135 545 4228 culta,
559 4135 692 4207 dorotd
707 4153 755 4211 un
770 4135 962 4206 corollario
969 4159 985 4225 ,·
1001 4132 1236 4206 corollarium
1255 4133 1459 4228 appellatur
1478 4132 1606 4207 ultima

434 4252 631 4348 conclusio,
646 4273 730 4347 qnae
746 4252 855 4327 datur
873 4257 953 4347 post
969 4253 1058 4326 alias
1075 4252 1180 4347 quasi
1198 4253 1383 4327 conclusio
1403 4251 1607 4328 conclusio-

435 4395 538 4469 num,
556 4356 611 4448 sic¹
624 4373 762 4450 dictum
780 4394 803 4448 a
821 4374 970 4468 corolla,
987 4372 1090 4466 idest,
1109 4394 1223 4467 parva
1244 4393 1392 4467 corona,
1412 4373 1515 4467 quasi
1542 4394 1606 4448 co-

435 4495 638 4589 ronarium,
664 4493 750 4587 quia
767 4485 804 4586 (³)
829 4494 939 4569 datur
964 4493 1231 4589 disputantibus
1247 4493 1282 4567 in
1308 4494 1521 4589 praemium3
1539 4515 1608 4568 on-

435 4635 583 4707 corpor
601 4618 746 4708 pruzia,
775 4614 952 4707 quiahoc
977 4618 1018 4685 tu
1045 4633 1119 4686 non
1144 4613 1365 4708 somniabas,
1392 4620 1429 4688 et
1454 4613 1606 4710 egotibi

435 4755 510 4811 nou
527 4736 780 4829 promiseram.
807 4735 851 4808 ut
875 4739 1029 4809 excusat
1046 4753 1086 4808 sc
1106 4733 1153 4808 de
1173 4733 1241 4807 ista
1266 4734 1501 4831 digressione,
1519 4735 1606 4831 quin

436 4855 507 4930 boc
531 4855 615 4929 lacit
640 4861 790 4956 propter
816 4853 1117 4950 complacentiam
1137 4873 1256 4948 suam,
1273 4852 1414 4928 dicens:
1440 4849 1489 4928 nd
1501 4857 1607 4928 credo

500 5037 528 5100 (¹)
545 5041 591 5088 117
606 5051 622 5088 c
638 5037 669 5090 E.
685 5053 743 5103 qum
759 5038 862 5090 nullum
877 5037 962 5088 lubet.
1049 5038 1076 5100 (¹)
1093 5039 1124 5090 Ε.
1140 5040 1352 5102 potentissimum.

502 5114 577 5178 (⁸)E.
594 5114 790 5188 unimundus
1050 5113 1078 5180 (¹)
1094 5119 1148 5177 117,
1165 5116 1275 5168 rldctur.
1379 5115 1406 5179 (⁸)
1423 5116 1453 5166 n.
1470 5117 1547 5181 quod.
