4575 6842
567 990 568 995 ¹
691 964 762 1029 ala
1026 1002 1029 1008 ·
1054 974 1258 1030 conantum
1281 974 1503 1030 coaulromr

690 1138 895 1214 numquam
927 1119 1014 1193 visae
1047 1119 1168 1194 sabim
1195 1120 1249 1195 'ita
1279 1128 1476 1216 caperetur
1503 1127 1544 1196 et
1568 1122 1765 1220 ligaretur:
1792 1126 1861 1201 ista

690 1260 781 1336 ergo
796 1240 951 1315 scintilla
968 1239 1105 1314 amoris
1127 1260 1226 1315 nunc
1241 1240 1442 1315 commorit
1455 1249 1621 1318 mentem
1644 1244 1735 1340 eius,
1752 1268 1861 1320 sanzo

689 1376 777 1433 ooor
798 1354 860 1453 piri
885 1364 1135 1450 cognoscentia
1161 1363 1254 1451 dcpli
1276 1363 1385 1451 occdi,
1404 1360 1508 1456 idest,
1522 1364 1696 1456 quamvis
1716 1386 1790 1439 nou
1805 1365 1862 1441 ri-

690 1476 816 1555 derem
835 1480 950 1575 ipsam
968 1480 1125 1554 ulterius
1150 1480 1187 1552 in
1213 1479 1289 1553 sois
1304 1480 1422 1554 oculis
1439 1481 1664 1557 radiantibus
1678 1484 1749 1558 suh
1767 1486 1861 1580 velo,

690 1602 739 1675 ita
764 1600 864 1694 quod
891 1599 1105 1674 recordatus
1125 1620 1209 1672 sum
1226 1600 1423 1673 oculorum
1440 1600 1588 1675 illorum
1608 1622 1800 1700 vagorum.
1812 1641 1862 1660 -—

695 1726 807 1794 roso.
834 1720 899 1793 llic
923 1726 1030 1814 poeta
1055 1720 1211 1794 ostendit
1233 1718 1391 1813 qualiter
1408 1720 1546 1816 positus
1563 1722 1600 1796 in
1619 1745 1752 1821 magna
1769 1747 1861 1822 ago·

690 1840 921 1915 mareourrit
934 1840 980 1913 ad
989 1838 1193 1937 Virgilium,
1205 1840 1301 1915 sicut
1313 1860 1459 1936 semper
1472 1839 1659 1936 solebat)
1672 1845 1710 1918 in
1723 1845 1859 1941 arduis,

688 1982 755 2059 por
780 1961 1089 2057 comparationem
1112 1960 1222 2051 ¹valde
1246 1962 1406 2057 claram3
1437 1961 1535 2038 unde
1568 1984 1636 2059 pro
1667 1968 1861 2042 continua·

689 2083 787 2157 tione
813 2087 981 2177 repetens
1001 2081 1099 2175 quod
1120 2081 1273 2175 dixerat,
1299 2081 1407 2156 dicit:
1439 2088 1541 2157 Tosto
1556 2088 1617 2158 otc
1636 2088 1737 2159 totto
1752 2082 1859 2179 oinct,

688 2204 790 2297 nest,
816 2222 929 2296 quam
955 2202 1026 2276 cito
1052 2200 1211 2297 potentia
1227 2202 1376 2298 amoris,
1399 2224 1512 2298 qoam
1533 2205 1612 2300 jam
1635 2208 1779 2281 vocarit
1793 2228 1860 2282 oc·

689 2326 837 2419 cultam,
854 2326 914 2397 cte
937 2313 998 2414 pol
1023 2326 1068 2395 m'
1082 2344 1172 2395 occo
1201 2326 1343 2416 rufino,
1368 2323 1470 2418 idest,
1501 2346 1586 2419 quae
1614 2326 1702 2400 olim
1726 2330 1860 2402 vulne·

689 2450 837 2520 raserat
853 2464 915 2518 me
932 2443 1007 2517 suis
1031 2443 1112 2517 telis
1136 2444 1274 2537 aureis,
1291 2442 1479 2537 primo'cl’
1490 2447 1525 2518 to
1544 2448 1631 2539 soor
1645 2449 1686 2520 di
1699 2450 1860 2539 puericia

685 2572 792 2661 socco,
821 2563 925 2659 quasi
950 2563 1056 2657 dicat,
1082 2563 1171 2637 dum
1204 2584 1323 2639 essem
1348 2564 1470 2639 adimo
1494 2586 1599 2661 puer,
1628 2568 1678 2639 mr·
1697 2588 1860 2660 peroorrc

687 2689 779 2759 nollo
803 2688 906 2777 msto,
932 2684 1034 2777 idest,
1059 2684 1097 2757 in
1122 2684 1249 2758 oculos
1263 2675 1314 2778 (¹),
1332 2683 1369 2757 in
1391 2684 1525 2778 quilius
1541 2685 1665 2780 inm‘pit
1683 2687 1737 2761 ris
1752 2707 1859 2760 amo

689 2806 748 2901 ris,
776 2812 864 2880 tunc
889 2804 1023 2897 statim,
1048 2806 1186 2878 volcimi
1207 2806 1282 2878 olla
1302 2808 1459 2895 naono,
1475 2806 1540 2879 ahi
1562 2807 1759 2881 credebam
1777 2807 1860 2880 llir-

687 2926 815 3023 gilium
841 2946 932 3018 esse,
958 2927 1014 2997 cot
1031 2928 1185 3017 repeto,
1211 2924 1313 3017 idest,
1336 2932 1517 3020 respecto,
1542 2928 1600 2999 ool
1621 2929 1707 3019 quat
1727 2930 1756 2999 tl
1776 2930 1859 3020 son-

688 3050 771 3119 tolta
802 3066 906 3119 corre
937 3048 1009 3118 alto
1040 3066 1209 3136 mommo,
1240 3044 1343 3139 idest,
1374 3052 1531 3120 matrem
1566 3047 1625 3120 vel
1657 3047 1856 3140 nutricem3

687 3168 1053 3258 poondolrapooro,
1080 3168 1270 3257 cquando
1299 3168 1368 3256 epti
1400 3162 1420 3238 e*
1446 3169 1579 3259 optino,
1611 3165 1756 3258 scilicet,
1785 3167 1858 3241 alia

687 3285 865 3381 passione,
891 3284 984 3359 sicut
1010 3304 1138 3359 amore
1162 3284 1318 3359 alicuius
1348 3284 1414 3378 rei,
1437 3306 1504 3377 per
1527 3288 1623 3359 dicer
1645 3306 1671 3357 o
1693 3290 1857 3377 Virptco:

687 3428 765 3482 mco
778 3398 838 3480 cte
851 3408 1030 3498 drommo,
1042 3404 1145 3499 quasi
1160 3405 1267 3500 dicat,
1279 3406 1472 3479 minimum
1482 3429 1491 3499 3
1502 3412 1557 3479 est
1568 3406 1667 3480 enim
1680 3406 1856 3481 drachma

686 3528 950 3624 parvulapars
981 3525 1262 3620 ponderisque
1296 3525 1475 3600 vocabulo
1507 3527 1664 3600 multum
1699 3530 1857 3599 utuntur

685 3648 830 3741 medici,
854 3648 893 3719 di
916 3666 1049 3736 sangae
1073 3642 1154 3719 m'e*
1175 3648 1324 3736 rimoso,
1346 3649 1406 3719 cte
1423 3668 1496 3720 non
1513 3650 1626 3741 aemi,
1645 3646 1732 3741 quia
1748 3666 1856 3720 amor

684 3768 823 3842 inducit
842 3766 1031 3860 timorem,
1050 3772 1087 3839 et
1112 3765 1223 3840 timor
1240 3772 1463 3860 tremorem3
1481 3766 1580 3841 unde
1596 3765 1691 3860 dicit,
1708 3786 1856 3839 oocosco

684 3892 820 3980 tropat
848 3890 1056 3961 deltonem
1084 3889 1244 3979 flammo,
1270 3886 1416 3980 scilicet,
1446 3886 1602 3961 amoris:
1629 3888 1699 3961 hoc
1728 3892 1855 3961 autom

683 4010 770 4083 dicit
794 4006 964 4104 Virgilius
989 4007 1035 4082 de
1060 4005 1210 4099 llidone,
1226 4006 1331 4100 quasi
1356 4006 1452 4080 dicat
1478 4006 1586 4081 tacite
1610 4006 1856 4099 Damastion

682 4130 735 4203 ita
761 4128 851 4201 Dido
876 4126 965 4201 arsit
990 4146 1119 4201 amore
1141 4125 1265 4200 subito
1289 4125 1369 4199 viso
1389 4126 1498 4200 Eitea.
1512 4164 1562 4180 —
1575 4130 1647 4199 llo.
1666 4126 1731 4199 llic
1747 4132 1854 4219 poeta

682 4247 841 4348 ostendit
866 4268 976 4320 suum
993 4244 1179 4340 retugium
1197 4244 1309 4320 misse
1326 4265 1476 4339 vanum,
1495 4246 1582 4339 quia
1603 4244 1771 4341 Virgilius
1796 4264 1856 4318 re-

681 4368 1027 4462 cessandoque
1054 4366 1212 4439 multum
1245 4366 1487 4459 conqueritur
1515 4373 1552 4440 et
1580 4364 1690 4441 dolet.
1721 4366 1766 4439 lit
1793 4366 1856 4441 bic

538 4521 602 4603 J
680 4491 837 4565 adverte
854 4488 952 4583 quod
973 4487 1078 4561 multi
1096 4488 1279 4561 mirantur
1294 4486 1341 4561 de
1358 4506 1403 4561 eo
1420 4486 1519 4579 quod
1539 4486 1673 4561 panes
1687 4488 1738 4561 lta
1758 4486 1855 4561 nude

686 4610 801 4707 tangit
825 4630 1014 4685 recessum
1040 4606 1178 4705 Virgilii
1203 4628 1227 4682 a
1251 4627 1292 4682 se
1316 4606 1416 4700 quod
1440 4628 1515 4681 non
1533 4606 1732 4702 perpendit,
1749 4607 1853 4699 quod

687 4753 761 4806 non
785 4730 874 4805 dixit
899 4730 992 4823 vele,
1018 4728 1094 4804 imo
1119 4748 1188 4803 nec
1218 4726 1301 4802 lecit
1331 4728 1509 4822 verbum3
1534 4726 1598 4801 sed
1622 4733 1724 4801 certo
1748 4733 1854 4822 poeta

688 4857 811 4926 noster
836 4853 905 4925 hoc
932 4871 1003 4924 non
1035 4850 1136 4945 fingit
1166 4849 1245 4924 sine
1278 4848 1478 4922 ministerio
1504 4867 1662 4953 magno:
1687 4868 1755 4941 per
1784 4848 1855 4921 hoc

751 5112 777 5175 l't
794 5112 915 5163 umore.
1165 5110 1388 5176 winnocum.
