<?xml version="1.0" encoding="UTF-8"?>
<!DOCTYPE html PUBLIC "-//W3C//DTD XHTML 1.0 Transitional//EN"
    "http://www.w3.org/TR/xhtml1/DTD/xhtml1-transitional.dtd">
<html xmlns="http://www.w3.org/1999/xhtml" xml:lang="en" lang="en">
 <head>
  <title>
</title>
<meta http-equiv="Content-Type" content="text/html;charset=utf-8" />
  <meta name='ocr-system' content='tesseract 3.04.00' />
  <meta name='ocr-capabilities' content='ocr_page ocr_carea ocr_par ocr_line ocrx_word'/>
</head>
<body>
  <div class='ocr_page' id='page_1' title='image "./comentumsuperda00unkngoog_0125.png"; bbox 0 0 4575 6842; ppageno 0'>
   <div class='ocr_carea' id='block_1_1' title="bbox 719 939 1578 1021">
    <p class='ocr_par' dir='ltr' id='par_1_1' title="bbox 719 939 1578 1021">
     <span class='ocr_line' id='line_1_1' title="bbox 719 939 1578 1021; baseline 0.002 -15"><span class='ocrx_word' id='word_1_1' title='bbox 719 951 857 1008; x_wconf 76' lang='lat' dir='ltr'><strong>cunnus</strong></span> <span class='ocrx_word' id='word_1_2' title='bbox 882 954 1073 1010; x_wconf 78' lang='lat' dir='ltr'><strong>morsurus</strong></span> <span class='ocrx_word' id='word_1_3' title='bbox 1097 953 1265 1021; x_wconf 85' lang='lat' dir='ltr'><strong>omnrus.</strong></span> <span class='ocrx_word' id='word_1_4' title='bbox 1509 939 1578 1008; x_wconf 79' lang='lat'><strong>109</strong></span> 
     </span>
    </p>
   </div>
   <div class='ocr_carea' id='block_1_2' title="bbox 405 1097 1577 1917">
    <p class='ocr_par' dir='ltr' id='par_1_2' title="bbox 405 1097 1577 1917">
     <span class='ocr_line' id='line_1_2' title="bbox 408 1097 1577 1195; baseline -0.003 -19"><span class='ocrx_word' id='word_1_5' title='bbox 408 1099 646 1177; x_wconf 70' lang='lat' dir='ltr'><strong>materialiter</strong></span> <span class='ocrx_word' id='word_1_6' title='bbox 671 1101 765 1176; x_wconf 86' lang='lat' dir='ltr'><strong>sicut</strong></span> <span class='ocrx_word' id='word_1_7' title='bbox 790 1099 830 1172; x_wconf 84' lang='lat' dir='ltr'><strong>ut</strong></span> <span class='ocrx_word' id='word_1_8' title='bbox 856 1099 913 1174; x_wconf 88' lang='lat' dir='ltr'><strong>hic</strong></span> <span class='ocrx_word' id='word_1_9' title='bbox 938 1099 975 1174; x_wconf 92' lang='lat' dir='ltr'><strong>in</strong></span> <span class='ocrx_word' id='word_1_10' title='bbox 997 1119 1165 1195; x_wconf 86' lang='lat' dir='ltr'><strong>corpore,</strong></span> <span class='ocrx_word' id='word_1_11' title='bbox 1186 1106 1225 1173; x_wconf 94' lang='lat' dir='ltr'><strong>ut</strong></span> <span class='ocrx_word' id='word_1_12' title='bbox 1243 1098 1381 1174; x_wconf 78' lang='lat' dir='ltr'><strong>facilius</strong></span> <span class='ocrx_word' id='word_1_13' title='bbox 1398 1097 1577 1195; x_wconf 77' lang='lat' dir='ltr'><strong>intelliga-</strong></span> 
     </span>
     <span class='ocr_line' id='line_1_3' title="bbox 406 1211 1573 1310; baseline -0.006 -13"><span class='ocrx_word' id='word_1_14' title='bbox 406 1230 480 1297; x_wconf 86' lang='lat' dir='ltr'><strong>tur.</strong></span> <span class='ocrx_word' id='word_1_15' title='bbox 507 1221 610 1295; x_wconf 91' lang='lat' dir='ltr'><strong>Unde</strong></span> <span class='ocrx_word' id='word_1_16' title='bbox 633 1219 742 1295; x_wconf 88' lang='lat' dir='ltr'><strong>dicit:</strong></span> <span class='ocrx_word' id='word_1_17' title='bbox 767 1211 840 1292; x_wconf 81' lang='lat' dir='ltr'><strong>cosi</strong></span> <span class='ocrx_word' id='word_1_18' title='bbox 863 1240 883 1292; x_wconf 84' lang='lat' dir='ltr'><strong>e</strong></span> <span class='ocrx_word' id='word_1_19' title='bbox 906 1227 1039 1310; x_wconf 76' lang='lat' dir='ltr'><strong>quanto</strong></span> <span class='ocrx_word' id='word_1_20' title='bbox 1053 1223 1150 1294; x_wconf 80' lang='lat' dir='ltr'><strong>nelle</strong></span> <span class='ocrx_word' id='word_1_21' title='bbox 1175 1221 1332 1292; x_wconf 77' lang='lat' dir='ltr'><strong>membra</strong></span> <span class='ocrx_word' id='word_1_22' title='bbox 1357 1223 1444 1310; x_wconf 87' lang='lat' dir='ltr'><strong>uice,</strong></span> <span class='ocrx_word' id='word_1_23' title='bbox 1470 1218 1573 1310; x_wconf 87' lang='lat' dir='ltr'><strong>idest,</strong></span> 
     </span>
     <span class='ocr_line' id='line_1_4' title="bbox 405 1338 1577 1434; baseline -0.003 -16"><span class='ocrx_word' id='word_1_24' title='bbox 405 1343 528 1418; x_wconf 89' lang='lat' dir='ltr'><strong>taliter</strong></span> <span class='ocrx_word' id='word_1_25' title='bbox 554 1347 590 1416; x_wconf 86' lang='lat' dir='ltr'><strong>et</strong></span> <span class='ocrx_word' id='word_1_26' title='bbox 615 1347 771 1433; x_wconf 88' lang='lat' dir='ltr'><strong>tantum,</strong></span> <span class='ocrx_word' id='word_1_27' title='bbox 798 1339 957 1432; x_wconf 85' lang='lat' dir='ltr'><strong>qualiter</strong></span> <span class='ocrx_word' id='word_1_28' title='bbox 985 1346 1023 1415; x_wconf 88' lang='lat' dir='ltr'><strong>et</strong></span> <span class='ocrx_word' id='word_1_29' title='bbox 1056 1347 1238 1434; x_wconf 86' lang='lat' dir='ltr'><strong>quantum</strong></span> <span class='ocrx_word' id='word_1_30' title='bbox 1268 1338 1433 1414; x_wconf 84' lang='lat' dir='ltr'><strong>radiabat</strong></span> <span class='ocrx_word' id='word_1_31' title='bbox 1458 1340 1577 1434; x_wconf 91' lang='lat' dir='ltr'><strong>primo</strong></span> 
     </span>
     <span class='ocr_line' id='line_1_5' title="bbox 405 1459 1575 1558; baseline -0.007 -20"><span class='ocrx_word' id='word_1_32' title='bbox 405 1463 443 1538; x_wconf 94' lang='lat' dir='ltr'><strong>in</strong></span> <span class='ocrx_word' id='word_1_33' title='bbox 468 1482 624 1558; x_wconf 88' lang='lat' dir='ltr'><strong>corpore</strong></span> <span class='ocrx_word' id='word_1_34' title='bbox 646 1460 737 1534; x_wconf 90' lang='lat' dir='ltr'><strong>dans</strong></span> <span class='ocrx_word' id='word_1_35' title='bbox 767 1459 924 1534; x_wconf 85' lang='lat' dir='ltr'><strong>iormarn</strong></span> <span class='ocrx_word' id='word_1_36' title='bbox 954 1461 1020 1534; x_wconf 90' lang='lat' dir='ltr'><strong>toti</strong></span> <span class='ocrx_word' id='word_1_37' title='bbox 1046 1470 1083 1536; x_wconf 90' lang='lat' dir='ltr'><strong>ct</strong></span> <span class='ocrx_word' id='word_1_38' title='bbox 1113 1459 1266 1556; x_wconf 83' lang='lat' dir='ltr'><strong>siugulis</strong></span> <span class='ocrx_word' id='word_1_39' title='bbox 1295 1459 1459 1554; x_wconf 87' lang='lat' dir='ltr'><strong>partibus</strong></span> <span class='ocrx_word' id='word_1_40' title='bbox 1484 1459 1575 1533; x_wconf 89' lang='lat' dir='ltr'><strong>eins.</strong></span> 
     </span>
     <span class='ocr_line' id='line_1_6' title="bbox 407 1579 1576 1674; baseline -0.002 -18"><span class='ocrx_word' id='word_1_41' title='bbox 407 1589 502 1656; x_wconf 80' lang='grc' dir='ltr'><strong>-Ε</strong></span> <span class='ocrx_word' id='word_1_42' title='bbox 524 1603 629 1656; x_wconf 87' lang='lat' dir='ltr'><strong>come.</strong></span> <span class='ocrx_word' id='word_1_43' title='bbox 656 1579 721 1655; x_wconf 93' lang='lat' dir='ltr'><strong>llic</strong></span> <span class='ocrx_word' id='word_1_44' title='bbox 746 1580 881 1654; x_wconf 83' lang='lat' dir='ltr'><strong>Statius</strong></span> <span class='ocrx_word' id='word_1_45' title='bbox 908 1579 1114 1656; x_wconf 76' lang='lat' dir='ltr'><strong>manifestat</strong></span> <span class='ocrx_word' id='word_1_46' title='bbox 1140 1601 1275 1655; x_wconf 88' lang='lat' dir='ltr'><strong>noram</strong></span> <span class='ocrx_word' id='word_1_47' title='bbox 1305 1581 1576 1674; x_wconf 78' lang='lat' dir='ltr'><strong>dispositionem</strong></span> 
     </span>
     <span class='ocr_line' id='line_1_7' title="bbox 407 1701 1577 1799; baseline -0.003 -21"><span class='ocrx_word' id='word_1_48' title='bbox 407 1725 520 1799; x_wconf 87' lang='lat' dir='ltr'><strong>quam</strong></span> <span class='ocrx_word' id='word_1_49' title='bbox 545 1701 703 1797; x_wconf 86' lang='lat' dir='ltr'><strong>acquirit</strong></span> <span class='ocrx_word' id='word_1_50' title='bbox 727 1701 851 1776; x_wconf 91' lang='lat' dir='ltr'><strong>anima</strong></span> <span class='ocrx_word' id='word_1_51' title='bbox 876 1702 924 1776; x_wconf 89' lang='lat' dir='ltr'><strong>ibi</strong></span> <span class='ocrx_word' id='word_1_52' title='bbox 950 1721 1016 1796; x_wconf 89' lang='lat' dir='ltr'><strong>per</strong></span> <span class='ocrx_word' id='word_1_53' title='bbox 1041 1701 1300 1776; x_wconf 85' lang='lat' dir='ltr'><strong>nobilissimam</strong></span> <span class='ocrx_word' id='word_1_54' title='bbox 1331 1701 1577 1796; x_wconf 87' lang='lat' dir='ltr'><strong>comparatio·-</strong></span> 
     </span>
     <span class='ocr_line' id='line_1_8' title="bbox 407 1817 1575 1917; baseline 0 -20"><span class='ocrx_word' id='word_1_55' title='bbox 407 1845 505 1900; x_wconf 88' lang='lat' dir='ltr'><strong>ucm.</strong></span> <span class='ocrx_word' id='word_1_56' title='bbox 523 1823 576 1897; x_wconf 78' lang='lat' dir='ltr'><strong>Ad</strong></span> <span class='ocrx_word' id='word_1_57' title='bbox 594 1823 701 1898; x_wconf 89' lang='lat' dir='ltr'><strong>cuius</strong></span> <span class='ocrx_word' id='word_1_58' title='bbox 717 1823 997 1899; x_wconf 83' lang='lat' dir='ltr'><strong>intellectionem</strong></span> <span class='ocrx_word' id='word_1_59' title='bbox 1008 1817 1046 1916; x_wconf 86' lang='lat'><strong>(¹)</strong></span> <span class='ocrx_word' id='word_1_60' title='bbox 1061 1825 1200 1898; x_wconf 87' lang='lat' dir='ltr'><strong>bonurn</strong></span> <span class='ocrx_word' id='word_1_61' title='bbox 1218 1829 1274 1898; x_wconf 85' lang='lat' dir='ltr'><strong>est</strong></span> <span class='ocrx_word' id='word_1_62' title='bbox 1291 1823 1462 1916; x_wconf 82' lang='lat' dir='ltr'><strong>praescire</strong></span> <span class='ocrx_word' id='word_1_63' title='bbox 1477 1823 1575 1917; x_wconf 87' lang='lat' dir='ltr'><strong>quod</strong></span> 
     </span>
    </p>
   </div>
   <div class='ocr_carea' id='block_1_3' title="bbox 406 1943 1712 2038">
    <p class='ocr_par' dir='ltr' id='par_1_3' title="bbox 406 1943 1712 2038">
     <span class='ocr_line' id='line_1_9' title="bbox 406 1943 1712 2038; baseline -0.004 -18"><span class='ocrx_word' id='word_1_64' title='bbox 406 1963 536 2020; x_wconf 90' lang='lat' dir='ltr'><strong>omues</strong></span> <span class='ocrx_word' id='word_1_65' title='bbox 561 1951 636 2018; x_wconf 88' lang='lat' dir='ltr'><strong>tarn</strong></span> <span class='ocrx_word' id='word_1_66' title='bbox 663 1943 863 2038; x_wconf 85' lang='lat' dir='ltr'><strong>philosophi</strong></span> <span class='ocrx_word' id='word_1_67' title='bbox 888 1963 1001 2037; x_wconf 87' lang='lat' dir='ltr'><strong>quam</strong></span> <span class='ocrx_word' id='word_1_68' title='bbox 1027 1949 1145 2038; x_wconf 68' lang='lat' dir='ltr'><strong>poetas</strong></span> <span class='ocrx_word' id='word_1_69' title='bbox 1165 1943 1202 2015; x_wconf 96' lang='lat' dir='ltr'><strong>in</strong></span> <span class='ocrx_word' id='word_1_70' title='bbox 1219 1943 1289 2016; x_wconf 86' lang='lat' dir='ltr'><strong>hoc</strong></span> <span class='ocrx_word' id='word_1_71' title='bbox 1306 1943 1504 2018; x_wconf 83' lang='lat' dir='ltr'><strong>convenire</strong></span> <span class='ocrx_word' id='word_1_72' title='bbox 1521 1944 1577 2018; x_wconf 79' lang='lat' dir='ltr'><strong>vi·</strong></span> <span class='ocrx_word' id='word_1_73' title='bbox 1709 1992 1712 2000; x_wconf 89' lang='lat'>-</span> 
     </span>
    </p>
   </div>
   <div class='ocr_carea' id='block_1_4' title="bbox 403 2061 1666 4921">
    <p class='ocr_par' dir='ltr' id='par_1_4' title="bbox 403 2061 1666 4921">
     <span class='ocr_line' id='line_1_10' title="bbox 406 2061 1577 2158; baseline -0.001 -20"><span class='ocrx_word' id='word_1_74' title='bbox 406 2063 552 2158; x_wconf 81' lang='lat' dir='ltr'><strong>dentur,</strong></span> <span class='ocrx_word' id='word_1_75' title='bbox 571 2063 671 2156; x_wconf 89' lang='lat' dir='ltr'><strong>quod</strong></span> <span class='ocrx_word' id='word_1_76' title='bbox 691 2062 755 2136; x_wconf 91' lang='lat' dir='ltr'><strong>iris</strong></span> <span class='ocrx_word' id='word_1_77' title='bbox 780 2069 835 2135; x_wconf 89' lang='lat' dir='ltr'><strong>est</strong></span> <span class='ocrx_word' id='word_1_78' title='bbox 859 2064 1050 2156; x_wconf 87' lang='lat' dir='ltr'><strong>speculum</strong></span> <span class='ocrx_word' id='word_1_79' title='bbox 1067 2061 1153 2136; x_wconf 89' lang='lat' dir='ltr'><strong>solis</strong></span> <span class='ocrx_word' id='word_1_80' title='bbox 1169 2062 1206 2136; x_wconf 90' lang='lat' dir='ltr'><strong>iu</strong></span> <span class='ocrx_word' id='word_1_81' title='bbox 1223 2082 1362 2157; x_wconf 86' lang='lat' dir='ltr'><strong>aquosa</strong></span> <span class='ocrx_word' id='word_1_82' title='bbox 1382 2063 1491 2136; x_wconf 89' lang='lat' dir='ltr'><strong>nube.</strong></span> <span class='ocrx_word' id='word_1_83' title='bbox 1510 2061 1577 2137; x_wconf 82' lang='lat' dir='ltr'><strong>lris</strong></span> 
     </span>
     <span class='ocr_line' id='line_1_11' title="bbox 405 2182 1577 2277; baseline -0.002 -19"><span class='ocrx_word' id='word_1_84' title='bbox 405 2183 504 2259; x_wconf 90' lang='lat' dir='ltr'><strong>enim</strong></span> <span class='ocrx_word' id='word_1_85' title='bbox 531 2189 586 2258; x_wconf 86' lang='lat' dir='ltr'><strong>est</strong></span> <span class='ocrx_word' id='word_1_86' title='bbox 610 2203 721 2257; x_wconf 88' lang='lat' dir='ltr'><strong>arcus</strong></span> <span class='ocrx_word' id='word_1_87' title='bbox 746 2182 936 2277; x_wconf 85' lang='lat' dir='ltr'><strong>rotundus,</strong></span> <span class='ocrx_word' id='word_1_88' title='bbox 958 2183 1016 2256; x_wconf 85' lang='lat' dir='ltr'><strong>rel</strong></span> <span class='ocrx_word' id='word_1_89' title='bbox 1034 2183 1151 2276; x_wconf 87' lang='lat' dir='ltr'><strong>quasi,</strong></span> <span class='ocrx_word' id='word_1_90' title='bbox 1169 2203 1242 2257; x_wconf 94' lang='lat' dir='ltr'><strong>non</strong></span> <span class='ocrx_word' id='word_1_91' title='bbox 1260 2183 1441 2258; x_wconf 85' lang='lat' dir='ltr'><strong>excedens</strong></span> <span class='ocrx_word' id='word_1_92' title='bbox 1465 2184 1577 2258; x_wconf 83' lang='lat' dir='ltr'><strong>semi-</strong></span> 
     </span>
     <span class='ocr_line' id='line_1_12' title="bbox 405 2301 1573 2397; baseline -0.003 -19"><span class='ocrx_word' id='word_1_93' title='bbox 405 2303 599 2396; x_wconf 87' lang='lat' dir='ltr'><strong>circulum,</strong></span> <span class='ocrx_word' id='word_1_94' title='bbox 626 2308 664 2377; x_wconf 86' lang='lat' dir='ltr'><strong>et</strong></span> <span class='ocrx_word' id='word_1_95' title='bbox 688 2301 902 2395; x_wconf 84' lang='lat' dir='ltr'><strong>frequenter</strong></span> <span class='ocrx_word' id='word_1_96' title='bbox 926 2302 1045 2397; x_wconf 90' lang='lat' dir='ltr'><strong>portio</strong></span> <span class='ocrx_word' id='word_1_97' title='bbox 1071 2303 1191 2377; x_wconf 89' lang='lat' dir='ltr'><strong>minor</strong></span> <span class='ocrx_word' id='word_1_98' title='bbox 1216 2302 1446 2378; x_wconf 80' lang='lat' dir='ltr'><strong>semicirculo</strong></span> <span class='ocrx_word' id='word_1_99' title='bbox 1459 2327 1469 2397; x_wconf 93' lang='lat'>;</span> <span class='ocrx_word' id='word_1_100' title='bbox 1487 2321 1573 2378; x_wconf 88' lang='lat' dir='ltr'><strong>narn</strong></span> 
     </span>
     <span class='ocr_line' id='line_1_13' title="bbox 406 2421 1576 2518; baseline 0 -21"><span class='ocrx_word' id='word_1_101' title='bbox 406 2430 547 2518; x_wconf 87' lang='lat' dir='ltr'><strong>quanto</strong></span> <span class='ocrx_word' id='word_1_102' title='bbox 572 2422 627 2496; x_wconf 88' lang='lat' dir='ltr'><strong>sol</strong></span> <span class='ocrx_word' id='word_1_103' title='bbox 652 2428 706 2495; x_wconf 90' lang='lat' dir='ltr'><strong>est</strong></span> <span class='ocrx_word' id='word_1_104' title='bbox 722 2421 840 2514; x_wconf 88' lang='lat' dir='ltr'><strong>altior,</strong></span> <span class='ocrx_word' id='word_1_105' title='bbox 859 2427 959 2495; x_wconf 90' lang='lat' dir='ltr'><strong>tanto</strong></span> <span class='ocrx_word' id='word_1_106' title='bbox 976 2421 1135 2496; x_wconf 85' lang='lat' dir='ltr'><strong>circulus</strong></span> <span class='ocrx_word' id='word_1_107' title='bbox 1152 2429 1208 2497; x_wconf 85' lang='lat' dir='ltr'><strong>est</strong></span> <span class='ocrx_word' id='word_1_108' title='bbox 1230 2422 1364 2516; x_wconf 84' lang='lat' dir='ltr'><strong>minor3</strong></span> <span class='ocrx_word' id='word_1_109' title='bbox 1383 2429 1576 2517; x_wconf 81' lang='lat' dir='ltr'><strong>alquanto</strong></span> 
     </span>
     <span class='ocr_line' id='line_1_14' title="bbox 406 2539 1577 2634; baseline -0.001 -17"><span class='ocrx_word' id='word_1_110' title='bbox 406 2543 460 2617; x_wconf 89' lang='lat' dir='ltr'><strong>sol</strong></span> <span class='ocrx_word' id='word_1_111' title='bbox 488 2542 599 2617; x_wconf 86' lang='lat' dir='ltr'><strong>luerit</strong></span> <span class='ocrx_word' id='word_1_112' title='bbox 624 2539 784 2634; x_wconf 82' lang='lat' dir='ltr'><strong>inferior,</strong></span> <span class='ocrx_word' id='word_1_113' title='bbox 804 2546 904 2614; x_wconf 82' lang='lat' dir='ltr'><strong>lanto</strong></span> <span class='ocrx_word' id='word_1_114' title='bbox 921 2561 1031 2616; x_wconf 89' lang='lat' dir='ltr'><strong>arcus</strong></span> <span class='ocrx_word' id='word_1_115' title='bbox 1055 2548 1110 2616; x_wconf 89' lang='lat' dir='ltr'><strong>est</strong></span> <span class='ocrx_word' id='word_1_116' title='bbox 1141 2542 1269 2617; x_wconf 90' lang='lat' dir='ltr'><strong>maior.</strong></span> <span class='ocrx_word' id='word_1_117' title='bbox 1297 2543 1494 2618; x_wconf 85' lang='lat' dir='ltr'><strong>Unde-non</strong></span> <span class='ocrx_word' id='word_1_118' title='bbox 1519 2543 1577 2616; x_wconf 82' lang='lat' dir='ltr'><strong>iu-</strong></span> 
     </span>
     <span class='ocr_line' id='line_1_15' title="bbox 406 2658 1577 2760; baseline 0 -23"><span class='ocrx_word' id='word_1_119' title='bbox 406 2661 668 2738; x_wconf 85' lang='lat' dir='ltr'><strong>coorenieuter</strong></span> <span class='ocrx_word' id='word_1_120' title='bbox 693 2659 882 2755; x_wconf 84' lang='lat' dir='ltr'><strong>Euripides</strong></span> <span class='ocrx_word' id='word_1_121' title='bbox 907 2667 1013 2755; x_wconf 89' lang='lat' dir='ltr'><strong>pocta</strong></span> <span class='ocrx_word' id='word_1_122' title='bbox 1038 2660 1138 2757; x_wconf 81' lang='lat' dir='ltr'><strong>dixit,</strong></span> <span class='ocrx_word' id='word_1_123' title='bbox 1160 2658 1289 2737; x_wconf 89' lang='lat' dir='ltr'><strong>iridem</strong></span> <span class='ocrx_word' id='word_1_124' title='bbox 1313 2683 1393 2738; x_wconf 91' lang='lat' dir='ltr'><strong>esse</strong></span> <span class='ocrx_word' id='word_1_125' title='bbox 1419 2664 1577 2760; x_wconf 82' lang='lat' dir='ltr'><strong>sagiptas</strong></span> 
     </span>
     <span class='ocr_line' id='line_1_16' title="bbox 406 2779 1575 2878; baseline -0.001 -21"><span class='ocrx_word' id='word_1_126' title='bbox 406 2782 577 2878; x_wconf 75' lang='lat' dir='ltr'><strong>Apollinis</strong></span> <span class='ocrx_word' id='word_1_127' title='bbox 601 2782 732 2855; x_wconf 80' lang='lat' dir='ltr'><strong>affixas</strong></span> <span class='ocrx_word' id='word_1_128' title='bbox 756 2781 792 2854; x_wconf 91' lang='lat' dir='ltr'><strong>in</strong></span> <span class='ocrx_word' id='word_1_129' title='bbox 819 2779 1013 2877; x_wconf 86' lang='lat' dir='ltr'><strong>superficie</strong></span> <span class='ocrx_word' id='word_1_130' title='bbox 1038 2801 1196 2857; x_wconf 85' lang='lat' dir='ltr'><strong>camerae</strong></span> <span class='ocrx_word' id='word_1_131' title='bbox 1222 2782 1383 2877; x_wconf 64' lang='lat' dir='ltr'><strong>lunonis</strong></span> <span class='ocrx_word' id='word_1_132' title='bbox 1411 2803 1494 2878; x_wconf 79' lang='lat' dir='ltr'><strong>qum</strong></span> <span class='ocrx_word' id='word_1_133' title='bbox 1520 2790 1575 2858; x_wconf 86' lang='lat' dir='ltr'><strong>est</strong></span> 
     </span>
     <span class='ocr_line' id='line_1_17' title="bbox 407 2899 1577 2997; baseline -0.001 -20"><span class='ocrx_word' id='word_1_134' title='bbox 407 2904 462 2978; x_wconf 89' lang='lat' dir='ltr'><strong>vis</strong></span> <span class='ocrx_word' id='word_1_135' title='bbox 486 2901 608 2975; x_wconf 86' lang='lat' dir='ltr'><strong>divina</strong></span> <span class='ocrx_word' id='word_1_136' title='bbox 633 2901 670 2974; x_wconf 90' lang='lat' dir='ltr'><strong>iu</strong></span> <span class='ocrx_word' id='word_1_137' title='bbox 695 2919 794 2975; x_wconf 87' lang='lat' dir='ltr'><strong>aere.</strong></span> <span class='ocrx_word' id='word_1_138' title='bbox 821 2901 913 2975; x_wconf 80' lang='lat' dir='ltr'><strong>uicit</strong></span> <span class='ocrx_word' id='word_1_139' title='bbox 936 2921 1046 2997; x_wconf 80' lang='lat' dir='ltr'><strong>ergo:</strong></span> <span class='ocrx_word' id='word_1_140' title='bbox 1074 2907 1223 2976; x_wconf 74' lang='lat' dir='ltr'><strong>licome</strong></span> <span class='ocrx_word' id='word_1_141' title='bbox 1255 2906 1277 2976; x_wconf 87' lang='lat' dir='ltr'><strong>l’</strong></span> <span class='ocrx_word' id='word_1_142' title='bbox 1290 2907 1366 2976; x_wconf 85' lang='lat' dir='ltr'><strong>aire</strong></span> <span class='ocrx_word' id='word_1_143' title='bbox 1391 2899 1577 2996; x_wconf 79' lang='lat' dir='ltr'><strong>quondoc&#39;</strong></span> 
     </span>
     <span class='ocr_line' id='line_1_18' title="bbox 406 3019 1574 3119; baseline 0.001 -23"><span class='ocrx_word' id='word_1_144' title='bbox 406 3023 471 3096; x_wconf 75' lang='lat' dir='ltr'><strong>terr</strong></span> <span class='ocrx_word' id='word_1_145' title='bbox 488 3025 635 3116; x_wconf 77' lang='lat' dir='ltr'><strong>ptorno,</strong></span> <span class='ocrx_word' id='word_1_146' title='bbox 659 3019 763 3114; x_wconf 87' lang='lat' dir='ltr'><strong>idest,</strong></span> <span class='ocrx_word' id='word_1_147' title='bbox 788 3022 928 3116; x_wconf 83' lang='lat' dir='ltr'><strong>plenus,</strong></span> <span class='ocrx_word' id='word_1_148' title='bbox 955 3041 1158 3119; x_wconf 76' lang='lat' dir='ltr'><strong>praegnans,</strong></span> <span class='ocrx_word' id='word_1_149' title='bbox 1177 3024 1234 3098; x_wconf 85' lang='lat' dir='ltr'><strong>vel</strong></span> <span class='ocrx_word' id='word_1_150' title='bbox 1256 3024 1379 3098; x_wconf 88' lang='lat' dir='ltr'><strong>ebrius</strong></span> <span class='ocrx_word' id='word_1_151' title='bbox 1403 3022 1574 3117; x_wconf 86' lang='lat' dir='ltr'><strong>nubibus,</strong></span> 
     </span>
     <span class='ocr_line' id='line_1_19' title="bbox 405 3141 1572 3239; baseline 0 -23"><span class='ocrx_word' id='word_1_152' title='bbox 405 3141 567 3238; x_wconf 80' lang='lat' dir='ltr'><strong>intellige</strong></span> <span class='ocrx_word' id='word_1_153' title='bbox 592 3141 714 3235; x_wconf 90' lang='lat' dir='ltr'><strong>quoad</strong></span> <span class='ocrx_word' id='word_1_154' title='bbox 739 3145 895 3236; x_wconf 88' lang='lat' dir='ltr'><strong>partem,</strong></span> <span class='ocrx_word' id='word_1_155' title='bbox 915 3141 1002 3235; x_wconf 90' lang='lat' dir='ltr'><strong>quia</strong></span> <span class='ocrx_word' id='word_1_156' title='bbox 1025 3161 1136 3216; x_wconf 88' lang='lat' dir='ltr'><strong>arcus</strong></span> <span class='ocrx_word' id='word_1_157' title='bbox 1160 3162 1234 3216; x_wconf 94' lang='lat' dir='ltr'><strong>nou</strong></span> <span class='ocrx_word' id='word_1_158' title='bbox 1260 3147 1410 3239; x_wconf 90' lang='lat' dir='ltr'><strong>apparet</strong></span> <span class='ocrx_word' id='word_1_159' title='bbox 1439 3142 1505 3217; x_wconf 90' lang='lat' dir='ltr'><strong>nisi</strong></span> <span class='ocrx_word' id='word_1_160' title='bbox 1535 3142 1572 3216; x_wconf 90' lang='lat' dir='ltr'><strong>ln</strong></span> 
     </span>
     <span class='ocr_line' id='line_1_20' title="bbox 405 3260 1574 3356; baseline -0.003 -17"><span class='ocrx_word' id='word_1_161' title='bbox 405 3283 506 3356; x_wconf 83' lang='lat' dir='ltr'><strong>aere,</strong></span> <span class='ocrx_word' id='word_1_162' title='bbox 518 3260 650 3336; x_wconf 90' lang='lat' dir='ltr'><strong>alicubi</strong></span> <span class='ocrx_word' id='word_1_163' title='bbox 664 3281 808 3355; x_wconf 87' lang='lat' dir='ltr'><strong>sereno,</strong></span> <span class='ocrx_word' id='word_1_164' title='bbox 822 3260 955 3336; x_wconf 88' lang='lat' dir='ltr'><strong>alicubi</strong></span> <span class='ocrx_word' id='word_1_165' title='bbox 973 3261 1138 3356; x_wconf 83' lang='lat' dir='ltr'><strong>turbid03</strong></span> <span class='ocrx_word' id='word_1_166' title='bbox 1152 3263 1289 3338; x_wconf 83' lang='lat' dir='ltr'><strong>dicento</strong></span> <span class='ocrx_word' id='word_1_167' title='bbox 1303 3267 1456 3354; x_wconf 82' lang='lat' dir='ltr'><strong>adorno,</strong></span> <span class='ocrx_word' id='word_1_168' title='bbox 1470 3263 1574 3356; x_wconf 84' lang='lat' dir='ltr'><strong>idest,</strong></span> 
     </span>
     <span class='ocr_line' id='line_1_21' title="bbox 404 3381 1570 3478; baseline -0.003 -19"><span class='ocrx_word' id='word_1_169' title='bbox 404 3384 615 3475; x_wconf 82' lang='lat' dir='ltr'><strong>adornatus,</strong></span> <span class='ocrx_word' id='word_1_170' title='bbox 640 3381 841 3477; x_wconf 79' lang='lat' dir='ltr'><strong>insignitus,</strong></span> <span class='ocrx_word' id='word_1_171' title='bbox 867 3383 907 3455; x_wconf 85' lang='lat' dir='ltr'><strong>di</strong></span> <span class='ocrx_word' id='word_1_172' title='bbox 928 3383 1059 3456; x_wconf 76' lang='lat' dir='ltr'><strong>diversi</strong></span> <span class='ocrx_word' id='word_1_173' title='bbox 1081 3385 1217 3476; x_wconf 60' lang='lat' dir='ltr'><strong>cotom</strong></span> <span class='ocrx_word' id='word_1_174' title='bbox 1243 3385 1337 3458; x_wconf 89' lang='lat' dir='ltr'><strong>bene</strong></span> <span class='ocrx_word' id='word_1_175' title='bbox 1363 3383 1457 3478; x_wconf 85' lang='lat' dir='ltr'><strong>dicit,</strong></span> <span class='ocrx_word' id='word_1_176' title='bbox 1484 3399 1570 3458; x_wconf 89' lang='lat' dir='ltr'><strong>uam</strong></span> 
     </span>
     <span class='ocr_line' id='line_1_22' title="bbox 404 3483 1575 3579; baseline 0 -1"><span class='ocrx_word' id='word_1_177' title='bbox 404 3504 547 3579; x_wconf 85' lang='lat' dir='ltr'><strong>colores</strong></span> <span class='ocrx_word' id='word_1_178' title='bbox 572 3500 671 3575; x_wconf 85' lang='lat' dir='ltr'><strong>iridis</strong></span> <span class='ocrx_word' id='word_1_179' title='bbox 696 3501 733 3574; x_wconf 91' lang='lat' dir='ltr'><strong>in</strong></span> <span class='ocrx_word' id='word_1_180' title='bbox 758 3502 914 3576; x_wconf 81' lang='lat' dir='ltr'><strong>veritate</strong></span> <span class='ocrx_word' id='word_1_181' title='bbox 939 3522 1012 3576; x_wconf 91' lang='lat' dir='ltr'><strong>uon</strong></span> <span class='ocrx_word' id='word_1_182' title='bbox 1037 3509 1123 3576; x_wconf 91' lang='lat' dir='ltr'><strong>sunt</strong></span> <span class='ocrx_word' id='word_1_183' title='bbox 1148 3503 1247 3578; x_wconf 88' lang='lat' dir='ltr'><strong>aliud</strong></span> <span class='ocrx_word' id='word_1_184' title='bbox 1277 3483 1343 3578; x_wconf 88' lang='lat' dir='ltr'><strong>uisi</strong></span> <span class='ocrx_word' id='word_1_185' title='bbox 1377 3503 1465 3578; x_wconf 92' lang='lat' dir='ltr'><strong>radii</strong></span> <span class='ocrx_word' id='word_1_186' title='bbox 1490 3503 1575 3578; x_wconf 89' lang='lat' dir='ltr'><strong>solis</strong></span> 
     </span>
     <span class='ocr_line' id='line_1_23' title="bbox 403 3620 1574 3718; baseline 0.001 -21"><span class='ocrx_word' id='word_1_187' title='bbox 403 3624 564 3697; x_wconf 87' lang='lat' dir='ltr'><strong>humore</strong></span> <span class='ocrx_word' id='word_1_188' title='bbox 589 3621 734 3716; x_wconf 87' lang='lat' dir='ltr'><strong>vaporis</strong></span> <span class='ocrx_word' id='word_1_189' title='bbox 759 3622 818 3696; x_wconf 82' lang='lat' dir='ltr'><strong>rel</strong></span> <span class='ocrx_word' id='word_1_190' title='bbox 836 3621 944 3695; x_wconf 90' lang='lat' dir='ltr'><strong>nubis</strong></span> <span class='ocrx_word' id='word_1_191' title='bbox 960 3620 1203 3696; x_wconf 83' lang='lat' dir='ltr'><strong>diversimode</strong></span> <span class='ocrx_word' id='word_1_192' title='bbox 1221 3623 1339 3718; x_wconf 82' lang='lat' dir='ltr'><strong>tincti&#39;3</strong></span> <span class='ocrx_word' id='word_1_193' title='bbox 1354 3645 1421 3716; x_wconf 82' lang='lat' dir='ltr'><strong>per</strong></span> <span class='ocrx_word' id='word_1_194' title='bbox 1438 3627 1574 3700; x_wconf 79' lang='lat' dir='ltr'><strong>tuttrari</strong></span> 
     </span>
     <span class='ocr_line' id='line_1_24' title="bbox 403 3740 1573 3843; baseline 0.002 -27"><span class='ocrx_word' id='word_1_195' title='bbox 403 3746 533 3834; x_wconf 79' lang='lat' dir='ltr'><strong>roppto</strong></span> <span class='ocrx_word' id='word_1_196' title='bbox 552 3744 660 3815; x_wconf 81' lang='lat' dir='ltr'><strong>cle’n</strong></span> <span class='ocrx_word' id='word_1_197' title='bbox 678 3763 715 3813; x_wconf 84' lang='lat' dir='ltr'><strong>se</strong></span> <span class='ocrx_word' id='word_1_198' title='bbox 737 3744 770 3814; x_wconf 80' lang='lat' dir='ltr'><strong>si</strong></span> <span class='ocrx_word' id='word_1_199' title='bbox 791 3745 934 3834; x_wconf 57' lang='lat' dir='ltr'><strong>rincum</strong></span> <span class='ocrx_word' id='word_1_200' title='bbox 951 3740 1157 3835; x_wconf 81' lang='lat' dir='ltr'><strong>benedicit,</strong></span> <span class='ocrx_word' id='word_1_201' title='bbox 1175 3743 1262 3835; x_wconf 88' lang='lat' dir='ltr'><strong>quia</strong></span> <span class='ocrx_word' id='word_1_202' title='bbox 1283 3764 1392 3818; x_wconf 88' lang='lat' dir='ltr'><strong>causa</strong></span> <span class='ocrx_word' id='word_1_203' title='bbox 1410 3745 1573 3843; x_wconf 80' lang='lat' dir='ltr'><strong>efficiens</strong></span> 
     </span>
     <span class='ocr_line' id='line_1_25' title="bbox 403 3860 1666 3958; baseline 0.001 -21"><span class='ocrx_word' id='word_1_204' title='bbox 403 3862 502 3937; x_wconf 88' lang='lat' dir='ltr'><strong>iridis</strong></span> <span class='ocrx_word' id='word_1_205' title='bbox 527 3868 565 3937; x_wconf 93' lang='lat' dir='ltr'><strong>et</strong></span> <span class='ocrx_word' id='word_1_206' title='bbox 588 3861 756 3936; x_wconf 90' lang='lat' dir='ltr'><strong>colorum</strong></span> <span class='ocrx_word' id='word_1_207' title='bbox 781 3865 836 3935; x_wconf 79' lang='lat' dir='ltr'><strong>est</strong></span> <span class='ocrx_word' id='word_1_208' title='bbox 861 3860 985 3935; x_wconf 90' lang='lat' dir='ltr'><strong>radius</strong></span> <span class='ocrx_word' id='word_1_209' title='bbox 1010 3860 1095 3934; x_wconf 89' lang='lat' dir='ltr'><strong>solis</strong></span> <span class='ocrx_word' id='word_1_210' title='bbox 1115 3861 1259 3936; x_wconf 88' lang='lat' dir='ltr'><strong>rediens</strong></span> <span class='ocrx_word' id='word_1_211' title='bbox 1278 3883 1517 3958; x_wconf 88' lang='lat' dir='ltr'><strong>repercussus</strong></span> <span class='ocrx_word' id='word_1_212' title='bbox 1537 3873 1575 3940; x_wconf 87' lang='lat' dir='ltr'><strong>et</strong></span> <span class='ocrx_word' id='word_1_213' title='bbox 1661 3881 1666 3892; x_wconf 93' lang='grc'><em>·</em></span> 
     </span>
     <span class='ocr_line' id='line_1_26' title="bbox 404 3981 1572 4080; baseline 0.001 -22"><span class='ocrx_word' id='word_1_214' title='bbox 404 3983 564 4058; x_wconf 83' lang='lat' dir='ltr'><strong>reflexus</strong></span> <span class='ocrx_word' id='word_1_215' title='bbox 589 3982 634 4056; x_wconf 90' lang='lat' dir='ltr'><strong>ad</strong></span> <span class='ocrx_word' id='word_1_216' title='bbox 661 4001 835 4077; x_wconf 87' lang='lat' dir='ltr'><strong>vaporem</strong></span> <span class='ocrx_word' id='word_1_217' title='bbox 863 3981 1052 4075; x_wconf 89' lang='lat' dir='ltr'><strong>multiplici</strong></span> <span class='ocrx_word' id='word_1_218' title='bbox 1079 3981 1313 4058; x_wconf 84' lang='lat' dir='ltr'><strong>retractione:</strong></span> <span class='ocrx_word' id='word_1_219' title='bbox 1340 3986 1453 4059; x_wconf 85' lang='lat' dir='ltr'><strong>etsie</strong></span> <span class='ocrx_word' id='word_1_220' title='bbox 1478 3985 1572 4080; x_wconf 86' lang='lat' dir='ltr'><strong>ride,</strong></span> 
     </span>
     <span class='ocr_line' id='line_1_27' title="bbox 404 4100 1574 4199; baseline 0.002 -22"><span class='ocrx_word' id='word_1_221' title='bbox 404 4123 517 4198; x_wconf 88' lang='lat' dir='ltr'><strong>quam</strong></span> <span class='ocrx_word' id='word_1_222' title='bbox 543 4101 693 4199; x_wconf 79' lang='lat' dir='ltr'><strong>egregie</strong></span> <span class='ocrx_word' id='word_1_223' title='bbox 717 4110 824 4196; x_wconf 87' lang='lat' dir='ltr'><strong>poeta</strong></span> <span class='ocrx_word' id='word_1_224' title='bbox 849 4108 975 4175; x_wconf 87' lang='lat' dir='ltr'><strong>noster</strong></span> <span class='ocrx_word' id='word_1_225' title='bbox 991 4100 1110 4196; x_wconf 77' lang='lat' dir='ltr'><strong>tetigit</strong></span> <span class='ocrx_word' id='word_1_226' title='bbox 1127 4100 1380 4178; x_wconf 84' lang='lat' dir='ltr'><strong>diffinitionem</strong></span> <span class='ocrx_word' id='word_1_227' title='bbox 1402 4104 1511 4178; x_wconf 83' lang='lat' dir='ltr'><strong>iridis.</strong></span> <span class='ocrx_word' id='word_1_228' title='bbox 1529 4105 1574 4179; x_wconf 81' lang='lat' dir='ltr'><strong>lit</strong></span> 
     </span>
     <span class='ocr_line' id='line_1_28' title="bbox 404 4218 1574 4319; baseline -0.002 -19"><span class='ocrx_word' id='word_1_229' title='bbox 404 4231 491 4300; x_wconf 83' lang='lat' dir='ltr'><strong>uota</strong></span> <span class='ocrx_word' id='word_1_230' title='bbox 516 4229 696 4319; x_wconf 90' lang='lat' dir='ltr'><strong>quantum</strong></span> <span class='ocrx_word' id='word_1_231' title='bbox 722 4218 948 4317; x_wconf 88' lang='lat' dir='ltr'><strong>comparatio</strong></span> <span class='ocrx_word' id='word_1_232' title='bbox 964 4222 1011 4296; x_wconf 87' lang='lat' dir='ltr'><strong>sit</strong></span> <span class='ocrx_word' id='word_1_233' title='bbox 1027 4221 1194 4317; x_wconf 89' lang='lat' dir='ltr'><strong>propria:</strong></span> <span class='ocrx_word' id='word_1_234' title='bbox 1213 4223 1308 4298; x_wconf 84' lang='lat' dir='ltr'><strong>sicut</strong></span> <span class='ocrx_word' id='word_1_235' title='bbox 1327 4225 1425 4298; x_wconf 89' lang='lat' dir='ltr'><strong>enim</strong></span> <span class='ocrx_word' id='word_1_236' title='bbox 1447 4226 1501 4299; x_wconf 93' lang='lat' dir='ltr'><strong>sol</strong></span> <span class='ocrx_word' id='word_1_237' title='bbox 1519 4225 1574 4298; x_wconf 88' lang='lat' dir='ltr'><strong>in-</strong></span> 
     </span>
     <span class='ocr_line' id='line_1_29' title="bbox 404 4334 1575 4440; baseline -0.001 -20"><span class='ocrx_word' id='word_1_238' title='bbox 404 4343 647 4440; x_wconf 87' lang='lat' dir='ltr'><strong>corruptibilis</strong></span> <span class='ocrx_word' id='word_1_239' title='bbox 672 4343 832 4438; x_wconf 90' lang='lat' dir='ltr'><strong>potentia</strong></span> <span class='ocrx_word' id='word_1_240' title='bbox 857 4363 924 4418; x_wconf 89' lang='lat' dir='ltr'><strong>sua</strong></span> <span class='ocrx_word' id='word_1_241' title='bbox 937 4334 977 4435; x_wconf 59' lang='grc' dir='ltr'><strong>(ἢ</strong></span> <span class='ocrx_word' id='word_1_242' title='bbox 1004 4342 1217 4418; x_wconf 83' lang='lat' dir='ltr'><strong>mirabiliter</strong></span> <span class='ocrx_word' id='word_1_243' title='bbox 1247 4343 1422 4438; x_wconf 84' lang='lat' dir='ltr'><strong>imprimit</strong></span> <span class='ocrx_word' id='word_1_244' title='bbox 1452 4345 1575 4420; x_wconf 81' lang='lat' dir='ltr'><strong>diven-</strong></span> 
     </span>
     <span class='ocr_line' id='line_1_30' title="bbox 404 4461 1575 4558; baseline -0.001 -19"><span class='ocrx_word' id='word_1_245' title='bbox 404 4481 464 4540; x_wconf 87' lang='lat' dir='ltr'><strong>sos</strong></span> <span class='ocrx_word' id='word_1_246' title='bbox 488 4466 630 4539; x_wconf 87' lang='lat' dir='ltr'><strong>colores</strong></span> <span class='ocrx_word' id='word_1_247' title='bbox 654 4464 692 4537; x_wconf 92' lang='lat' dir='ltr'><strong>in</strong></span> <span class='ocrx_word' id='word_1_248' title='bbox 717 4483 851 4558; x_wconf 90' lang='lat' dir='ltr'><strong>corpus</strong></span> <span class='ocrx_word' id='word_1_249' title='bbox 883 4463 981 4538; x_wconf 89' lang='lat' dir='ltr'><strong>aeris</strong></span> <span class='ocrx_word' id='word_1_250' title='bbox 1009 4461 1176 4557; x_wconf 88' lang='lat' dir='ltr'><strong>nubilosi,</strong></span> <span class='ocrx_word' id='word_1_251' title='bbox 1203 4463 1252 4538; x_wconf 90' lang='lat' dir='ltr'><strong>ita</strong></span> <span class='ocrx_word' id='word_1_252' title='bbox 1284 4471 1321 4538; x_wconf 90' lang='lat' dir='ltr'><strong>et</strong></span> <span class='ocrx_word' id='word_1_253' title='bbox 1351 4465 1474 4539; x_wconf 84' lang='lat' dir='ltr'><strong>anima</strong></span> <span class='ocrx_word' id='word_1_254' title='bbox 1504 4463 1575 4538; x_wconf 88' lang='lat' dir='ltr'><strong>lm-</strong></span> 
     </span>
     <span class='ocr_line' id='line_1_31' title="bbox 404 4583 1573 4682; baseline 0 -23"><span class='ocrx_word' id='word_1_255' title='bbox 404 4585 571 4659; x_wconf 87' lang='lat' dir='ltr'><strong>mortalis</strong></span> <span class='ocrx_word' id='word_1_256' title='bbox 596 4583 734 4660; x_wconf 79' lang='lat' dir='ltr'><strong>virtute</strong></span> <span class='ocrx_word' id='word_1_257' title='bbox 756 4604 824 4659; x_wconf 88' lang='lat' dir='ltr'><strong>sua</strong></span> <span class='ocrx_word' id='word_1_258' title='bbox 846 4583 1061 4658; x_wconf 85' lang='lat' dir='ltr'><strong>mirabiliter</strong></span> <span class='ocrx_word' id='word_1_259' title='bbox 1078 4583 1256 4679; x_wconf 89' lang='lat' dir='ltr'><strong>imprimit</strong></span> <span class='ocrx_word' id='word_1_260' title='bbox 1271 4583 1413 4660; x_wconf 83' lang='lat' dir='ltr'><strong>diversa</strong></span> <span class='ocrx_word' id='word_1_261' title='bbox 1434 4605 1573 4682; x_wconf 86' lang='lat' dir='ltr'><strong>organa</strong></span> 
     </span>
     <span class='ocr_line' id='line_1_32' title="bbox 404 4703 1572 4801; baseline 0 -20"><span class='ocrx_word' id='word_1_262' title='bbox 404 4704 635 4781; x_wconf 85' lang='lat' dir='ltr'><strong>diversarum</strong></span> <span class='ocrx_word' id='word_1_263' title='bbox 669 4705 915 4801; x_wconf 88' lang='lat' dir='ltr'><strong>potentiarum</strong></span> <span class='ocrx_word' id='word_1_264' title='bbox 948 4703 987 4777; x_wconf 92' lang='lat' dir='ltr'><strong>in</strong></span> <span class='ocrx_word' id='word_1_265' title='bbox 1020 4722 1155 4799; x_wconf 87' lang='lat' dir='ltr'><strong>corpus</strong></span> <span class='ocrx_word' id='word_1_266' title='bbox 1184 4703 1282 4780; x_wconf 87' lang='lat' dir='ltr'><strong>aeris</strong></span> <span class='ocrx_word' id='word_1_267' title='bbox 1315 4705 1383 4779; x_wconf 87' lang='lat' dir='ltr'><strong>sibi</strong></span> <span class='ocrx_word' id='word_1_268' title='bbox 1412 4705 1572 4780; x_wconf 86' lang='lat' dir='ltr'><strong>ricinum</strong></span> 
     </span>
     <span class='ocr_line' id='line_1_33' title="bbox 404 4817 1571 4921; baseline 0.002 -21"><span class='ocrx_word' id='word_1_269' title='bbox 404 4822 512 4900; x_wconf 86' lang='lat' dir='ltr'><strong>radiis</strong></span> <span class='ocrx_word' id='word_1_270' title='bbox 538 4825 624 4899; x_wconf 89' lang='lat' dir='ltr'><strong>suis.</strong></span> <span class='ocrx_word' id='word_1_271' title='bbox 657 4826 749 4901; x_wconf 84' lang='lat' dir='ltr'><strong>llicit</strong></span> <span class='ocrx_word' id='word_1_272' title='bbox 776 4845 888 4921; x_wconf 68' lang='lat' dir='ltr'><strong>ergo:</strong></span> <span class='ocrx_word' id='word_1_273' title='bbox 919 4817 992 4898; x_wconf 80' lang='lat' dir='ltr'><strong>omi</strong></span> <span class='ocrx_word' id='word_1_274' title='bbox 1019 4826 1123 4898; x_wconf 80' lang='lat' dir='ltr'><strong>l&#39;acr</strong></span> <span class='ocrx_word' id='word_1_275' title='bbox 1154 4827 1244 4898; x_wconf 68' lang='lat' dir='ltr'><strong>mein</strong></span> <span class='ocrx_word' id='word_1_276' title='bbox 1275 4829 1370 4917; x_wconf 73' lang='lat' dir='ltr'><strong>quivi</strong></span> <span class='ocrx_word' id='word_1_277' title='bbox 1398 4831 1430 4900; x_wconf 79' lang='lat' dir='ltr'><strong>ri</strong></span> <span class='ocrx_word' id='word_1_278' title='bbox 1460 4835 1571 4918; x_wconf 78' lang='lat' dir='ltr'><strong>mette,</strong></span> 
     </span>
    </p>
   </div>
   <div class='ocr_carea' id='block_1_5' title="bbox 466 5084 1380 5155">
    <p class='ocr_par' dir='ltr' id='par_1_5' title="bbox 466 5084 1380 5155">
     <span class='ocr_line' id='line_1_34' title="bbox 466 5084 1380 5155; baseline 0.002 -16"><span class='ocrx_word' id='word_1_279' title='bbox 466 5087 493 5155; x_wconf 54' lang='grc' dir='ltr'><strong>(ί)</strong></span> <span class='ocrx_word' id='word_1_280' title='bbox 508 5084 540 5141; x_wconf 77' lang='lat' dir='ltr'><strong>tt.</strong></span> <span class='ocrx_word' id='word_1_281' title='bbox 557 5087 726 5141; x_wconf 78' lang='lat' dir='ltr'><strong>intellectum.</strong></span> <span class='ocrx_word' id='word_1_282' title='bbox 940 5087 969 5154; x_wconf 80' lang='lat'><strong>(¹)</strong></span> <span class='ocrx_word' id='word_1_283' title='bbox 985 5093 1040 5152; x_wconf 78' lang='grc'><strong>117,</strong></span> <span class='ocrx_word' id='word_1_284' title='bbox 1057 5101 1104 5141; x_wconf 76' lang='lat' dir='ltr'><strong>ma</strong></span> <span class='ocrx_word' id='word_1_285' title='bbox 1118 5089 1232 5141; x_wconf 77' lang='lat' dir='ltr'><strong>mirabili</strong></span> <span class='ocrx_word' id='word_1_286' title='bbox 1247 5091 1380 5155; x_wconf 76' lang='lat' dir='ltr'><strong>trupnnn.</strong></span> 
     </span>
    </p>
   </div>
   <div class='ocr_carea' id='block_1_6' title="bbox 1339 5363 1356 5402">
    <p class='ocr_par' dir='ltr' id='par_1_6' title="bbox 1339 5363 1356 5402">
     <span class='ocr_line' id='line_1_35' title="bbox 1339 5363 1356 5402; baseline 0 0"><span class='ocrx_word' id='word_1_287' title='bbox 1339 5363 1356 5402; x_wconf 67' lang='grc' dir='ltr'>ἱ</span> 
     </span>
    </p>
   </div>
   <div class='ocr_carea' id='block_1_7' title="bbox 0 0 2292 6838">
    <p class='ocr_par' dir='ltr' id='par_1_7' title="bbox 0 0 2292 6838">
     <span class='ocr_line' id='line_1_36' title="bbox 0 0 2292 6838; baseline 0 0"><span class='ocrx_word' id='word_1_288' title='bbox 0 0 2292 6838; x_wconf 95' lang='lat' dir='ltr'><strong> </strong></span> 
     </span>
    </p>
   </div>
  </div>
 </body>
</html>
