4575 6842
826 988 966 1044 munus
989 990 1135 1045 scarus
1192 1052 1194 1057 Ι
1500 980 1572 1051 tat

394 1130 499 1225 idest,
524 1140 561 1207 ct
585 1134 645 1210 ille
671 1134 735 1228 qui
760 1134 886 1209 obviat
905 1134 973 1208 sibi
997 1134 1091 1209 sient
1117 1134 1254 1209 iaciunt
1274 1137 1434 1233 guelpbi.
1452 1141 1496 1213 Et
1513 1142 1572 1217 bic

395 1256 1000 1349 ¹¹⁰l³tu0d1tantestntotatsta
1019 1261 1124 1348 parte
1144 1256 1296 1332 intendit
1317 1259 1436 1333 solum
1457 1282 1570 1336 unam
1671 1234 1673 1239 ¹
1711 1268 1713 1271 ·
1752 1267 1754 1272 ·

395 1375 682 1468 conclusionem,
707 1374 843 1449 scilicet
868 1374 967 1468 quod
994 1394 1193 1449 romanum
1223 1378 1420 1472 imperium
1446 1403 1468 1454 a
1494 1382 1570 1457 Deo

397 1495 507 1571 babet
532 1495 779 1570 universalem
804 1496 1112 1591 gubernationem
1134 1497 1243 1571 orbis.
1265 1497 1368 1573 Unde
1392 1500 1568 1597 Iosephus

397 1614 501 1690 dicit:
526 1624 629 1691 certe
653 1616 732 1690 sine
748 1616 825 1690 Deo
841 1616 1062 1712 impossibile
1083 1619 1228 1694 esttale
1248 1618 1444 1713 imperinm
1465 1642 1569 1715 posse

397 1737 597 1812 consistere
611 1732 662 1830 (¹),
681 1737 772 1811 idest
793 1736 1079 1831 mundus3'nam
1098 1745 1140 1810 ut
1159 1740 1274 1813 voluit
1292 1740 1405 1837 Plato,
1420 1746 1475 1815 est
1491 1742 1571 1814 ani-

399 1858 472 1931 mal
499 1877 695 1954 magnum:
722 1858 833 1932 modo
863 1858 957 1932 sicut
981 1858 1119 1932 animal
1151 1859 1289 1933 habens
1321 1860 1427 1953 plura
1453 1860 1571 1956 capita

397 1982 453 2051 cst
479 1982 756 2052 monstruosum
782 1998 851 2053 nec
876 1978 964 2051 vivit
988 1984 1055 2051 aut
1079 1977 1200 2070 durat,
1224 1978 1273 2052 ita
1299 1979 1345 2053 ad
1370 1981 1465 2055 bene
1491 2002 1571 2056 esse

397 2097 465 2171 luit
481 2098 703 2173 conveniens
721 2100 901 2172 mundum
919 2099 1058 2173 habere
1076 2120 1193 2172 unum
1209 2105 1331 2193 capnt,
1345 2100 1437 2174 idest
1453 2122 1569 2175 unum

397 2219 658 2293 monarcham:
685 2218 765 2291 talis
794 2224 921 2292 autem
952 2218 1021 2290 tuit
1053 2239 1231 2293 romanus
1257 2219 1447 2315 princeps3
1473 2220 1572 2295 unde

396 2338 519 2413 nullus
543 2338 645 2437 alins,
658 2338 777 2433 potuit
795 2339 978 2434 attingere
998 2339 1095 2413 istud
1118 2340 1312 2413 bravium:
1333 2340 1416 2414 idco
1436 2341 1572 2414 Plinius

396 2459 434 2533 in
467 2458 824 2534 commendationem
861 2460 988 2534 Romae
1019 2460 1115 2554 dicit,
1142 2461 1240 2554 quod
1276 2461 1359 2536 lecit
1390 2461 1571 2535 mnndum

398 2580 537 2655 bonum
564 2584 602 2652 et
625 2578 750 2653 docuit
775 2565 942 2654 homines
971 2581 1107 2655 virere.
1121 2622 1171 2635 -
1192 2586 1281 2655 Vedi.
1311 2583 1376 2657 Hic
1401 2582 1572 2656 iustinia-

398 2720 468 2773 nus
484 2698 632 2773 inchoat
649 2719 862 2793 processum
882 2699 1144 2773 miraculosum
1163 2701 1314 2794 aquilae3
1329 2707 1365 2776 et
1380 2702 1498 2796 primo
1516 2700 1572 2774 in-

397 2818 482 2913 cipit
506 2838 528 2892 a
555 2818 673 2911 prima
698 2808 852 2893 uictoria
877 2840 990 2913 quam
1017 2821 1145 2893 babuit
1170 2822 1207 2893 in
1238 2822 1339 2897 ltalia
1366 2822 1434 2895 snb
1460 2822 1570 2895 linea.

397 2938 452 3013 Ad
477 2938 577 3032 quod
602 2945 658 3013 ert
683 2938 846 3015 breviter
871 2940 1123 3036 repetendum,
1150 2943 1249 3034 quod
1279 2944 1397 3016 Encas
1423 2942 1572 3017 veniens

397 3059 436 3132 in
460 3054 599 3133 ltalia'm
626 3059 783 3133 obtinuit
806 3060 994 3134 Lauiniam
1021 3060 1131 3134 tiliam
1155 3061 1269 3135 Latini
1291 3062 1388 3158 regis
1413 3062 1449 3134 in
1478 3082 1572 3136 uno-

399 3197 480 3254 rem
505 3185 654 3275 propter
679 3180 734 3253 sui
762 3180 999 3274 nobilitatem,
1026 3202 1138 3274 quam
1157 3173 1192 3273 (¹)
1221 3182 1321 3275 prins
1341 3184 1487 3255 Turnus
1506 3202 1570 3257 rex

397 3300 623 3375 Rutulorum
637 3300 786 3394 iuvenis
803 3300 1079 3375 ardentissimus
1096 3301 1299 3395 optabat-et
1319 3303 1490 3396 sperabat
1506 3303 1573 3375 ba-

268 3450 273 3459 ·
398 3422 488 3497 bere
513 3428 663 3529 proptor
688 3420 768 3495 eins
793 3422 965 3497 decorem
991 3428 1029 3496 et
1054 3421 1322 3504 successionem
1343 3424 1464 3517 regni:
1484 3444 1571 3517 pro-

398 3546 479 3638 pter
505 3542 604 3636 quod
628 3549 712 3616 orto
738 3562 874 3637 magno
899 3542 995 3616 bello
1013 3542 1130 3616 Encas
1150 3542 1246 3615 inter
1272 3543 1361 3616 alios
1387 3543 1573 3616 adiutores

398 3662 526 3737 babuit
551 3662 752 3736 Pallantem
774 3647 1124 3755 juvenem'staturae
1139 3661 1320 3757 giganteae
1341 3661 1457 3734 lilium
1476 3663 1573 3758 'regis

399 3780 570 3873 Evandri,
595 3780 659 3874 qui
688 3781 868 3876 regnabat
892 3780 929 3853 in
960 3785 1085 3854 monte
1114 3781 1288 3875 Palatino,
1315 3770 1421 3855 cuius'
1453 3788 1572 3856 mater

399 3902 604 3979 Carmentis
624 3902 741 3997 prima
761 3902 909 3996 reperiit
929 3901 1053 3975 literas
1078 3901 1219 3975 latinas.
1241 3903 1358 4007 Pallas
1384 3910 1465 3997 post
1490 3904 1573 3976 vul-

400 4044 490 4099 nera
515 4030 553 4097 et
578 4027 717 4097 mortes
743 4022 947 4096 multorum
974 4022 1152 4095 nobilium
1177 4022 1323 4097 tandem
1351 4024 1493 4097 occisus
1518 4031 1573 4097 est

402 4164 512 4218 manu
540 4142 664 4216 Turni.
692 4142 763 4216 Sed
788 4142 906 4217 Encas
927 4142 1042 4216 victor
1059 4142 1179 4215 occiso
1197 4143 1321 4215 Turno
1339 4142 1495 4216 obtinuit
1513 4164 1573 4217 rc-

400 4284 515 4360 gnum
534 4263 747 4357 latinorum,
764 4284 840 4355 qno
858 4269 1007 4336 mortuo
1025 4262 1201 4336 Ascanius
1219 4260 1315 4335 filius
1341 4262 1420 4335 eins
1447 4262 1572 4336 relicto

402 4405 516 4479 regno
542 4404 713 4458 novercae
737 4382 896 4457 condidit
920 4384 1063 4475 Albam,
1083 4383 1144 4456 nbi
1165 4389 1415 4479 regnaverunt
1432 4382 1573 4455 dnode-

399 4504 471 4580 cim
500 4523 607 4599 reges
632 4503 753 4577 albani
780 4504 971 4597 usquead
996 4485 1208 4578 Romulum.
1229 4504 1281 4578 Ad
1306 4503 1448 4577 literam
1469 4522 1573 4599 ergo,

398 4624 624 4698 iustinianus
658 4622 849 4696 exorditur
877 4623 924 4696 ad
953 4623 1117 4716 dicenda,
1148 4624 1289 4697 dicens:
1330 4626 1412 4696 Vedi
1444 4629 1574 4715 quanta

399 4741 491 4821 cibi
516 4746 595 4818 t'lm
617 4748 706 4837 sotto
732 4745 847 4833 meno
864 4746 902 4815 di
918 4734 1126 4837 reocrcnzc,
1150 4744 1237 4837 quia
1256 4745 1373 4817 bonor
1398 4751 1453 4818 est
1470 4741 1576 4817 exhi-

399 4865 488 4941 bitio
507 4863 723 4940 reverentias
749 4863 785 4935 in
812 4848 1062 4938 testimodium
1082 4862 1238 4956 virtutis,
1260 4886 1279 4936 e
1303 4855 1482 4955 coeundo,
1502 4864 1575 4937 sci-

462 5128 491 5187 (¹)
507 5127 537 5177 B.
553 5126 707 5178 musicem:
723 5127 837 5177 mondus
851 5125 930 5182 enim,
946 5131 976 5175 ut
993 5125 1082 5175 voluit.
1193 5122 1221 5188 (¹)
1238 5124 1270 5175 E.
1286 5138 1365 5189 qoam
1382 5124 1462 5175 illlam
1478 5127 1557 5189 prins.
