4575 6842
837 972 978 1031 caurus
1002 974 1148 1029 surrus.
1512 957 1583 1029 llll

407 1117 657 1194 dentissimam
684 1117 889 1213 utilitatem,
915 1119 1051 1195 scilicet
1077 1118 1368 1195 meliorationem
1390 1119 1447 1194 sui
1468 1124 1585 1195 status

407 1245 446 1316 et
470 1238 729 1315 exaltationem
755 1238 923 1331 honoris3
944 1238 991 1314 ita
1018 1237 1117 1333 quud
1144 1240 1239 1314 bene
1265 1239 1419 1316 reddidit
1444 1239 1586 1316 duode-

407 1360 479 1435 cim
504 1381 572 1455 pru
597 1358 737 1435 decem.
763 1359 807 1432 Et
831 1359 870 1433 in
895 1358 968 1435 flue
993 1358 1220 1435 lastinianus
1255 1360 1370 1456 tangit
1396 1380 1584 1436 recessum

406 1480 546 1574 Romei,
563 1479 687 1553 diceus
704 1478 742 1553 iu
759 1479 1121 1554 nommendationem
1138 1480 1239 1555 eius:
1271 1486 1307 1555 et
1334 1480 1393 1555 ille
1411 1479 1586 1575 Romeus,

403 1603 549 1695 partimi
574 1602 661 1690 tadi,
697 1599 880 1674 sciliceta
906 1600 1052 1694 comite,
1078 1601 1149 1675 huc
1179 1600 1289 1694 laetu,
1323 1620 1457 1692 ponera
1482 1623 1501 1674 e
1527 1622 1586 1675 ve·

407 1728 510 1811 anto,
536 1719 638 1812 idest,
664 1738 777 1794 senex
802 1724 840 1793 et
864 1740 1016 1815 pauper,
1043 1720 1129 1815 quia
1157 1720 1244 1794 nihil
1264 1720 1510 1814 acquisiverat
1538 1741 1585 1795 ex

408 1841 517 1917 tantis
548 1840 747 1933 laboribus,
783 1840 849 1915 nisi
888 1840 1061 1915 invidiam
1094 1846 1133 1915 et
1165 1840 1333 1937 gloriam,
1364 1841 1459 1915 sicut
1491 1840 1586 1915 bene

407 1960 498 2037 dixit
531 1960 650 2056 Scipio
680 1960 872 2035 Africanus
897 1960 933 2034 in
958 1960 1065 2035 simili
1094 1980 1184 2035 casu
1209 1980 1297 2035 eum
1322 1966 1512 2056 peteretur
1537 1961 1584 2035 ab

407 2101 455 2157 ee
481 2082 573 2155 ratio
598 2101 856 2175 expensarum.
877 2081 980 2156 Unde
1005 2080 1106 2156 dicit:
1128 2104 1147 2155 e
1166 2083 1241 2154 se'l
1258 2083 1388 2155 mondo
1405 2100 1544 2173 superse
1559 2083 1587 2153 tl

407 2222 495 2275 auor
519 2203 571 2274 ct'
584 2204 653 2292 eali
677 2202 770 2292 etta,
787 2201 890 2295 idest,
909 2222 1021 2296 quam
1048 2207 1218 2275 uunstans
1244 2207 1280 2275 et
1306 2200 1445 2295 patiens
1472 2199 1586 2275 tuerit

408 2323 446 2397 iu
472 2327 572 2395 tauta
597 2322 811 2418 indignitate
836 2322 1004 2415 lurtunae,
1025 2324 1255 2395 manando
1278 2342 1344 2394 aaa
1370 2324 1454 2411 vitu,
1480 2320 1583 2415 idest,

407 2441 576 2518 ducendo
601 2464 708 2517 suam
740 2442 853 2517 vitam
886 2464 952 2539 per
982 2442 1186 2517 mendicata
1217 2440 1392 2537 suffragia
1426 2461 1586 2538 pauper·

408 2564 503 2657 aule,
528 2585 553 2636 a
574 2566 690 2657 frusto
715 2585 740 2637 a
760 2568 889 2658 frasta,
907 2563 1008 2658 idest,
1031 2583 1129 2637 nunc
1157 2583 1244 2638 eum
1270 2561 1351 2655 isto,
1377 2581 1475 2637 nuuc
1496 2580 1584 2635 cum

409 2682 481 2777 illo,
508 2682 641 2757 nediu
668 2683 822 2758 serviret
847 2683 952 2758 alteri
984 2682 1134 2758 domino
1159 2682 1316 2777 ingrato,
1343 2684 1452 2772 assat,
1478 2681 1583 2773 idest,

409 2801 526 2895 multi,
558 2804 721 2894 inlude,
753 2824 776 2877 a
806 2802 1003 2877 virtutibus
1036 2802 1246 2896 manifestis,
1281 2797 1386 2894 epit
1417 2804 1452 2875 lo
1486 2803 1585 2875 locle-

408 2923 522 3014 rette,
548 2921 577 2995 si
603 2922 738 2997 scireut
763 2943 847 3016 quas
872 2922 1042 3018 ignorant
1066 2922 1113 2996 de
1138 2943 1194 2996 eo.
1221 2923 1266 2996 Et
1292 2922 1344 2997 sic
1369 2927 1465 3015 unta,
1483 2920 1583 3014 quod

410 3042 496 3116 nihil
521 3041 654 3119 scitum
679 3042 745 3114 luit
770 3041 817 3115 de
841 3042 981 3117 Romen
1003 3048 1041 3117 et
1061 3043 1142 3117 eius
1163 3042 1235 3117 vita
1253 3042 1311 3117 vel
1329 3042 1402 3117 tine
1422 3048 1503 3137 post
1522 3060 1583 3115 re-

409 3180 555 3235 cessum
581 3160 680 3253 eius;
706 3160 770 3236 sed
794 3182 817 3236 a
844 3162 967 3235 multis
983 3162 1145 3237 creditus
1165 3168 1220 3236 est
1245 3163 1301 3238 vir
1322 3161 1582 3256 sanctissimus,
1715 3176 1730 3186 “’

409 3280 473 3375 qui
498 3280 576 3355 sine
599 3279 710 3356 dubio
736 3288 817 3357 erat
841 3280 1125 3377 sapientissimus
1148 3288 1185 3355 et
1203 3281 1507 3357 virtuosissimus:
1527 3287 1585 3356 ta·

409 3420 495 3475 men
520 3400 676 3495 videtur,
703 3402 802 3496 quod
835 3408 945 3477 autor
974 3401 1069 3476 bene
1100 3402 1245 3477 noverit
1276 3400 1464 3476 residuum
1500 3400 1585 3475 vitae

410 3521 513 3596 istius
547 3522 720 3617 hominis,
754 3522 818 3598 sed
850 3521 997 3616 reliquit
1029 3522 1134 3597 nobis
1166 3521 1472 3619 investigandum.
1504 3520 1582 3607 Deo

409 3643 558 3740 gratiae
