4575 6842
735 968 807 1037 268
1092 975 1295 1033 cousnruu
1320 975 1541 1032 runosmnn

733 1124 917 1218 plorantes
940 1121 1063 1214 simul,
1088 1113 1118 1194 si
1139 1126 1243 1216 sotto,
1269 1120 1372 1215 idest,
1398 1120 1530 1195 adeota
1549 1118 1687 1213 dolore,
1709 1121 1770 1193 cte
1784 1122 1907 1193 Morio

730 1246 763 1317 st
786 1235 922 1316 comttd
942 1262 1034 1336 poro
1046 1236 1110 1335 pit
1127 1245 1202 1317 atto
1217 1263 1328 1315 crore.
1346 1240 1511 1316 Christus
1528 1239 1627 1315 enim
1646 1239 1683 1313 in
1699 1260 1766 1315 ara
1785 1239 1906 1315 crucis

732 1364 948 1439 immolabat
972 1383 1135 1457 carnem,
1161 1362 1273 1437 Maria
1299 1381 1389 1437 vero
1415 1360 1599 1454 animam;
1620 1360 1679 1435 iiie
1699 1359 1907 1455 patiebatur

734 1483 771 1558 in
796 1504 962 1579 corpore,
988 1482 1101 1557 Maria
1126 1483 1165 1555 in
1190 1482 1321 1577 eorde3
1348 1482 1424 1577 ipsa
1448 1482 1495 1557 ad
1520 1481 1738 1578 sanguinem
1762 1479 1823 1554 iiiii
1849 1480 1907 1553 sui

735 1604 884 1700 optabat
900 1603 1037 1679 addere
1054 1603 1271 1699 sanguinem
1288 1602 1407 1677 carnis
1424 1622 1514 1676 suae.
1531 1603 1576 1675 Et
1591 1602 1687 1677 bene
1702 1600 1805 1675 dicit:
1815 1621 1907 1693 poco

730 1718 807 1816 pit,
847 1723 934 1819 quia
969 1743 1160 1816 nunquam
1195 1722 1264 1795 iuit
1291 1722 1397 1797 dolor
1432 1721 1596 1796 mulieris
1629 1720 1756 1795 similis
1789 1720 1907 1796 doiori

734 1845 869 1939 Mariae,
901 1850 937 1919 et
973 1850 1096 1918 tamen
1130 1842 1357 1937 comparatio
1392 1850 1447 1917 est
1481 1842 1588 1917 valde
1619 1841 1784 1938 propria,
1820 1841 1906 1935 quia

734 1965 846 2040 Maria
872 1964 959 2039 vidit
983 1963 1167 2038 Christum
1199 1964 1279 2059 oapi
1311 1972 1349 2038 et
1381 1963 1495 2039 occidi
1527 1964 1623 2038 inter
1653 1964 1826 2056 latrones,
1857 1961 1907 2037 ita

734 2086 881 2161 Beatrix
899 2084 1084 2161 Christum
1097 2084 1241 2158 Domini
1254 2078 1305 2179 (¹),
1317 2084 1462 2184 seilicet,
1476 2084 1714 2159 Bonifatium.
1728 2085 1772 2157 Et
1784 2082 1907 2159 subdit

733 2206 1002 2302 dispositionem
1037 2205 1150 2301 ipsius
1165 2196 1202 2297 (²)
1239 2205 1286 2280 ad
1317 2205 1480 2299 dicenda,
1511 2205 1655 2280 dicens:
1688 2226 1747 2277 mo
1778 2207 1906 2296 osma,

733 2326 809 2422 ipsa
841 2325 1001 2420 Rostris,
1035 2328 1143 2399 druto
1176 2328 1214 2399 in
1242 2322 1314 2417 pit,
1345 2346 1429 2420 quae
1462 2325 1581 2419 primo
1618 2324 1770 2399 sedebat
1795 2344 1907 2420 super
2045 2354 2050 2361 ·

733 2445 893 2519 radicem
925 2446 1069 2540 plantae,
1091 2448 1155 2539 poi
1178 2446 1238 2519 ote
1268 2448 1395 2519 toltre
1420 2447 1568 2537 respiat,
1593 2444 1741 2539 scilieet,
1767 2451 1906 2540 septem

733 2563 898 2658 virtutes,
924 2566 1000 2638 dier
1026 2568 1114 2655 toro,
1135 2563 1280 2658 scilieet,
1307 2564 1499 2641 decantato
1519 2571 1596 2639 toto
1612 2565 1753 2659 psaimo
1774 2565 1834 2639 iilo
1852 2565 1908 2641 vi·

625 2748 628 2755 ,
734 2684 867 2780 timim,
883 2688 1030 2779 reposo,
1052 2685 1121 2759 iliis
1146 2684 1359 2781 virginibus
1377 2686 1538 2757 colorato
1554 2689 1780 2779 comesturo,
1801 2685 1903 2778 idest,

735 2804 951 2899 rubicunda,
970 2805 1103 2881 ardens
1128 2804 1352 2880 verecundia
1371 2804 1418 2879 de
1435 2805 1592 2879 ludibrio
1608 2805 1705 2879 iacto
1724 2805 1770 2880 de
1789 2826 1905 2884 curru

674 2984 676 2990 .
735 2932 773 3003 et
797 2932 943 3001 rectore
968 2926 1058 3001 eius.
1084 2926 1129 2999 Et
1154 2926 1255 3021 ponit
1279 2924 1482 3000 orationem
1509 2924 1695 3019 Beatriois,
1711 2946 1796 3019 quae
1821 2925 1907 2999 dioit

734 3046 787 3121 eis
811 3045 926 3121 verba
951 3066 1035 3139 quae
1060 3045 1151 3119 dixit
1175 3045 1339 3122 Christus
1363 3045 1546 3140 discipulis
1564 3046 1660 3140 suis;
1679 3046 1776 3121 unde
1801 3046 1903 3119 dicit:

734 3188 757 3239 o
780 3168 905 3241 soretie
930 3170 996 3240 mie
1019 3169 1144 3257 dilecte,
1165 3172 1203 3241 et
1222 3165 1306 3241 vide
1326 3166 1424 3261 quod
1441 3173 1548 3243 vocat
1565 3166 1725 3263 virgines
1741 3166 1827 3241 istas
1844 3186 1905 3243 so·

735 3306 839 3361 rores
864 3305 949 3359 suas
975 3306 1021 3359 err
1047 3284 1211 3378 caritate,
1230 3306 1314 3380 quae
1328 3275 1365 3377 (³)
1382 3306 1494 3380 supra
1515 3293 1738 3362 vocaverant
1767 3308 1808 3363 se
1838 3308 1906 3362 an·

736 3403 834 3479 eilias
853 3404 932 3478 eius
953 3424 1000 3479 ex
1026 3403 1251 3499 humilitate3
1269 3410 1306 3479 et
1331 3410 1386 3479 est
1403 3405 1551 3479 curialis
1571 3406 1703 3481 modus
1718 3407 1905 3503 loquendi,

735 3523 830 3599 siout
850 3522 1066 3619 magnificus
1091 3523 1262 3597 dominus
1282 3528 1390 3598 vocat
1405 3544 1556 3599 serrum
1574 3512 1611 3618 (⁸)
1630 3526 1812 3601 amicum:
1826 3548 1905 3601 mo-

734 3646 861 3737 dicum,
887 3650 920 3717 et
952 3664 1025 3717 aon
1050 3644 1203 3717 uidebitis
1228 3664 1295 3734 me,
1321 3644 1426 3738 quasi
1459 3643 1567 3740 dicat,
1593 3665 1711 3740 pauco
1737 3653 1905 3743 tempore

735 3764 839 3839 stabo
865 3764 943 3839 sine
969 3762 1082 3857 vobis,
1100 3764 1188 3857 quia
1212 3784 1346 3859 parum
1371 3764 1518 3839 durabit
1536 3764 1603 3839 ista
1620 3766 1847 3860 persecuti03
1868 3774 1907 3842 et

736 3884 872 3959 iterum
898 3883 1093 3981 respondit,
1120 3886 1306 3977 modicata,
1325 3891 1359 3957 et
1382 3905 1445 3957 vos
1464 3885 1619 3959 ademtis
1634 3906 1709 3978 nte;
1727 3886 1833 3979 quasi
1850 3886 1906 3961 di·

735 4010 810 4079 oat:
837 4004 909 4079 aito
934 4011 1112 4099 sequetur
1137 4003 1305 4097 vindicta,
1324 4010 1362 4078 et
1381 4003 1535 4079 eeclesia
1559 4004 1631 4078 erit
1655 4004 1810 4081 iiberaa
1830 4006 1905 4080 ior-

736 4121 917 4197 nioatione
933 4123 1028 4197 siout
1044 4122 1187 4199 dicetur
1202 4125 1314 4219 panio
1333 4130 1424 4220 post,
1438 4130 1475 4199 et
1493 4132 1619 4219 postea
1636 4146 1734 4221 saepo
1754 4127 1791 4200 in
1808 4127 1905 4201 moi·

736 4240 781 4317 tis
804 4242 892 4317 loeis
918 4249 955 4319 et
979 4241 1145 4337 capitulis
1170 4243 1342 4319 Paradisi.
1356 4284 1406 4299 -
1420 4248 1496 4319 Poi.
1522 4244 1587 4319 Hic
1617 4254 1725 4341 poeta
1749 4246 1906 4322 ostendit

736 4363 893 4458 qualiter
905 4362 1050 4439 Beatrix
1065 4370 1147 4460 post
1159 4364 1453 4440 exhortationem
1468 4367 1600 4441 iactam
1614 4367 1660 4442 ad
1674 4374 1812 4462 septem
1827 4367 1904 4443 vir·

735 4482 838 4581 gines
855 4482 1073 4579 disposuerit
1089 4483 1179 4559 alios
1195 4490 1272 4559 tres
1289 4492 1326 4560 et
1343 4486 1461 4580 ipsum
1479 4486 1663 4583 praecipue
1679 4486 1725 4561 ad
1738 4486 1906 4581 dicenda3

737 4602 835 4678 uude
845 4603 930 4679 dicit
943 4603 1210 4679 continuative:
1225 4608 1304 4695 Poi,
1318 4605 1379 4680 iiia
1392 4606 1552 4700 Beatrir‚
1569 4609 1643 4680 test
1658 4610 1743 4681 mue
1758 4610 1907 4682 immori

797 4878 824 4939 (¹)
839 4876 896 4929 Coti
912 4879 1022 4943 leggono
1038 4880 1046 4929 i
1062 4878 1165 4940 codici:
1180 4893 1223 4930 ma
1239 4879 1257 4929 1¹
1264 4880 1371 4931 Butam
1387 4881 1415 4930 iu
1429 4881 1548 4943 margine
1563 4880 1652 4931 dubita
1667 4880 1750 4931 mot·
1767 4880 1838 4932 dire:
1860 4883 1906 4933 Vt-

736 4954 836 5005 eon'um
856 4954 957 5013 Christi,
974 4955 1080 5016 militet,
1097 4955 1268 5007 Bonifatium.
1394 4956 1423 5019 (Ἴ
1439 4960 1494 5017 117,
1510 4957 1566 5008 mus
1581 4956 1775 5007 addicendum.

798 5030 827 5095 (⁸)
841 5031 872 5083 E.
889 5045 952 5095 quas
972 5046 1050 5097 supra
1071 5039 1209 5087 vocarent
1228 5032 1334 5085 mortu
1352 5047 1419 5093 mu,
1442 5046 1489 5085 sen
1509 5049 1569 5099 qun
1584 5039 1743 5085 rotaverunt
1757 5047 1785 5084 se
1799 5035 1906 5088 molta·

736 5110 794 5161 eim
809 5122 849 5159 ex.
1397 5110 1424 5175 (⁸)
1442 5116 1495 5173 117,
1511 5125 1617 5164 serrum
1632 5125 1709 5163 sunm
1724 5112 1848 5165 amioum.
