4575 6842
733 992 805 1060 356
1127 995 1332 1052 cumeorum
1356 995 1523 1050 oculum

731 1147 899 1221 cionem:
926 1149 963 1218 et
989 1141 1133 1218 videtur
1159 1141 1299 1216 babere
1323 1113 1677 1235 istamopioiouem,
1696 1138 1797 1234 quod
1821 1137 1909 1213 luna

731 1267 865 1358 babeat
890 1263 926 1338 in
953 1284 993 1338 se
1018 1283 1066 1338 ex
1087 1261 1144 1336 sui
1159 1254 1197 1354 (¹)
1219 1267 1351 1337 natura
1370 1281 1393 1335 a
1411 1260 1530 1357 primo
1546 1260 1676 1335 datore
1701 1264 1738 1334 et
1764 1264 1910 1333 motore

731 1387 838 1462 islam
865 1384 1051 1460 maculam
1076 1382 1296 1476 nubilosam,
1315 1381 1402 1476 quia
1427 1387 1483 1456 est
1508 1380 1627 1456 vicina
1645 1387 1766 1473 terrae,
1784 1386 1823 1454 et
1844 1379 1910 1453 ba-

731 1508 794 1583 bet
820 1506 982 1580 maxime
1009 1523 1161 1578 movere
1185 1502 1254 1576 ista
1280 1500 1454 1577 iuferiora
1484 1507 1523 1575 et
1552 1500 1713 1576 alterare
1738 1499 1785 1574 de
1809 1499 1909 1573 claro

732 1628 770 1702 iu
796 1627 998 1702 obscurum
1025 1631 1062 1698 el
1087 1643 1109 1698 e
1133 1641 1325 1698 converso.
1343 1622 1388 1696 lit
1407 1620 1554 1696 videtur
1570 1621 1693 1696 dicere
1711 1617 1910 1696 senteutia-

732 1750 817 1824 liter
841 1749 879 1822 in
904 1747 1013 1843 longo
1039 1728 1219 1838 discursu,
1237 1742 1337 1837 quod
1357 1742 1520 1838 primum
1545 1743 1684 1817 coelum
1706 1747 1762 1816 erl
1778 1739 1816 1814 iu
1832 1759 1910 1814 coe·

734 1868 885 1944 lestibus
910 1865 1003 1940 sicut
1027 1884 1093 1939 cor
1109 1863 1147 1936 iu
1168 1862 1355 1955 membris,
1372 1868 1411 1936 et
1428 1862 1546 1937 virtus
1564 1861 1695 1957 prima
1714 1881 1836 1936 causa
1853 1865 1910 1934 esl
1997 1851 1999 1855 ’

734 1989 772 2063 iu
797 1985 1007 2062 coeleslibus
1033 1985 1127 2058 sicut
1153 1982 1271 2057 virtus
1295 1982 1414 2058 cordis
1438 1982 1475 2057 io
1501 1982 1733 2078 corporibus:
1755 1988 1792 2056 ct
1816 1980 1911 2056 sicut

735 2105 907 2201 quaelibet
921 2104 1088 2180 membra
1101 2103 1238 2178 babent
1252 2102 1418 2198 proprias
1431 2102 1588 2178 virtutes
1599 2102 1637 2176 iu
1649 2100 1778 2176 sitibus
1791 2119 1911 2174 mem-

735 2229 891 2303 brorum
918 2224 986 2300 sibi
1012 2223 1284 2319 determinatas,
1310 2223 1360 2299 ita
1385 2223 1573 2317 quodlibet
1596 2223 1733 2297 coelum
1754 2228 1791 2296 et
1807 2241 1913 2316 quae·
1990 2297 1994 2301 .

734 2349 824 2422 libet
849 2346 950 2422 stella
976 2345 1015 2420 iu
1045 2345 1173 2418 sitibus
1204 2344 1280 2418 suis
1312 2344 1449 2420 babeul
1479 2343 1645 2439 proprias
1676 2343 1850 2437 virtules3
1874 2348 1913 2417 el

737 2469 831 2542 sicut
857 2473 933 2542 tota
958 2465 1156 2540 multitudo
1181 2464 1344 2538 relertur
1372 2461 1418 2537 ad
1450 2484 1568 2537 uuum
1598 2463 1761 2558 primum
1794 2483 1913 2538 mem·

737 2589 849 2663 brum
876 2585 1121 2682 compositum
1148 2604 1194 2659 ex
1222 2590 1366 2659 molere
1382 2589 1420 2660 et
1436 2583 1562 2658 mobili
1583 2583 1607 2629 *
1619 2583 1657 2658 iu
1680 2583 1912 2678 animalibus,

739 2707 839 2803 quod
864 2711 918 2782 est
943 2726 1019 2798 cor,
1047 2705 1096 2779 ita
1121 2703 1159 2778 in
1185 2703 1395 2778 coelestibus
1424 2709 1500 2778 tota
1532 2703 1729 2778 mullitudo
1754 2703 1913 2778 refertur

738 2829 785 2903 erl
812 2849 928 2902 uuum
956 2825 1054 2920 quod
1080 2830 1134 2899 est
1160 2825 1297 2899 coelum
1322 2823 1485 2920 primum
1501 2824 1745 2920 compositum
1766 2843 1815 2898 ex
1833 2844 1914 2898 mo·

742 2955 824 3023 tore
850 2953 887 3021 el
914 2945 1069 3020 mobili*
1084 2935 1132 3036 (²).
1159 2946 1265 3018 Nunc
1290 2943 1337 3018 ad
1362 2943 1506 3020 literam
1536 2944 1621 3020 dicil
1649 2944 1799 3020 Beatrix
1824 2944 1914 3019 inci-

742 3069 845 3165 piens
870 3089 892 3142 a
917 3066 1037 3162 primo
1063 3065 1176 3139 coelo:
1199 3068 1251 3137 Uo
1276 3086 1399 3158 corpo,
1424 3063 1570 3160 scilicet,
1587 3065 1751 3161 primum
1778 3065 1912 3140 mobile

740 3191 818 3265 sive
843 3205 950 3285 spera
976 3205 1085 3279 noua,
1110 3187 1204 3258 nella
1228 3187 1283 3258 cul
1303 3188 1426 3258 obtule
1450 3187 1595 3278 ierom
1619 3185 1722 3278 idest,
1743 3184 1830 3279 rita,
1856 3205 1915 3258 es-

740 3309 867 3403 sentia,
893 3311 930 3382 di
954 3314 1038 3381 tullo
1062 3328 1126 3380 suo
1147 3311 1319 3397 corbulo,
1337 3305 1441 3400 idest,
1458 3306 1626 3380 omnium
1647 3325 1841 3401 sperarum
1857 3304 1914 3378 iu·

740 3430 917 3506 seriorum
945 3449 1028 3522 quae
1054 3428 1122 3501 sub
1148 3447 1195 3501 eo
1211 3426 1457 3521 continentur,
1483 3429 1595 3520 mbae,
1616 3425 1719 3520 idest,
1739 3425 1913 3519 consistit,

740 3557 772 3626 si
794 3555 890 3644 pira,
915 3550 1019 3642 idest,
1046 3547 1217 3641 volvitur,
1252 3549 1377 3620 denuo
1401 3549 1465 3621 dal
1481 3549 1548 3622 ciel
1561 3549 1653 3620 della
1674 3549 1795 3622 meum
1808 3567 1914 3640 pace,

743 3673 847 3766 idest,
866 3671 961 3744 intra
979 3668 1115 3743 coelum
1137 3686 1356 3765 empyreum
1375 3667 1543 3762 quietum
1561 3667 1660 3762 quod
1676 3687 1807 3742 omues
1821 3665 1915 3740 alios

742 3790 1027 3888 comprehendit.
1047 3790 1089 3862 Et
1107 3809 1181 3862 non
1199 3789 1278 3862 vult
1293 3786 1392 3863 aliud
1410 3787 1544 3881 uiuere,
1562 3787 1630 3862 uisi
1648 3787 1746 3881 quod
1765 3787 1802 3861 iu
1821 3787 1916 3862 coelo

742 3933 840 3988 uoco
866 3909 1071 3985 virtualiter
1096 3914 1152 3983 est
1176 3928 1289 3983 causa
1313 3907 1482 3981 omnium
1508 3907 1709 3982 effectuum
1742 3906 1806 4002 qui
1831 3913 1917 3980 sunt

742 4033 836 4108 inira
861 4031 995 4126 ipsum,
1012 4036 1050 4104 et
1069 4029 1117 4103 ab
1141 4028 1219 4124 ipso
1246 4027 1409 4124 procedit
1425 4047 1507 4102 esse
1522 4027 1688 4101 omnium
1715 4027 1916 4119 stellarum,

743 4173 828 4248 quae
845 4151 1050 4226 secuudum
1067 4155 1240 4223 naturam
1259 4169 1366 4223 suam
1383 4146 1600 4242 recipientes
1617 4147 1777 4242 desuper
1793 4153 1917 4221 oslen-

742 4275 835 4349 duut
861 4293 901 4347 se
927 4273 1008 4368 plus
1034 4276 1071 4346 el
1097 4269 1219 4345 minus
1244 4268 1393 4344 lucidas.
1407 4273 1520 4341 -Lo
1543 4269 1616 4342 ciel.
1650 4267 1716 4343 Hic
1743 4267 1917 4342 describit

742 4401 913 4471 octavam
939 4412 1097 4487 speram,
1119 4411 1204 4485 quae
1221 4390 1396 4464 virtutem
1421 4395 1607 4485 receptam
1632 4410 1655 4464 a
1681 4409 1779 4464 noua
1797 4386 1919 4463 distri-

743 4515 823 4591 buit
847 4513 885 4589 iu
910 4533 996 4587 suas
1013 4510 1134 4586 stellas
1152 4516 1190 4584 et
1205 4530 1333 4606 speras
1350 4509 1559 4604 inferiorem
1580 4509 1679 4586 uude
1696 4515 1782 4584 nota
1799 4507 1919 4604 primo

746 4634 845 4730 quod
871 4633 1033 4729 primum
1056 4629 1192 4705 mobile
1217 4630 1254 4704 iu
1277 4649 1391 4724 opere
1410 4636 1554 4705 naturae
1570 4635 1627 4705 est
1643 4635 1834 4724 tamquam
1852 4629 1919 4702 do-

746 4758 869 4832 miuus
881 4755 1020 4830 babens
1033 4759 1148 4827 totam
1166 4750 1404 4826 auloritatem
1418 4758 1455 4826 et
1479 4750 1740 4847 amplissimam
1761 4756 1920 4847 potesta-

821 5055 828 5083 .

811 5058 839 5195 {¹}
855 5055 1078 5196 ῗοᾝιῖῑῗῖε
1095 5131 1145 5182 rue
1161 5131 1294 5183 numu
1309 5144 1356 5183 non
1372 5107 1569 5195 nppuo'ugu
1583 5129 1643 5183 uua
1654 5107 1700 5182 'uo
1714 5129 1810 5182 mue.
