4575 6842
748 992 886 1047 caurus
912 970 1126 1049 rmousur'us
1150 995 1294 1052 eamus.
1530 979 1600 1047 239

432 1134 534 1230 idest,
561 1143 754 1212 traxerunt
778 1156 818 1211 se
843 1144 929 1212 ante
945 1143 1183 1233 conspectum
1201 1137 1386 1233 BeatriciS,
1410 1140 1603 1212 danmando

430 1257 469 1328 ol
484 1258 540 1328 lor
561 1260 718 1349 unpelioo
742 1258 876 1348 cantho,
894 1255 996 1351 idest,
1018 1258 1063 1331 ad
1089 1257 1375 1355 gratulationem
1400 1264 1439 1333 et
1463 1258 1603 1333 cantio-

430 1396 515 1451 nem
542 1377 745 1474 angelicam
772 1376 948 1472 ipsarum,
966 1379 1025 1453 vel
1045 1377 1091 1451 ad
1118 1385 1271 1453 cantum
1296 1379 1528 1473 angelornm,
1554 1378 1602 1453 ita

431 1496 529 1591 quod
555 1497 833 1571 conformabant
858 1504 1000 1573 motum
1022 1520 1133 1573 suum
1152 1498 1233 1573 roci
1250 1518 1340 1592 suae,
1358 1499 1417 1572 vel
1436 1497 1517 1573 voci
1534 1518 1603 1572 an·

430 1618 613 1715 gelorum,
647 1618 742 1691 sicut
776 1619 893 1693 solent
922 1617 1044 1695 iacere
1076 1618 1314 1716 tripudiantes
1345 1625 1383 1693 et
1415 1622 1603 1693 cantantes

432 1738 560 1831 simul;
587 1744 720 1811 mentre
744 1740 804 1811 cte
828 1742 984 1813 lanima
1009 1742 1081 1813 mio
1103 1743 1210 1833 pineo
1234 1742 1272 1813 di
1298 1746 1440 1831 stupore
1464 1760 1483 1811 c
1507 1741 1601 1829 oeta,

432 1859 639 1954 spectaculo
655 1852 691 1951 (⁴)
719 1866 794 1934 tam
820 1860 1043 1935 admirandae
1068 1861 1133 1955 rei,
1158 1868 1309 1951 pusaeo
1339 1862 1376 1931 di
1406 1862 1485 1951 quel
1512 1860 1602 1950 cido,

431 1977 533 2071 idest,
560 1984 634 2052 tam
661 1978 756 2053 dulci
783 1981 1097 2075 contemplatione,
1123 1984 1196 2074 cle,
1223 1982 1397 2053 saztoodo
1421 1982 1459 2053 dt
1484 1975 1533 2074 sc‘,
1565 1982 1604 2053 di

431 2093 470 2171 se*
499 2106 626 2192 assero,
659 2097 754 2192 quia,
776 2104 913 2193 quanto
948 2099 1064 2196 magis
1102 2100 1266 2175 relicitur
1303 2120 1408 2173 mens
1446 2098 1603 2174 hominis

405 2218 493 2292 vtali
527 2218 637 2313 rictu,
669 2224 770 2293 tanto
802 2219 917 2316 magis
950 2219 1081 2295 crescit
1114 2221 1230 2295 sames
1261 2227 1298 2296 et
1327 2219 1402 2293 sitis
1436 2220 1526 2295 eius.
1559 2219 1603 2293 lit

431 2339 646 2433 benedicit,
672 2340 757 2433 quia
783 2340 974 2415 delectatio
1000 2362 1133 2417 novem
1160 2362 1354 2416 musarum
1373 2341 1473 2415 nulla
1493 2340 1602 2415 estin

432 2460 706 2559 comparatione
730 2460 776 2534 ad
802 2460 889 2534 istas
913 2460 1079 2537 dominas
1103 2481 1238 2537 novem
1266 2463 1489 2537 honorantes
1514 2480 1602 2535 cur·

434 2600 518 2653 rum
546 2580 824 2675 triumphalem:
851 2586 957 2655 erant
980 2581 1078 2655 enim
1105 2587 1245 2678 septem
1270 2580 1437 2675 virtutes,
1462 2579 1603 2654 Mathil-

434 2699 487 2773 dis
526 2705 564 2773 ot
600 2700 758 2774 Beatrix.
773 2740 822 2755 ·—
841 2704 948 2791 Volpi.
981 2700 1046 2774 llic
1079 2700 1227 2775 Beatrix
1255 2700 1412 2797 explicat
1442 2700 1600 2775 formam

433 2820 623 2894 cantilenae
649 2821 811 2915 ipsarum
842 2820 1088 2915 dominarum,
1114 2820 1256 2895 dicens:
1283 2825 1335 2894 Lo
1357 2842 1425 2895 sno
1448 2840 1601 2911 concon,

434 2938 579 3013 illarum
606 2940 731 3034 trium,
749 2962 826 3032 ero,
848 2961 870 3013 o
895 2944 1064 3034 dentrice,
1092 2942 1186 3031 volgi
1208 2944 1258 3031 pti
1281 2942 1377 3014 occdi
1399 2943 1505 3031 sonti,
1530 2941 1602 3015 hoc

433 3058 611 3153 dicebant,
634 3060 719 3153 quia
736 3059 881 3134 Beatrix
904 3060 1051 3134 tenebat
1071 3064 1214 3133 tanturn
1235 3058 1361 3133 oculos
1382 3058 1475 3133 dnos
1490 3078 1602 3155 super

433 3180 631 3275 gryphum,
649 3185 685 3253 et
712 3199 784 3253 non
810 3178 1002 3254 ridebatur
1021 3177 1164 3275 dignari
1182 3178 1364 3273 respicere
1380 3180 1548 3273 Dantem,
1565 3182 1605 3253 al

434 3306 491 3373 tuo
513 3302 635 3393 sedete,
661 3298 725 3394 qui
751 3307 805 3375 est
828 3300 970 3375 amicus
997 3299 1140 3373 virtutis
1166 3306 1204 3374 et
1228 3319 1301 3374 non
1322 3298 1491 3392 iortnnae,
1509 3299 1604 3373 sicut

433 3425 472 3493 tu
491 3418 611 3495 dixisti
624 3420 785 3516 Virgilio,
799 3427 836 3495 et
854 3419 917 3514 qui
934 3427 990 3495 est
1007 3420 1120 3495 fidelis
1140 3417 1371 3513 christianus,
1388 3424 1426 3493 ot
1447 3439 1513 3515 pro
1530 3418 1601 3493 fide

434 3540 613 3615 laborarit
639 3542 832 3637 plusquam
861 3562 1025 3635 unquam
1051 3540 1183 3634 aliquis
1213 3547 1333 3635 poeta,
1358 3542 1430 3635 cte,
1453 3562 1522 3633 per
1545 3562 1605 3613 oe-

433 3664 535 3755 dcrti,
555 3664 602 3734 ltu
618 3664 727 3735 morsi
739 3664 842 3755 pessi
865 3665 961 3735 tenti.
988 3662 1031 3734 Et
1057 3660 1115 3735 hic
1131 3667 1218 3734 nota
1236 3660 1336 3753 qnod
1352 3660 1448 3733 istud
1469 3666 1525 3734 est
1540 3679 1606 3735 ve-

435 3802 519 3855 rum
546 3789 621 3857 tam
648 3782 819 3857 historice
844 3802 956 3877 quam
982 3781 1189 3878 allegorice,
1211 3780 1386 3875 quoniam
1412 3780 1471 3855 hic
1496 3788 1602 3876 poeta

435 3922 520 3977 cum
548 3902 771 3999 concepisset
795 3901 972 3977 accedere
996 3902 1042 3975 ad
1064 3900 1232 3999 gloriam,
1251 3900 1313 3974 uhi
1331 3908 1411 3976 erat
1427 3901 1496 3975 ista
1512 3901 1605 3977 Bea-

435 4022 518 4116 trir‚
545 4021 641 4097 idest*
659 4023 867 4097 describere
898 4022 993 4096 istud
1017 4022 1219 4119 gloriosum
1245 4041 1349 4115 opus,
1375 4020 1533 4095 sentiens
1561 4040 1602 4097 se

435 4142 520 4217 satis
546 4144 683 4218 hahere
710 4141 942 4240 philosophiae
960 4150 996 4217 et
1017 4140 1178 4237 poetriae,
1200 4139 1263 4213 ivit
1280 4140 1439 4215 Parisios
1451 4142 1531 4237 jam
1549 4143 1604 4219 la-

436 4268 517 4335 ctus
543 4282 681 4357 pauper
698 4270 736 4338 et
753 4264 851 4357 exul,
869 4270 906 4338 et
924 4282 1059 4358 magno
1076 4260 1221 4356 ingenio
1239 4268 1277 4335 et
1293 4260 1412 4336 studio
1438 4262 1606 4356 quaesivit

438 4382 678 4477 theologiam:
708 4382 838 4457 deinde
866 4402 953 4456 oum
980 4388 1104 4456 mente
1129 4380 1382 4456 descenditur
1408 4382 1605 4479 internum,

436 4511 474 4577 et
499 4500 582 4575 inde
606 4502 767 4577 ascendit
787 4502 831 4577 ad
850 4501 1117 4597 purgatorium,
1136 4501 1173 4575 in
1190 4502 1296 4577 ouius
1313 4504 1526 4578 summitate
1543 4524 1605 4579 re·

435 4620 530 4716 perit
550 4642 633 4696 eam
659 4622 696 4695 in
716 4622 883 4717 paradiso
900 4622 969 4696 isto
985 4620 1220 4716 deliciarum3
1237 4622 1320 4697 ideo
1339 4623 1434 4698 bene
1451 4633 1531 4719 post
1550 4631 1605 4700 tot

435 4746 473 4815 et
488 4747 608 4815 tantos
624 4741 768 4817 labores
785 4740 947 4836 corporis
971 4748 1009 4816 et
1034 4741 1147 4815 animi
1165 4748 1331 4817 meretur
1348 4744 1482 4818 amodo
1500 4744 1605 4839 quie-

435 4868 510 4937 tem
537 4862 724 4937 felicitatis.
743 4863 787 4936 Et
804 4869 951 4957 petunt:
968 4884 1036 4955 per
1051 4866 1182 4953 pruzia
1196 4866 1248 4957 [α’
1261 4866 1322 4937 noi
1336 4868 1478 4956 pruzia,
1497 4864 1603 4958 quasi

498 5124 526 5186 (¹)
542 5123 572 5175 E.
589 5122 762 5188 speculatione
778 5128 840 5175 tana
