<?xml version="1.0" encoding="UTF-8"?>
<!DOCTYPE html PUBLIC "-//W3C//DTD XHTML 1.0 Transitional//EN"
    "http://www.w3.org/TR/xhtml1/DTD/xhtml1-transitional.dtd">
<html xmlns="http://www.w3.org/1999/xhtml" xml:lang="en" lang="en">
 <head>
  <title>
</title>
<meta http-equiv="Content-Type" content="text/html;charset=utf-8" />
  <meta name='ocr-system' content='tesseract 3.04.00' />
  <meta name='ocr-capabilities' content='ocr_page ocr_carea ocr_par ocr_line ocrx_word'/>
</head>
<body>
  <div class='ocr_page' id='page_1' title='image "./comentumsuperda00unkngoog_0360.png"; bbox 0 0 4575 6842; ppageno 0'>
   <div class='ocr_carea' id='block_1_1' title="bbox 736 957 1520 1027">
    <p class='ocr_par' dir='ltr' id='par_1_1' title="bbox 736 957 1520 1027">
     <span class='ocr_line' id='line_1_1' title="bbox 736 957 1520 1027; baseline 0.001 -3"><span class='ocrx_word' id='word_1_1' title='bbox 736 957 806 1024; x_wconf 71' lang='lat'><strong>342</strong></span> <span class='ocrx_word' id='word_1_2' title='bbox 1125 968 1331 1027; x_wconf 75' lang='lat' dir='ltr'><strong>commorunt</strong></span> <span class='ocrx_word' id='word_1_3' title='bbox 1354 972 1520 1026; x_wconf 75' lang='lat' dir='ltr'><strong>rrnumsr</strong></span> 
     </span>
    </p>
   </div>
   <div class='ocr_carea' id='block_1_2' title="bbox 722 1113 1908 4703">
    <p class='ocr_par' dir='ltr' id='par_1_2' title="bbox 722 1113 1908 4703">
     <span class='ocr_line' id='line_1_2' title="bbox 737 1113 1908 1212; baseline 0.003 -23"><span class='ocrx_word' id='word_1_4' title='bbox 737 1134 812 1210; x_wconf 87' lang='lat' dir='ltr'><strong>quo</strong></span> <span class='ocrx_word' id='word_1_5' title='bbox 835 1113 974 1190; x_wconf 88' lang='lat' dir='ltr'><strong>dictum</strong></span> <span class='ocrx_word' id='word_1_6' title='bbox 999 1120 1055 1189; x_wconf 91' lang='lat' dir='ltr'><strong>est</strong></span> <span class='ocrx_word' id='word_1_7' title='bbox 1078 1114 1116 1188; x_wconf 90' lang='lat' dir='ltr'><strong>in</strong></span> <span class='ocrx_word' id='word_1_8' title='bbox 1142 1114 1361 1210; x_wconf 82' lang='lat' dir='ltr'><strong>praecedenti</strong></span> <span class='ocrx_word' id='word_1_9' title='bbox 1386 1116 1557 1210; x_wconf 84' lang='lat' dir='ltr'><strong>capitulo,</strong></span> <span class='ocrx_word' id='word_1_10' title='bbox 1577 1119 1636 1190; x_wconf 84' lang='lat' dir='ltr'><strong>del</strong></span> <span class='ocrx_word' id='word_1_11' title='bbox 1656 1120 1826 1212; x_wconf 78' lang='lat' dir='ltr'><em>deiforme</em></span> <span class='ocrx_word' id='word_1_12' title='bbox 1848 1141 1908 1193; x_wconf 87' lang='lat' dir='ltr'><strong>re·</strong></span> 
     </span>
     <span class='ocr_line' id='line_1_3' title="bbox 734 1233 1907 1334; baseline 0.006 -26"><span class='ocrx_word' id='word_1_13' title='bbox 734 1255 821 1326; x_wconf 72' lang='lat' dir='ltr'><strong>ooo,</strong></span> <span class='ocrx_word' id='word_1_14' title='bbox 845 1233 948 1328; x_wconf 85' lang='lat' dir='ltr'><strong>idest,</strong></span> <span class='ocrx_word' id='word_1_15' title='bbox 974 1233 1141 1330; x_wconf 79' lang='lat' dir='ltr'>paradisi,</span> <span class='ocrx_word' id='word_1_16' title='bbox 1168 1235 1231 1328; x_wconf 84' lang='lat' dir='ltr'><strong>qui</strong></span> <span class='ocrx_word' id='word_1_17' title='bbox 1257 1240 1313 1310; x_wconf 84' lang='lat' dir='ltr'><strong>eet</strong></span> <span class='ocrx_word' id='word_1_18' title='bbox 1338 1255 1495 1332; x_wconf 80' lang='lat' dir='ltr'><strong>regnum</strong></span> <span class='ocrx_word' id='word_1_19' title='bbox 1521 1237 1712 1312; x_wconf 80' lang='lat' dir='ltr'><strong>conforme</strong></span> <span class='ocrx_word' id='word_1_20' title='bbox 1736 1239 1803 1334; x_wconf 85' lang='lat' dir='ltr'><strong>ipsi</strong></span> <span class='ocrx_word' id='word_1_21' title='bbox 1819 1240 1907 1334; x_wconf 88' lang='lat' dir='ltr'><strong>Deo,</strong></span> 
     </span>
     <span class='ocr_line' id='line_1_4' title="bbox 732 1355 1908 1454; baseline 0.005 -26"><span class='ocrx_word' id='word_1_22' title='bbox 732 1377 795 1430; x_wconf 84' lang='lat' dir='ltr'><strong>cco</strong></span> <span class='ocrx_word' id='word_1_23' title='bbox 817 1361 985 1448; x_wconf 78' lang='lat' dir='ltr'><strong>portam,</strong></span> <span class='ocrx_word' id='word_1_24' title='bbox 1011 1355 1048 1429; x_wconf 89' lang='lat' dir='ltr'><strong>in</strong></span> <span class='ocrx_word' id='word_1_25' title='bbox 1073 1357 1210 1430; x_wconf 88' lang='lat' dir='ltr'><strong>ooelum</strong></span> <span class='ocrx_word' id='word_1_26' title='bbox 1236 1355 1411 1451; x_wconf 90' lang='lat' dir='ltr'><strong>primum,</strong></span> <span class='ocrx_word' id='word_1_27' title='bbox 1436 1359 1557 1450; x_wconf 84' lang='lat' dir='ltr'><strong>oeloot,</strong></span> <span class='ocrx_word' id='word_1_28' title='bbox 1588 1357 1692 1451; x_wconf 82' lang='lat' dir='ltr'><strong>idest,</strong></span> <span class='ocrx_word' id='word_1_29' title='bbox 1719 1361 1908 1454; x_wconf 83' lang='lat' dir='ltr'><strong>velociter,</strong></span> 
     </span>
     <span class='ocr_line' id='line_1_5' title="bbox 733 1475 1907 1574; baseline 0.005 -24"><span class='ocrx_word' id='word_1_30' title='bbox 733 1479 835 1574; x_wconf 74' lang='lat' dir='ltr'><strong>quusi</strong></span> <span class='ocrx_word' id='word_1_31' title='bbox 857 1497 954 1550; x_wconf 85' lang='lat' dir='ltr'><strong>come</strong></span> <span class='ocrx_word' id='word_1_32' title='bbox 969 1478 995 1550; x_wconf 88' lang='lat' dir='ltr'><strong>&#39;l</strong></span> <span class='ocrx_word' id='word_1_33' title='bbox 1016 1478 1081 1550; x_wconf 78' lang='lat' dir='ltr'><strong>ciel</strong></span> <span class='ocrx_word' id='word_1_34' title='bbox 1103 1479 1228 1550; x_wconf 77' lang='lat' dir='ltr'><strong>vedere.</strong></span> <span class='ocrx_word' id='word_1_35' title='bbox 1255 1475 1298 1549; x_wconf 88' lang='lat' dir='ltr'><strong>Et</strong></span> <span class='ocrx_word' id='word_1_36' title='bbox 1323 1477 1403 1550; x_wconf 83' lang='lat' dir='ltr'><strong>vult</strong></span> <span class='ocrx_word' id='word_1_37' title='bbox 1428 1475 1466 1550; x_wconf 94' lang='lat' dir='ltr'><strong>in</strong></span> <span class='ocrx_word' id='word_1_38' title='bbox 1491 1475 1625 1552; x_wconf 83' lang='lat' dir='ltr'><strong>ellectu</strong></span> <span class='ocrx_word' id='word_1_39' title='bbox 1651 1477 1786 1574; x_wconf 80' lang='lat' dir='ltr'><strong>dicere,</strong></span> <span class='ocrx_word' id='word_1_40' title='bbox 1808 1480 1907 1574; x_wconf 88' lang='lat' dir='ltr'><strong>quod</strong></span> 
     </span>
     <span class='ocr_line' id='line_1_6' title="bbox 733 1594 1907 1695; baseline 0.005 -26"><span class='ocrx_word' id='word_1_41' title='bbox 733 1616 868 1692; x_wconf 82' lang='lat' dir='ltr'><strong>magna</strong></span> <span class='ocrx_word' id='word_1_42' title='bbox 892 1594 1036 1670; x_wconf 87' lang='lat' dir='ltr'><strong>allectio</strong></span> <span class='ocrx_word' id='word_1_43' title='bbox 1062 1595 1239 1670; x_wconf 87' lang='lat' dir='ltr'><strong>naturalis</strong></span> <span class='ocrx_word' id='word_1_44' title='bbox 1257 1594 1401 1670; x_wconf 88' lang='lat' dir='ltr'><strong>videndi</strong></span> <span class='ocrx_word' id='word_1_45' title='bbox 1418 1596 1567 1671; x_wconf 86' lang='lat' dir='ltr'><strong>beatum</strong></span> <span class='ocrx_word' id='word_1_46' title='bbox 1595 1615 1753 1695; x_wconf 78' lang='lat' dir='ltr'><strong>regnum</strong></span> <span class='ocrx_word' id='word_1_47' title='bbox 1782 1600 1907 1675; x_wconf 89' lang='lat' dir='ltr'><strong>trahe·</strong></span> 
     </span>
     <span class='ocr_line' id='line_1_7' title="bbox 732 1715 1904 1814; baseline 0.003 -24"><span class='ocrx_word' id='word_1_48' title='bbox 732 1716 796 1790; x_wconf 90' lang='lat' dir='ltr'><strong>bat</strong></span> <span class='ocrx_word' id='word_1_49' title='bbox 821 1735 884 1790; x_wconf 87' lang='lat' dir='ltr'><strong>cos</strong></span> <span class='ocrx_word' id='word_1_50' title='bbox 909 1735 996 1790; x_wconf 91' lang='lat' dir='ltr'><strong>cum</strong></span> <span class='ocrx_word' id='word_1_51' title='bbox 1022 1737 1170 1791; x_wconf 86' lang='lat' dir='ltr'><strong>summa</strong></span> <span class='ocrx_word' id='word_1_52' title='bbox 1195 1715 1388 1792; x_wconf 82' lang='lat' dir='ltr'><strong>velocitate</strong></span> <span class='ocrx_word' id='word_1_53' title='bbox 1407 1717 1612 1791; x_wconf 87' lang='lat' dir='ltr'><strong>secundum</strong></span> <span class='ocrx_word' id='word_1_54' title='bbox 1640 1725 1782 1794; x_wconf 90' lang='lat' dir='ltr'><strong>motum</strong></span> <span class='ocrx_word' id='word_1_55' title='bbox 1809 1720 1904 1814; x_wconf 84' lang='lat' dir='ltr'><strong>omli,</strong></span> 
     </span>
     <span class='ocr_line' id='line_1_8' title="bbox 731 1835 1904 1934; baseline 0.005 -24"><span class='ocrx_word' id='word_1_56' title='bbox 731 1836 780 1910; x_wconf 88' lang='lat' dir='ltr'><strong>de</strong></span> <span class='ocrx_word' id='word_1_57' title='bbox 804 1836 910 1911; x_wconf 87' lang='lat' dir='ltr'><strong>cuius</strong></span> <span class='ocrx_word' id='word_1_58' title='bbox 936 1836 1128 1911; x_wconf 89' lang='lat' dir='ltr'><strong>velocitate</strong></span> <span class='ocrx_word' id='word_1_59' title='bbox 1156 1835 1295 1911; x_wconf 87' lang='lat' dir='ltr'><strong>dictum</strong></span> <span class='ocrx_word' id='word_1_60' title='bbox 1326 1843 1382 1912; x_wconf 78' lang='lat' dir='ltr'><strong>eet</strong></span> <span class='ocrx_word' id='word_1_61' title='bbox 1411 1837 1449 1911; x_wconf 92' lang='lat' dir='ltr'><strong>in</strong></span> <span class='ocrx_word' id='word_1_62' title='bbox 1482 1838 1702 1933; x_wconf 76' lang='lat' dir='ltr'><strong>procedenti</strong></span> <span class='ocrx_word' id='word_1_63' title='bbox 1726 1840 1904 1934; x_wconf 86' lang='lat' dir='ltr'><strong>capitulo:</strong></span> 
     </span>
     <span class='ocr_line' id='line_1_9' title="bbox 732 1957 1905 2053; baseline 0.007 -24"><span class='ocrx_word' id='word_1_64' title='bbox 732 1960 890 2030; x_wconf 79' lang='lat' dir='ltr'><strong>Beotrice</strong></span> <span class='ocrx_word' id='word_1_65' title='bbox 913 1959 1103 2048; x_wconf 76' lang='lat' dir='ltr'><strong>yuurdoou</strong></span> <span class='ocrx_word' id='word_1_66' title='bbox 1126 1959 1166 2030; x_wconf 86' lang='lat' dir='ltr'><strong>in</strong></span> <span class='ocrx_word' id='word_1_67' title='bbox 1195 1978 1290 2051; x_wconf 77' lang='lat' dir='ltr'><strong>noo,</strong></span> <span class='ocrx_word' id='word_1_68' title='bbox 1318 1957 1466 2051; x_wconf 89' lang='lat' dir='ltr'><strong>scilicet,</strong></span> <span class='ocrx_word' id='word_1_69' title='bbox 1491 1957 1539 2032; x_wconf 92' lang='lat' dir='ltr'><strong>ad</strong></span> <span class='ocrx_word' id='word_1_70' title='bbox 1570 1959 1720 2052; x_wconf 88' lang='lat' dir='ltr'><strong>ooelum,</strong></span> <span class='ocrx_word' id='word_1_71' title='bbox 1747 1960 1834 2053; x_wconf 87' lang='lat' dir='ltr'><strong>qnia</strong></span> <span class='ocrx_word' id='word_1_72' title='bbox 1857 1959 1905 2037; x_wconf 87' lang='lat' dir='ltr'><strong>ad</strong></span> 
     </span>
     <span class='ocr_line' id='line_1_10' title="bbox 731 2077 1905 2172; baseline 0.004 -20"><span class='ocrx_word' id='word_1_73' title='bbox 731 2077 849 2152; x_wconf 87' lang='lat' dir='ltr'><strong>Deum</strong></span> <span class='ocrx_word' id='word_1_74' title='bbox 877 2077 1000 2152; x_wconf 88' lang='lat' dir='ltr'><strong>omnia</strong></span> <span class='ocrx_word' id='word_1_75' title='bbox 1026 2077 1151 2171; x_wconf 77' lang='lat' dir='ltr'><strong>refert,</strong></span> <span class='ocrx_word' id='word_1_76' title='bbox 1176 2084 1211 2152; x_wconf 84' lang='lat' dir='ltr'><strong>et</strong></span> <span class='ocrx_word' id='word_1_77' title='bbox 1230 2081 1267 2151; x_wconf 84' lang='lat' dir='ltr'><strong>io</strong></span> <span class='ocrx_word' id='word_1_78' title='bbox 1291 2099 1316 2150; x_wconf 86' lang='lat' dir='ltr'><strong>o</strong></span> <span class='ocrx_word' id='word_1_79' title='bbox 1341 2080 1398 2170; x_wconf 73' lang='lat' dir='ltr'><strong>ot,</strong></span> <span class='ocrx_word' id='word_1_80' title='bbox 1415 2078 1503 2172; x_wconf 84' lang='lat' dir='ltr'><strong>quia</strong></span> <span class='ocrx_word' id='word_1_81' title='bbox 1528 2098 1602 2153; x_wconf 90' lang='lat' dir='ltr'><strong>non</strong></span> <span class='ocrx_word' id='word_1_82' title='bbox 1627 2079 1695 2154; x_wconf 86' lang='lat' dir='ltr'><strong>nisi</strong></span> <span class='ocrx_word' id='word_1_83' title='bbox 1721 2081 1905 2157; x_wconf 79' lang='lat' dir='ltr'><strong>mediante</strong></span> 
     </span>
     <span class='ocr_line' id='line_1_11' title="bbox 731 2197 1903 2296; baseline 0.003 -24"><span class='ocrx_word' id='word_1_84' title='bbox 731 2215 776 2272; x_wconf 88' lang='lat' dir='ltr'><strong>ca</strong></span> <span class='ocrx_word' id='word_1_85' title='bbox 801 2201 946 2292; x_wconf 86' lang='lat' dir='ltr'><strong>poterat</strong></span> <span class='ocrx_word' id='word_1_86' title='bbox 970 2197 1096 2272; x_wconf 88' lang='lat' dir='ltr'><strong>videre</strong></span> <span class='ocrx_word' id='word_1_87' title='bbox 1121 2197 1294 2273; x_wconf 86' lang='lat' dir='ltr'><strong>coelestia.</strong></span> <span class='ocrx_word' id='word_1_88' title='bbox 1313 2199 1357 2270; x_wconf 84' lang='lat' dir='ltr'><strong>Et</strong></span> <span class='ocrx_word' id='word_1_89' title='bbox 1373 2197 1495 2273; x_wconf 82' lang='lat' dir='ltr'><strong>subdit</strong></span> <span class='ocrx_word' id='word_1_90' title='bbox 1511 2200 1677 2274; x_wconf 83' lang='lat' dir='ltr'><strong>velocem</strong></span> <span class='ocrx_word' id='word_1_91' title='bbox 1695 2201 1903 2296; x_wconf 79' lang='lat' dir='ltr'><strong>ingressum</strong></span> 
     </span>
     <span class='ocr_line' id='line_1_12' title="bbox 731 2317 1904 2414; baseline 0.004 -25"><span class='ocrx_word' id='word_1_92' title='bbox 731 2338 797 2413; x_wconf 89' lang='lat' dir='ltr'><strong>per</strong></span> <span class='ocrx_word' id='word_1_93' title='bbox 833 2337 944 2392; x_wconf 89' lang='lat' dir='ltr'><strong>unam</strong></span> <span class='ocrx_word' id='word_1_94' title='bbox 974 2317 1287 2414; x_wconf 74' lang='lat' dir='ltr'><strong>comparationem</strong></span> <span class='ocrx_word' id='word_1_95' title='bbox 1325 2319 1479 2413; x_wconf 88' lang='lat' dir='ltr'><strong>claram,</strong></span> <span class='ocrx_word' id='word_1_96' title='bbox 1509 2317 1657 2394; x_wconf 87' lang='lat' dir='ltr'><strong>dicens:</strong></span> <span class='ocrx_word' id='word_1_97' title='bbox 1690 2342 1709 2393; x_wconf 88' lang='lat' dir='ltr'><strong>e</strong></span> <span class='ocrx_word' id='word_1_98' title='bbox 1738 2325 1838 2414; x_wconf 75' lang='lat' dir='ltr'><strong>forse</strong></span> <span class='ocrx_word' id='word_1_99' title='bbox 1865 2324 1904 2394; x_wconf 81' lang='lat' dir='ltr'><strong>in</strong></span> 
     </span>
     <span class='ocr_line' id='line_1_13' title="bbox 732 2438 1905 2536; baseline 0.003 -26"><span class='ocrx_word' id='word_1_100' title='bbox 732 2444 841 2531; x_wconf 76' lang='lat' dir='ltr'><strong>tomo,</strong></span> <span class='ocrx_word' id='word_1_101' title='bbox 873 2440 911 2510; x_wconf 85' lang='lat' dir='ltr'><strong>io</strong></span> <span class='ocrx_word' id='word_1_102' title='bbox 940 2444 1070 2531; x_wconf 80' lang='lat' dir='ltr'><strong>quanto</strong></span> <span class='ocrx_word' id='word_1_103' title='bbox 1094 2459 1143 2513; x_wconf 84' lang='lat' dir='ltr'><strong>uo</strong></span> <span class='ocrx_word' id='word_1_104' title='bbox 1168 2440 1319 2530; x_wconf 68' lang='lat' dir='ltr'><strong>mudrel</strong></span> <span class='ocrx_word' id='word_1_105' title='bbox 1339 2458 1446 2532; x_wconf 75' lang='lat' dir='ltr'><strong>poso,</strong></span> <span class='ocrx_word' id='word_1_106' title='bbox 1476 2438 1623 2534; x_wconf 77' lang='lat' dir='ltr'><strong>scilicet,</strong></span> <span class='ocrx_word' id='word_1_107' title='bbox 1649 2439 1687 2514; x_wconf 93' lang='lat' dir='ltr'><strong>in</strong></span> <span class='ocrx_word' id='word_1_108' title='bbox 1721 2440 1860 2536; x_wconf 82' lang='lat' dir='ltr'><strong>balista,</strong></span> <span class='ocrx_word' id='word_1_109' title='bbox 1885 2462 1905 2514; x_wconf 86' lang='lat' dir='ltr'><strong>c</strong></span> 
     </span>
     <span class='ocr_line' id='line_1_14' title="bbox 731 2551 1902 2655; baseline 0.005 -25"><span class='ocrx_word' id='word_1_110' title='bbox 731 2561 814 2633; x_wconf 86' lang='lat' dir='ltr'><strong>colo</strong></span> <span class='ocrx_word' id='word_1_111' title='bbox 833 2580 852 2632; x_wconf 87' lang='lat' dir='ltr'><strong>e</strong></span> <span class='ocrx_word' id='word_1_112' title='bbox 870 2561 902 2632; x_wconf 78' lang='lat' dir='ltr'><strong>si</strong></span> <span class='ocrx_word' id='word_1_113' title='bbox 920 2561 1100 2632; x_wconf 71' lang='lat' dir='ltr'><strong>ductione</strong></span> <span class='ocrx_word' id='word_1_114' title='bbox 1116 2561 1209 2633; x_wconf 84' lang='lat' dir='ltr'><strong>dello</strong></span> <span class='ocrx_word' id='word_1_115' title='bbox 1233 2579 1330 2653; x_wconf 85' lang='lat' dir='ltr'><strong>noce,</strong></span> <span class='ocrx_word' id='word_1_116' title='bbox 1354 2564 1392 2633; x_wconf 88' lang='lat' dir='ltr'><strong>et</strong></span> <span class='ocrx_word' id='word_1_117' title='bbox 1410 2566 1465 2634; x_wconf 79' lang='lat' dir='ltr'><strong>eet</strong></span> <span class='ocrx_word' id='word_1_118' title='bbox 1485 2559 1544 2634; x_wconf 87' lang='lat' dir='ltr'><strong>hic</strong></span> <span class='ocrx_word' id='word_1_119' title='bbox 1559 2551 1596 2652; x_wconf 81' lang='lat'><strong>(¹)</strong></span> <span class='ocrx_word' id='word_1_120' title='bbox 1615 2560 1902 2655; x_wconf 75' lang='lat' dir='ltr'><strong>praeposteratio,</strong></span> 
     </span>
     <span class='ocr_line' id='line_1_15' title="bbox 732 2679 1903 2776; baseline 0.003 -24"><span class='ocrx_word' id='word_1_121' title='bbox 732 2679 818 2774; x_wconf 86' lang='lat' dir='ltr'><strong>quia</strong></span> <span class='ocrx_word' id='word_1_122' title='bbox 848 2679 987 2775; x_wconf 82' lang='lat' dir='ltr'><strong>sagipta</strong></span> <span class='ocrx_word' id='word_1_123' title='bbox 1012 2679 1131 2776; x_wconf 84' lang='lat' dir='ltr'><strong>primo</strong></span> <span class='ocrx_word' id='word_1_124' title='bbox 1156 2679 1390 2772; x_wconf 84' lang='lat' dir='ltr'><strong>disolavatur,</strong></span> <span class='ocrx_word' id='word_1_125' title='bbox 1414 2685 1453 2754; x_wconf 91' lang='lat' dir='ltr'><strong>et</strong></span> <span class='ocrx_word' id='word_1_126' title='bbox 1483 2684 1610 2774; x_wconf 83' lang='lat' dir='ltr'><strong>postea</strong></span> <span class='ocrx_word' id='word_1_127' title='bbox 1643 2681 1754 2774; x_wconf 82' lang='lat' dir='ltr'><strong>volat,</strong></span> <span class='ocrx_word' id='word_1_128' title='bbox 1784 2683 1903 2754; x_wconf 82' lang='lat' dir='ltr'><strong>otdimi</strong></span> 
     </span>
     <span class='ocr_line' id='line_1_16' title="bbox 729 2799 1902 2894; baseline 0 -20"><span class='ocrx_word' id='word_1_129' title='bbox 729 2803 863 2894; x_wconf 67' lang='lat' dir='ltr'><strong>mcum,</strong></span> <span class='ocrx_word' id='word_1_130' title='bbox 891 2799 1037 2893; x_wconf 87' lang='lat' dir='ltr'><strong>seilicet,</strong></span> <span class='ocrx_word' id='word_1_131' title='bbox 1063 2799 1110 2873; x_wconf 92' lang='lat' dir='ltr'><strong>ad</strong></span> <span class='ocrx_word' id='word_1_132' title='bbox 1135 2800 1270 2893; x_wconf 86' lang='lat' dir='ltr'><strong>locum,</strong></span> <span class='ocrx_word' id='word_1_133' title='bbox 1296 2821 1360 2872; x_wconf 81' lang='lat' dir='ltr'><strong>ooo</strong></span> <span class='ocrx_word' id='word_1_134' title='bbox 1376 2800 1518 2886; x_wconf 67' lang='lat' dir='ltr'><strong>moniti</strong></span> <span class='ocrx_word' id='word_1_135' title='bbox 1535 2821 1631 2892; x_wconf 83' lang='lat' dir='ltr'><strong>coro,</strong></span> <span class='ocrx_word' id='word_1_136' title='bbox 1654 2800 1800 2894; x_wconf 87' lang='lat' dir='ltr'><strong>scilicet,</strong></span> <span class='ocrx_word' id='word_1_137' title='bbox 1818 2820 1902 2876; x_wconf 94' lang='lat' dir='ltr'><strong>cor·</strong></span> 
     </span>
     <span class='ocr_line' id='line_1_17' title="bbox 728 2917 1899 3018; baseline -0.003 -22"><span class='ocrx_word' id='word_1_138' title='bbox 728 2942 799 3018; x_wconf 82' lang='lat' dir='ltr'><strong>pus</strong></span> <span class='ocrx_word' id='word_1_139' title='bbox 823 2921 932 3013; x_wconf 64' lang='lat' dir='ltr'><strong>lunae,</strong></span> <span class='ocrx_word' id='word_1_140' title='bbox 958 2924 1006 2994; x_wconf 83' lang='lat' dir='ltr'><strong>mi</strong></span> <span class='ocrx_word' id='word_1_141' title='bbox 1030 2927 1122 2994; x_wconf 83' lang='lat' dir='ltr'><strong>torsc</strong></span> <span class='ocrx_word' id='word_1_142' title='bbox 1145 2921 1173 2993; x_wconf 85' lang='lat' dir='ltr'><strong>tt</strong></span> <span class='ocrx_word' id='word_1_143' title='bbox 1197 2922 1284 3014; x_wconf 79' lang='lat' dir='ltr'><strong>tiro,</strong></span> <span class='ocrx_word' id='word_1_144' title='bbox 1312 2919 1459 3015; x_wconf 80' lang='lat' dir='ltr'><strong>scilicet,</strong></span> <span class='ocrx_word' id='word_1_145' title='bbox 1486 2920 1781 3015; x_wconf 84' lang='lat' dir='ltr'><strong>intellectualem,</strong></span> <span class='ocrx_word' id='word_1_146' title='bbox 1803 2942 1827 2993; x_wconf 86' lang='lat' dir='ltr'><strong>u</strong></span> <span class='ocrx_word' id='word_1_147' title='bbox 1851 2917 1899 2995; x_wconf 76' lang='lat' dir='ltr'><strong>sd.</strong></span> 
     </span>
     <span class='ocr_line' id='line_1_18' title="bbox 727 3031 1901 3137; baseline 0.002 -21"><span class='ocrx_word' id='word_1_148' title='bbox 727 3041 772 3116; x_wconf 86' lang='lat' dir='ltr'><strong>Et</strong></span> <span class='ocrx_word' id='word_1_149' title='bbox 797 3041 854 3116; x_wconf 92' lang='lat' dir='ltr'><strong>hic</strong></span> <span class='ocrx_word' id='word_1_150' title='bbox 880 3049 967 3116; x_wconf 88' lang='lat' dir='ltr'><strong>nota</strong></span> <span class='ocrx_word' id='word_1_151' title='bbox 984 3040 1084 3135; x_wconf 91' lang='lat' dir='ltr'><strong>quod</strong></span> <span class='ocrx_word' id='word_1_152' title='bbox 1096 3031 1134 3132; x_wconf 79' lang='lat'><strong>(²)</strong></span> <span class='ocrx_word' id='word_1_153' title='bbox 1154 3059 1243 3116; x_wconf 89' lang='lat' dir='ltr'><strong>vere</strong></span> <span class='ocrx_word' id='word_1_154' title='bbox 1259 3041 1347 3115; x_wconf 89' lang='lat' dir='ltr'><strong>luna</strong></span> <span class='ocrx_word' id='word_1_155' title='bbox 1363 3046 1420 3116; x_wconf 78' lang='lat' dir='ltr'><strong>ert</strong></span> <span class='ocrx_word' id='word_1_156' title='bbox 1436 3039 1603 3116; x_wconf 88' lang='lat' dir='ltr'><strong>miranda</strong></span> <span class='ocrx_word' id='word_1_157' title='bbox 1623 3061 1695 3134; x_wconf 82' lang='lat' dir='ltr'><strong>res,</strong></span> <span class='ocrx_word' id='word_1_158' title='bbox 1715 3043 1802 3136; x_wconf 91' lang='lat' dir='ltr'><strong>quia</strong></span> <span class='ocrx_word' id='word_1_159' title='bbox 1820 3043 1901 3137; x_wconf 84' lang='lat' dir='ltr'><strong>plus</strong></span> 
     </span>
     <span class='ocr_line' id='line_1_19' title="bbox 729 3160 1900 3256; baseline 0.001 -20"><span class='ocrx_word' id='word_1_160' title='bbox 729 3161 894 3236; x_wconf 86' lang='lat' dir='ltr'><strong>variatur</strong></span> <span class='ocrx_word' id='word_1_161' title='bbox 919 3181 1030 3256; x_wconf 87' lang='lat' dir='ltr'><strong>quam</strong></span> <span class='ocrx_word' id='word_1_162' title='bbox 1057 3160 1155 3235; x_wconf 90' lang='lat' dir='ltr'><strong>aliud</strong></span> <span class='ocrx_word' id='word_1_163' title='bbox 1180 3181 1316 3255; x_wconf 85' lang='lat' dir='ltr'><strong>corpus</strong></span> <span class='ocrx_word' id='word_1_164' title='bbox 1344 3162 1506 3255; x_wconf 78' lang='lat' dir='ltr'><strong>coeleote,</strong></span> <span class='ocrx_word' id='word_1_165' title='bbox 1531 3181 1632 3235; x_wconf 86' lang='lat' dir='ltr'><strong>nnnc</strong></span> <span class='ocrx_word' id='word_1_166' title='bbox 1655 3161 1775 3255; x_wconf 85' lang='lat' dir='ltr'><strong>plena,</strong></span> <span class='ocrx_word' id='word_1_167' title='bbox 1801 3181 1900 3237; x_wconf 90' lang='lat' dir='ltr'><strong>nunc</strong></span> 
     </span>
     <span class='ocr_line' id='line_1_20' title="bbox 729 3279 1900 3376; baseline 0 -20"><span class='ocrx_word' id='word_1_168' title='bbox 729 3303 858 3376; x_wconf 88' lang='lat' dir='ltr'><strong>vacua,</strong></span> <span class='ocrx_word' id='word_1_169' title='bbox 885 3302 982 3355; x_wconf 92' lang='lat' dir='ltr'><strong>nunc</strong></span> <span class='ocrx_word' id='word_1_170' title='bbox 1007 3279 1138 3372; x_wconf 88' lang='lat' dir='ltr'><strong>media,</strong></span> <span class='ocrx_word' id='word_1_171' title='bbox 1164 3301 1263 3354; x_wconf 93' lang='lat' dir='ltr'><strong>nunc</strong></span> <span class='ocrx_word' id='word_1_172' title='bbox 1288 3288 1456 3374; x_wconf 85' lang='lat' dir='ltr'><strong>cornuta,</strong></span> <span class='ocrx_word' id='word_1_173' title='bbox 1474 3285 1512 3356; x_wconf 92' lang='lat' dir='ltr'><strong>et</strong></span> <span class='ocrx_word' id='word_1_174' title='bbox 1533 3281 1614 3375; x_wconf 83' lang='lat' dir='ltr'><strong>plus</strong></span> <span class='ocrx_word' id='word_1_175' title='bbox 1635 3288 1759 3356; x_wconf 77' lang='lat' dir='ltr'><strong>movet</strong></span> <span class='ocrx_word' id='word_1_176' title='bbox 1779 3288 1817 3357; x_wconf 88' lang='lat' dir='ltr'><strong>et</strong></span> <span class='ocrx_word' id='word_1_177' title='bbox 1834 3302 1900 3357; x_wconf 85' lang='lat' dir='ltr'><strong>va-</strong></span> 
     </span>
     <span class='ocr_line' id='line_1_21' title="bbox 727 3399 1899 3476; baseline -0.001 -1"><span class='ocrx_word' id='word_1_178' title='bbox 727 3401 799 3476; x_wconf 90' lang='lat' dir='ltr'><strong>riat</strong></span> <span class='ocrx_word' id='word_1_179' title='bbox 822 3401 889 3476; x_wconf 89' lang='lat' dir='ltr'><strong>ista</strong></span> <span class='ocrx_word' id='word_1_180' title='bbox 914 3400 1086 3476; x_wconf 89' lang='lat' dir='ltr'><strong>interiora</strong></span> <span class='ocrx_word' id='word_1_181' title='bbox 1113 3399 1255 3474; x_wconf 91' lang='lat' dir='ltr'><strong>ratione</strong></span> <span class='ocrx_word' id='word_1_182' title='bbox 1280 3399 1481 3476; x_wconf 85' lang='lat' dir='ltr'><strong>velocitatis</strong></span> <span class='ocrx_word' id='word_1_183' title='bbox 1497 3406 1534 3475; x_wconf 87' lang='lat' dir='ltr'><strong>et</strong></span> <span class='ocrx_word' id='word_1_184' title='bbox 1551 3400 1742 3476; x_wconf 87' lang='lat' dir='ltr'><strong>vicinitatis</strong></span> <span class='ocrx_word' id='word_1_185' title='bbox 1759 3401 1805 3475; x_wconf 93' lang='lat' dir='ltr'><strong>ad</strong></span> <span class='ocrx_word' id='word_1_186' title='bbox 1823 3408 1899 3476; x_wconf 86' lang='lat' dir='ltr'><strong>ter-</strong></span> 
     </span>
     <span class='ocr_line' id='line_1_22' title="bbox 727 3512 1899 3618; baseline 0 -22"><span class='ocrx_word' id='word_1_187' title='bbox 727 3543 827 3616; x_wconf 80' lang='lat' dir='ltr'><strong>ram3</strong></span> <span class='ocrx_word' id='word_1_188' title='bbox 853 3522 952 3598; x_wconf 91' lang='lat' dir='ltr'><strong>unde</strong></span> <span class='ocrx_word' id='word_1_189' title='bbox 972 3527 1206 3618; x_wconf 73' lang='lat' dir='ltr'><strong>congregatae</strong></span> <span class='ocrx_word' id='word_1_190' title='bbox 1225 3528 1311 3596; x_wconf 92' lang='lat' dir='ltr'><strong>sunt</strong></span> <span class='ocrx_word' id='word_1_191' title='bbox 1328 3521 1365 3594; x_wconf 94' lang='lat' dir='ltr'><strong>in</strong></span> <span class='ocrx_word' id='word_1_192' title='bbox 1382 3541 1427 3596; x_wconf 86' lang='lat' dir='ltr'><strong>ea</strong></span> <span class='ocrx_word' id='word_1_193' title='bbox 1443 3541 1574 3596; x_wconf 79' lang='lat' dir='ltr'><strong>omnes</strong></span> <span class='ocrx_word' id='word_1_194' title='bbox 1594 3520 1749 3596; x_wconf 87' lang='lat' dir='ltr'><strong>virtutes</strong></span> <span class='ocrx_word' id='word_1_195' title='bbox 1763 3512 1801 3614; x_wconf 81' lang='lat'><strong>(³)</strong></span> <span class='ocrx_word' id='word_1_196' title='bbox 1817 3542 1899 3596; x_wconf 93' lang='lat' dir='ltr'><strong>mo·</strong></span> 
     </span>
     <span class='ocr_line' id='line_1_23' title="bbox 725 3640 1899 3738; baseline -0.003 -19"><span class='ocrx_word' id='word_1_197' title='bbox 725 3643 889 3719; x_wconf 76' lang='lat' dir='ltr'><strong>rentium</strong></span> <span class='ocrx_word' id='word_1_198' title='bbox 923 3641 1168 3738; x_wconf 86' lang='lat' dir='ltr'><strong>superiorum.</strong></span> <span class='ocrx_word' id='word_1_199' title='bbox 1198 3640 1285 3716; x_wconf 90' lang='lat' dir='ltr'><strong>ldeo</strong></span> <span class='ocrx_word' id='word_1_200' title='bbox 1316 3649 1442 3716; x_wconf 85' lang='lat' dir='ltr'><strong>movet</strong></span> <span class='ocrx_word' id='word_1_201' title='bbox 1466 3661 1572 3717; x_wconf 87' lang='lat' dir='ltr'><strong>mare</strong></span> <span class='ocrx_word' id='word_1_202' title='bbox 1601 3661 1649 3716; x_wconf 84' lang='lat' dir='ltr'><strong>ex</strong></span> <span class='ocrx_word' id='word_1_203' title='bbox 1678 3643 1899 3736; x_wconf 71' lang='lat' dir='ltr'><strong>seipsae</strong></span> 
     </span>
     <span class='ocr_line' id='line_1_24' title="bbox 726 3761 1900 3858; baseline -0.003 -19"><span class='ocrx_word' id='word_1_204' title='bbox 726 3763 862 3839; x_wconf 86' lang='lat' dir='ltr'><strong>virtute</strong></span> <span class='ocrx_word' id='word_1_205' title='bbox 886 3763 1034 3838; x_wconf 90' lang='lat' dir='ltr'><strong>luminis</strong></span> <span class='ocrx_word' id='word_1_206' title='bbox 1060 3762 1159 3858; x_wconf 90' lang='lat' dir='ltr'><strong>quod</strong></span> <span class='ocrx_word' id='word_1_207' title='bbox 1184 3767 1379 3836; x_wconf 88' lang='lat' dir='ltr'><strong>mutuatur</strong></span> <span class='ocrx_word' id='word_1_208' title='bbox 1403 3783 1426 3838; x_wconf 89' lang='lat' dir='ltr'><strong>a</strong></span> <span class='ocrx_word' id='word_1_209' title='bbox 1451 3762 1539 3855; x_wconf 84' lang='lat' dir='ltr'><strong>sole,</strong></span> <span class='ocrx_word' id='word_1_210' title='bbox 1565 3761 1666 3855; x_wconf 84' lang='lat' dir='ltr'><strong>quod</strong></span> <span class='ocrx_word' id='word_1_211' title='bbox 1691 3762 1818 3837; x_wconf 92' lang='lat' dir='ltr'><strong>lumen</strong></span> <span class='ocrx_word' id='word_1_212' title='bbox 1843 3767 1900 3837; x_wconf 82' lang='lat' dir='ltr'><strong>est</strong></span> 
     </span>
     <span class='ocr_line' id='line_1_25' title="bbox 725 3883 1898 3981; baseline -0.002 -23"><span class='ocrx_word' id='word_1_213' title='bbox 725 3891 970 3981; x_wconf 85' lang='lat' dir='ltr'><strong>temperatum</strong></span> <span class='ocrx_word' id='word_1_214' title='bbox 996 3883 1115 3978; x_wconf 86' lang='lat' dir='ltr'><strong>inea,</strong></span> <span class='ocrx_word' id='word_1_215' title='bbox 1142 3903 1229 3958; x_wconf 92' lang='lat' dir='ltr'><strong>cum</strong></span> <span class='ocrx_word' id='word_1_216' title='bbox 1256 3884 1293 3957; x_wconf 93' lang='lat' dir='ltr'><strong>in</strong></span> <span class='ocrx_word' id='word_1_217' title='bbox 1318 3883 1395 3957; x_wconf 88' lang='lat' dir='ltr'><strong>sole</strong></span> <span class='ocrx_word' id='word_1_218' title='bbox 1419 3883 1466 3956; x_wconf 89' lang='lat' dir='ltr'><strong>sit</strong></span> <span class='ocrx_word' id='word_1_219' title='bbox 1487 3883 1695 3977; x_wconf 89' lang='lat' dir='ltr'><strong>aliqualiter</strong></span> <span class='ocrx_word' id='word_1_220' title='bbox 1717 3883 1898 3978; x_wconf 83' lang='lat' dir='ltr'><strong>intempe-</strong></span> 
     </span>
     <span class='ocr_line' id='line_1_26' title="bbox 725 4001 1897 4100; baseline -0.003 -21"><span class='ocrx_word' id='word_1_221' title='bbox 725 4012 859 4081; x_wconf 90' lang='lat' dir='ltr'><strong>ratum.</strong></span> <span class='ocrx_word' id='word_1_222' title='bbox 885 4005 947 4079; x_wconf 83' lang='lat' dir='ltr'><strong>Est</strong></span> <span class='ocrx_word' id='word_1_223' title='bbox 971 4003 1070 4079; x_wconf 90' lang='lat' dir='ltr'><strong>enim</strong></span> <span class='ocrx_word' id='word_1_224' title='bbox 1095 4003 1340 4079; x_wconf 84' lang='lat' dir='ltr'><strong>exiccativum</strong></span> <span class='ocrx_word' id='word_1_225' title='bbox 1369 4001 1519 4097; x_wconf 83' lang='lat' dir='ltr'><strong>humidi,</strong></span> <span class='ocrx_word' id='word_1_226' title='bbox 1537 4009 1575 4078; x_wconf 91' lang='lat' dir='ltr'><strong>et</strong></span> <span class='ocrx_word' id='word_1_227' title='bbox 1598 4004 1835 4100; x_wconf 83' lang='lat' dir='ltr'><strong>coniungitur</strong></span> <span class='ocrx_word' id='word_1_228' title='bbox 1859 4002 1897 4076; x_wconf 90' lang='lat' dir='ltr'><strong>in</strong></span> 
     </span>
     <span class='ocr_line' id='line_1_27' title="bbox 723 4123 1897 4222; baseline -0.004 -20"><span class='ocrx_word' id='word_1_229' title='bbox 723 4129 821 4202; x_wconf 84' lang='lat' dir='ltr'><strong>lnnae</strong></span> <span class='ocrx_word' id='word_1_230' title='bbox 843 4126 972 4222; x_wconf 79' lang='lat' dir='ltr'><strong>frigido</strong></span> <span class='ocrx_word' id='word_1_231' title='bbox 991 4131 1195 4220; x_wconf 89' lang='lat' dir='ltr'><strong>temperato</strong></span> <span class='ocrx_word' id='word_1_232' title='bbox 1212 4130 1250 4199; x_wconf 93' lang='lat' dir='ltr'><strong>et</strong></span> <span class='ocrx_word' id='word_1_233' title='bbox 1266 4123 1435 4199; x_wconf 84' lang='lat' dir='ltr'><strong>humido:</strong></span> <span class='ocrx_word' id='word_1_234' title='bbox 1452 4124 1535 4200; x_wconf 90' lang='lat' dir='ltr'><strong>ideo</strong></span> <span class='ocrx_word' id='word_1_235' title='bbox 1552 4125 1634 4220; x_wconf 88' lang='lat' dir='ltr'><strong>plus</strong></span> <span class='ocrx_word' id='word_1_236' title='bbox 1651 4125 1769 4199; x_wconf 89' lang='lat' dir='ltr'><strong>intluit</strong></span> <span class='ocrx_word' id='word_1_237' title='bbox 1785 4143 1897 4219; x_wconf 82' lang='lat' dir='ltr'><strong>super</strong></span> 
     </span>
     <span class='ocr_line' id='line_1_28' title="bbox 722 4244 1897 4341; baseline -0.003 -19"><span class='ocrx_word' id='word_1_238' title='bbox 722 4248 896 4324; x_wconf 86' lang='lat' dir='ltr'><strong>interiora</strong></span> <span class='ocrx_word' id='word_1_239' title='bbox 922 4266 1034 4341; x_wconf 89' lang='lat' dir='ltr'><strong>quam</strong></span> <span class='ocrx_word' id='word_1_240' title='bbox 1059 4245 1184 4340; x_wconf 86' lang='lat' dir='ltr'><strong>aliqua</strong></span> <span class='ocrx_word' id='word_1_241' title='bbox 1210 4245 1329 4319; x_wconf 85' lang='lat' dir='ltr'><strong>virtus</strong></span> <span class='ocrx_word' id='word_1_242' title='bbox 1347 4244 1518 4338; x_wconf 85' lang='lat' dir='ltr'><strong>coelestis,</strong></span> <span class='ocrx_word' id='word_1_243' title='bbox 1536 4244 1623 4338; x_wconf 87' lang='lat' dir='ltr'><strong>quia</strong></span> <span class='ocrx_word' id='word_1_244' title='bbox 1642 4245 1812 4320; x_wconf 86' lang='lat' dir='ltr'><strong>celeriter</strong></span> <span class='ocrx_word' id='word_1_245' title='bbox 1831 4263 1897 4338; x_wconf 88' lang='lat' dir='ltr'><strong>ap-</strong></span> 
     </span>
     <span class='ocr_line' id='line_1_29' title="bbox 722 4363 1896 4466; baseline -0.003 -23"><span class='ocrx_word' id='word_1_246' title='bbox 722 4368 832 4466; x_wconf 84' lang='lat' dir='ltr'><strong>plicat</strong></span> <span class='ocrx_word' id='word_1_247' title='bbox 848 4388 888 4443; x_wconf 89' lang='lat' dir='ltr'><strong>se</strong></span> <span class='ocrx_word' id='word_1_248' title='bbox 908 4366 1080 4442; x_wconf 87' lang='lat' dir='ltr'><strong>omnibns</strong></span> <span class='ocrx_word' id='word_1_249' title='bbox 1096 4366 1219 4441; x_wconf 87' lang='lat' dir='ltr'><strong>stellis.</strong></span> <span class='ocrx_word' id='word_1_250' title='bbox 1238 4364 1322 4441; x_wconf 90' lang='lat' dir='ltr'><strong>ldeo</strong></span> <span class='ocrx_word' id='word_1_251' title='bbox 1339 4366 1434 4440; x_wconf 89' lang='lat' dir='ltr'><strong>bene</strong></span> <span class='ocrx_word' id='word_1_252' title='bbox 1450 4364 1540 4438; x_wconf 84' lang='lat' dir='ltr'><strong>dixit</strong></span> <span class='ocrx_word' id='word_1_253' title='bbox 1555 4364 1778 4459; x_wconf 78' lang='lat' dir='ltr'><strong>Aristoteles,</strong></span> <span class='ocrx_word' id='word_1_254' title='bbox 1796 4363 1896 4459; x_wconf 91' lang='lat' dir='ltr'><strong>quod</strong></span> 
     </span>
     <span class='ocr_line' id='line_1_30' title="bbox 723 4484 1896 4581; baseline -0.004 -16"><span class='ocrx_word' id='word_1_255' title='bbox 723 4491 810 4565; x_wconf 93' lang='lat' dir='ltr'><strong>luna</strong></span> <span class='ocrx_word' id='word_1_256' title='bbox 836 4487 921 4562; x_wconf 88' lang='lat' dir='ltr'><strong>iacit</strong></span> <span class='ocrx_word' id='word_1_257' title='bbox 945 4487 983 4561; x_wconf 90' lang='lat' dir='ltr'><strong>in</strong></span> <span class='ocrx_word' id='word_1_258' title='bbox 1008 4507 1136 4562; x_wconf 86' lang='lat' dir='ltr'><strong>mense</strong></span> <span class='ocrx_word' id='word_1_259' title='bbox 1161 4486 1260 4581; x_wconf 88' lang='lat' dir='ltr'><strong>quod</strong></span> <span class='ocrx_word' id='word_1_260' title='bbox 1284 4487 1339 4560; x_wconf 91' lang='lat' dir='ltr'><strong>sol</strong></span> <span class='ocrx_word' id='word_1_261' title='bbox 1364 4484 1449 4561; x_wconf 89' lang='lat' dir='ltr'><strong>lacit</strong></span> <span class='ocrx_word' id='word_1_262' title='bbox 1472 4484 1510 4558; x_wconf 93' lang='lat' dir='ltr'><strong>in</strong></span> <span class='ocrx_word' id='word_1_263' title='bbox 1534 4504 1650 4578; x_wconf 82' lang='lat' dir='ltr'><strong>ann03</strong></span> <span class='ocrx_word' id='word_1_264' title='bbox 1672 4505 1790 4579; x_wconf 88' lang='lat' dir='ltr'><strong>quare</strong></span> <span class='ocrx_word' id='word_1_265' title='bbox 1815 4505 1896 4560; x_wconf 92' lang='lat' dir='ltr'><strong>me·</strong></span> 
     </span>
     <span class='ocr_line' id='line_1_31' title="bbox 722 4603 1896 4703; baseline -0.002 -20"><span class='ocrx_word' id='word_1_266' title='bbox 722 4608 792 4684; x_wconf 87' lang='lat' dir='ltr'><strong>dici</strong></span> <span class='ocrx_word' id='word_1_267' title='bbox 818 4607 856 4682; x_wconf 91' lang='lat' dir='ltr'><strong>in</strong></span> <span class='ocrx_word' id='word_1_268' title='bbox 876 4607 1051 4701; x_wconf 90' lang='lat' dir='ltr'><strong>curando,</strong></span> <span class='ocrx_word' id='word_1_269' title='bbox 1069 4607 1240 4703; x_wconf 80' lang='lat' dir='ltr'><strong>agricolae</strong></span> <span class='ocrx_word' id='word_1_270' title='bbox 1256 4606 1294 4680; x_wconf 91' lang='lat' dir='ltr'><strong>in</strong></span> <span class='ocrx_word' id='word_1_271' title='bbox 1312 4605 1477 4699; x_wconf 86' lang='lat' dir='ltr'><strong>colendo,</strong></span> <span class='ocrx_word' id='word_1_272' title='bbox 1494 4609 1618 4680; x_wconf 86' lang='lat' dir='ltr'><strong>nautae</strong></span> <span class='ocrx_word' id='word_1_273' title='bbox 1634 4605 1671 4680; x_wconf 91' lang='lat' dir='ltr'><strong>in</strong></span> <span class='ocrx_word' id='word_1_274' title='bbox 1690 4603 1896 4702; x_wconf 83' lang='lat' dir='ltr'><strong>navigando</strong></span> 
     </span>
    </p>
   </div>
   <div class='ocr_carea' id='block_1_3' title="bbox 724 4723 1896 4942">
    <p class='ocr_par' dir='ltr' id='par_1_3' title="bbox 724 4723 1896 4942">
     <span class='ocr_line' id='line_1_32' title="bbox 724 4723 1896 4822; baseline -0.003 -20"><span class='ocrx_word' id='word_1_275' title='bbox 724 4734 931 4822; x_wconf 87' lang='lat' dir='ltr'><strong>sequuntur</strong></span> <span class='ocrx_word' id='word_1_276' title='bbox 956 4734 1100 4802; x_wconf 92' lang='lat' dir='ltr'><strong>motum</strong></span> <span class='ocrx_word' id='word_1_277' title='bbox 1122 4728 1231 4821; x_wconf 70' lang='lat' dir='ltr'><strong>lune,</strong></span> <span class='ocrx_word' id='word_1_278' title='bbox 1249 4745 1334 4821; x_wconf 77' lang='lat' dir='ltr'><strong>que</strong></span> <span class='ocrx_word' id='word_1_279' title='bbox 1360 4731 1509 4820; x_wconf 87' lang='lat' dir='ltr'><strong>propter</strong></span> <span class='ocrx_word' id='word_1_280' title='bbox 1532 4745 1638 4800; x_wconf 87' lang='lat' dir='ltr'><strong>suam</strong></span> <span class='ocrx_word' id='word_1_281' title='bbox 1659 4723 1896 4799; x_wconf 82' lang='lat' dir='ltr'><strong>materialita-</strong></span> 
     </span>
     <span class='ocr_line' id='line_1_33' title="bbox 724 4843 1895 4942; baseline -0.005 -18"><span class='ocrx_word' id='word_1_282' title='bbox 724 4855 799 4924; x_wconf 87' lang='lat' dir='ltr'><strong>tem</strong></span> <span class='ocrx_word' id='word_1_283' title='bbox 818 4856 918 4925; x_wconf 86' lang='lat' dir='ltr'><strong>tenet</strong></span> <span class='ocrx_word' id='word_1_284' title='bbox 932 4849 1094 4942; x_wconf 90' lang='lat' dir='ltr'><strong>aliquam</strong></span> <span class='ocrx_word' id='word_1_285' title='bbox 1119 4846 1383 4922; x_wconf 86' lang='lat' dir='ltr'><strong>obscuritatem</strong></span> <span class='ocrx_word' id='word_1_286' title='bbox 1410 4844 1521 4919; x_wconf 89' lang='lat' dir='ltr'><strong>etiam</strong></span> <span class='ocrx_word' id='word_1_287' title='bbox 1540 4854 1733 4939; x_wconf 89' lang='lat' dir='ltr'><strong>postquam</strong></span> <span class='ocrx_word' id='word_1_288' title='bbox 1759 4843 1895 4919; x_wconf 88' lang='lat' dir='ltr'><strong>illumi-</strong></span> 
     </span>
    </p>
   </div>
   <div class='ocr_carea' id='block_1_4' title="bbox 786 5031 1566 5174">
    <p class='ocr_par' dir='ltr' id='par_1_4' title="bbox 786 5031 1566 5174">
     <span class='ocr_line' id='line_1_34' title="bbox 786 5031 1566 5096; baseline -0.014 -2"><span class='ocrx_word' id='word_1_289' title='bbox 786 5033 812 5094; x_wconf 85' lang='lat' dir='ltr'><strong>l¹l</strong></span> <span class='ocrx_word' id='word_1_290' title='bbox 829 5034 860 5085; x_wconf 80' lang='lat' dir='ltr'><strong>E·</strong></span> <span class='ocrx_word' id='word_1_291' title='bbox 876 5035 941 5084; x_wconf 65' lang='lat' dir='ltr'><strong>hm·</strong></span> <span class='ocrx_word' id='word_1_292' title='bbox 1148 5032 1177 5096; x_wconf 76' lang='lat'><strong>(¹)</strong></span> <span class='ocrx_word' id='word_1_293' title='bbox 1193 5033 1224 5083; x_wconf 80' lang='lat' dir='ltr'><strong>ll.</strong></span> <span class='ocrx_word' id='word_1_294' title='bbox 1240 5032 1309 5096; x_wconf 79' lang='lat' dir='ltr'><strong>quod</strong></span> <span class='ocrx_word' id='word_1_295' title='bbox 1325 5037 1418 5082; x_wconf 80' lang='lat' dir='ltr'><strong>natura</strong></span> <span class='ocrx_word' id='word_1_296' title='bbox 1433 5031 1502 5082; x_wconf 71' lang='lat' dir='ltr'><strong>luno</strong></span> <span class='ocrx_word' id='word_1_297' title='bbox 1517 5037 1566 5083; x_wconf 77' lang='lat' dir='ltr'><strong>ert.</strong></span> 
     </span>
     <span class='ocr_line' id='line_1_35' title="bbox 787 5109 1387 5174; baseline -0.003 -13"><span class='ocrx_word' id='word_1_298' title='bbox 787 5109 815 5174; x_wconf 70' lang='grc' dir='ltr'><strong>ι’)</strong></span> <span class='ocrx_word' id='word_1_299' title='bbox 830 5109 861 5160; x_wconf 82' lang='grc' dir='ltr'><strong>Ε.</strong></span> <span class='ocrx_word' id='word_1_300' title='bbox 877 5111 986 5162; x_wconf 76' lang='lat' dir='ltr'><strong>virtuter</strong></span> <span class='ocrx_word' id='word_1_301' title='bbox 1000 5115 1142 5174; x_wconf 69' lang='lat' dir='ltr'><strong>mouentes,</strong></span> <span class='ocrx_word' id='word_1_302' title='bbox 1157 5121 1205 5162; x_wconf 78' lang='lat' dir='ltr'><strong>ren</strong></span> <span class='ocrx_word' id='word_1_303' title='bbox 1220 5109 1387 5160; x_wconf 77' lang='lat' dir='ltr'><strong>moventium.</strong></span> 
     </span>
    </p>
   </div>
   <div class='ocr_carea' id='block_1_5' title="bbox 0 0 2292 6842">
    <p class='ocr_par' dir='ltr' id='par_1_5' title="bbox 0 0 2292 6842">
     <span class='ocr_line' id='line_1_36' title="bbox 0 0 2292 6842; baseline 0 1"><span class='ocrx_word' id='word_1_304' title='bbox 0 0 2292 6842; x_wconf 95' lang='lat' dir='ltr'><strong> </strong></span> 
     </span>
    </p>
   </div>
  </div>
 </body>
</html>
