4575 6842
693 809 765 875 trs
1083 818 1288 874 cononum
1312 820 1480 874 sanantur

693 965 787 1039 milis
811 963 1066 1059 salamandrae,
1091 982 1187 1059 quae,
1214 972 1256 1038 ut
1280 964 1365 1039 dicit
1390 964 1537 1058 Plinius,
1564 963 1594 1037 si
1619 963 1781 1040 ascendit
1805 982 1867 1037 ar-

692 1086 821 1161 borem
848 1084 960 1160 inlicit
983 1083 1205 1183 generaliter
1230 1104 1360 1158 omnes
1378 1084 1529 1179 tructus,
1547 1084 1597 1158 ita
1619 1084 1718 1179 quod
1739 1102 1867 1157 omnes
1943 1149 1948 1157 .

691 1212 817 1301 postea
833 1212 1022 1303 gustantes
1038 1204 1123 1279 inde
1140 1204 1372 1299 moriuntur3
1399 1205 1449 1281 ita
1474 1203 1591 1279 Adam
1617 1211 1771 1301 gustans
1784 1204 1868 1277 iru-

692 1334 793 1402 etum
804 1327 946 1401 arboris
959 1324 1081 1401 iniecit
1092 1344 1222 1400 omnes
1235 1325 1377 1399 animas
1391 1332 1624 1420 posterorum
1639 1326 1703 1420 qui
1717 1324 1868 1399 luerunt

692 1448 731 1523 in
747 1447 878 1524 eadem
896 1445 1131 1521 damnatione
1147 1466 1286 1521 secum.
1297 1442 1415 1521 -Νοῖ
1434 1446 1498 1521 Ηίο
1515 1446 1660 1520 beatrix
1678 1446 1754 1520 istis
1771 1466 1867 1541 prae-

693 1568 812 1643 missis
829 1568 954 1643 volens
972 1568 1099 1643 venire
1119 1567 1415 1663 absolutionem,
1434 1568 1518 1643 lacit
1536 1589 1647 1642 uuam
1667 1568 1867 1643 distinotio-

694 1711 780 1765 nem
807 1690 1064 1782 bimembrem,
1085 1695 1128 1761 ut
1154 1710 1228 1763 una
1245 1697 1350 1784 parte
1369 1696 1509 1764 cassata
1527 1688 1720 1765 concludat
1736 1708 1866 1764 neces·

694 1812 792 1886 sario
816 1812 983 1885 alteram.
1002 1809 1095 1884 Dicit
1114 1830 1223 1906 ergo:
1244 1805 1472 1885 Ne'ricovror
1486 1814 1634 1903 potensi,
1655 1810 1713 1886 illa
1733 1817 1865 1884 natura

694 1932 857 2006 humana
881 1930 1066 2024 damnata,
1091 1951 1129 2003 se
1154 1938 1189 2004 tu
1214 1931 1298 2005 badi
1330 1932 1394 2005 ben
1424 1935 1639 2023 sottt'lmente,
1669 1930 1771 2025 idest,
1799 1928 1867 2005 ad-

694 2051 805 2127 vertis
830 2051 995 2144 solerter,
1015 2072 1084 2144 per
1113 2054 1242 2125 deuna
1275 2055 1345 2145 oin,
1370 2072 1480 2124 senza
1506 2072 1640 2145 passer
1667 2072 1734 2144 per
1757 2070 1804 2123 un
1831 2050 1870 2122 di

694 2174 802 2264 questi
824 2173 946 2263 pondi,
967 2170 1071 2266 quasi
1097 2170 1211 2245 dieat:
1239 2171 1357 2245 altero
1382 2171 1537 2245 istorum
1566 2170 1777 2263 modorum,
1798 2168 1869 2244 sci-

695 2290 789 2385 licet,
815 2291 873 2365 vel
904 2292 1002 2384 quod
1037 2290 1147 2385 Deus,
1176 2292 1232 2367 vel
1267 2290 1366 2385 quod
1397 2291 1508 2365 bomo
1543 2290 1728 2365 hominem
1762 2310 1868 2385 repa-

695 2417 812 2505 raret3
840 2412 937 2485 unde
962 2411 1066 2486 dicit:
1093 2414 1191 2484 oobe
1209 2415 1280 2485 Dio
1293 2433 1360 2504 per
1377 2433 1443 2485 suo
1460 2414 1622 2505 cerasta,
1643 2412 1745 2505 idest,
1764 2430 1868 2485 mera

695 2534 922 2627 liberalitate,
949 2552 1022 2606 non
1048 2552 1093 2606 ex
1120 2532 1254 2627 debito,
1281 2534 1428 2607 dimerso
1453 2555 1586 2625 ovasse,
1602 2532 1737 2627 *idest
1755 2532 1867 2606 remi·

545 2681 548 2687 ·
692 2656 799 2729 sisset
824 2654 984 2749 culpam,
1010 2674 1032 2725 o
1057 2655 1117 2726 obe
1142 2656 1259 2726 tuom
1279 2676 1348 2748 ρον
1364 2677 1400 2728 se
1415 2657 1499 2747 bre,
1520 2674 1586 2749 per
1604 2652 1867 2750 poenitentiam,

696 2775 847 2849 obesse*
861 2767 897 2866 (¹)
919 2777 1126 2869 suddissatto
1143 2796 1168 2847 α
1183 2795 1250 2847 suu
1264 2777 1381 2870 sollio,
1400 2776 1501 2869 idest,
1522 2795 1591 2850 suo
1613 2774 1696 2849 sallo
1719 2780 1756 2849 et
1781 2794 1868 2869 pec-

696 2902 789 2971 eato.
804 2935 853 2950 -
866 2897 980 2967 limo.
1005 2895 1071 2969 llio
1092 2894 1240 2969 Beatrix
1267 2895 1421 2969 intendit
1441 2916 1586 2971 cassare
1608 2900 1750 2991 partem
1775 2893 1868 2969 divi·

696 3015 806 3089 sionis
832 3035 904 3088 non
930 3034 1072 3108 veram,
1098 3014 1234 3089 scilieet
1259 3016 1358 3108 quod
1384 3016 1495 3091 bomo
1527 3037 1593 3111 ρον
1622 3037 1662 3091 se
1688 3036 1762 3090 non
1787 3020 1869 3090 erat

697 3135 881 3211 sufficiens
907 3135 953 3208 ad
979 3136 1247 3232 reparationem
1282 3136 1438 3211 bominis
1467 3137 1566 3232 lapsi.
1598 3137 1650 3212 Ad
1683 3136 1782 3231 quod
1815 3142 1870 3211 est

573 3244 579 3252 ’
697 3254 898 3330 notandum
933 3254 1032 3349 quod
1062 3257 1174 3329 bomo
1206 3254 1339 3332 cadens
1370 3258 1407 3331 iu
1436 3259 1581 3354 eulpam
1616 3264 1819 3333 recesserat
1848 3278 1870 3332 a

697 3373 872 3471 principio
898 3374 1160 3469 potentissimo,
1187 3375 1542 3470 benevolentissimo,
1571 3376 1652 3452 ideo
1678 3382 1871 3453 corruerat

697 3496 736 3569 in
760 3492 1021 3588 infirmitatem,
1045 3494 1302 3590 ignorantiam,
1322 3496 1606 3593 malignitatem3
1634 3504 1671 3571 et
1696 3498 1741 3571 de
1767 3495 1871 3592 spiri·

698 3613 787 3689 tuali
813 3612 965 3688 ellectus
990 3619 1045 3687 est
1071 3615 1238 3709 carnalis,
1261 3616 1450 3711 sensualis,
1468 3618 1613 3711 ineptus
1636 3616 1684 3691 ad
1709 3616 1868 3691 divinam

699 3736 873 3809 virtutem
892 3734 1117 3809 imitandam.
1132 3735 1185 3809 bd
1199 3736 1342 3811 literam
1362 3758 1471 3835 ergo:
1488 3738 1635 3813 Beatrix
1650 3738 1768 3833 primo
1786 3736 1869 3811 red·

698 3856 750 3931 dit
762 3861 932 3931 autorem
949 3861 1131 3929 attentum
1151 3856 1196 3930 ad
1213 3856 1495 3952 improbandum
1510 3880 1626 3933 unum
1647 3857 1869 3951 membrum,

699 3976 838 4052 dicens:
856 3979 960 4049 roca
971 3996 1029 4049 mo
1047 3978 1209 4070 iunctio,
1224 3978 1324 4073 idest,
1339 3980 1623 4074 speculationem
1643 3980 1869 4055 intellectua-

699 4098 784 4192 lem,
808 4118 875 4190 ρον
898 4106 999 4171 entre
1023 4100 1046 4170 l'
1059 4098 1189 4189 abisso,
1215 4098 1317 4195 idest,
1343 4100 1641 4196 profunditatem,
1667 4104 1870 4175 delteterno

700 4222 881 4311 οονοοὶρῑίο,
907 4217 971 4311 qui
988 4218 1039 4292 sie
1056 4219 1218 4294 decrevit
1245 4220 1281 4293 in
1307 4229 1446 4295 aeterno
1472 4222 1621 4297 consilio
1642 4230 1870 4317 sumomonte

696 4343 785 4431 poor·
807 4341 1075 4414 distrettantente
1095 4342 1195 4431 fisso,
1213 4338 1314 4435 idest,
1341 4349 1521 4436 quantum
1548 4342 1715 4437 possibile
1737 4349 1792 4417 est
1817 4342 1873 4417 in-

700 4459 860 4534 tellectui
886 4459 924 4535 in
949 4480 1105 4555 corpore
1130 4461 1288 4535 bominis
1314 4460 1467 4537 virentis
1492 4469 1529 4537 et
1554 4483 1620 4558 per
1645 4464 1780 4538 coelum
1803 4463 1874 4538 dis-

701 4580 894 4676 currentis,
920 4584 959 4655 ul
982 4586 1052 4655 mio
1066 4583 1212 4675 purior,
1231 4581 1329 4676 quod
1347 4604 1437 4677 paro
1456 4584 1595 4677 iacere3
1614 4591 1651 4658 et
1668 4604 1774 4659 ecce:
1802 4606 1874 4659 noo

696 4707 801 4791 poteo
826 4702 849 4773 l'
862 4721 966 4775 nonno
989 4706 1047 4775 net
1071 4705 1210 4775 termini
1233 4705 1322 4792 suot,
1348 4702 1483 4778 scilicet
1508 4703 1543 4776 in
1571 4704 1672 4798 puris
1695 4706 1873 4779 naturali-

764 4960 792 5024 (¹)
806 4962 843 5011 Le
859 4961 949 5025 parole
964 4963 1005 5014 ira
1021 4966 1030 5015 t
1045 4966 1096 5016 (lue
1111 4964 1245 5017 mmrircbl
1261 4980 1308 5018 son
1323 4968 1434 5032 supplite
1450 4968 1519 5034 dagli
1534 4968 1593 5021 altri
1610 4974 1650 5020 tre
1665 4968 1760 5022 Codiel.
