4575 6842
859 979 997 1035 CANTUS
1021 980 1165 1033 antuus.
1527 966 1597 1041 297

427 1124 559 1198 lorum.
575 1123 768 1199 Paradisus
781 1129 906 1199 autern
921 1123 1121 1199 essentialis
1138 1131 1193 1197 est
1210 1122 1286 1217 ipse
1302 1123 1406 1197 locus
1418 1124 1481 1197 uhi
1499 1126 1598 1199 Deus

425 1244 581 1319 ostendit
606 1265 646 1319 se
663 1244 983 1339 contemplandum
1005 1242 1249 1340 intelligentiis
1269 1244 1446 1338 separatis
1465 1250 1501 1319 et
1518 1244 1599 1319 aui-

425 1363 557 1439 mabus
583 1364 708 1457 beatis,
736 1363 798 1457 qui
835 1364 937 1439 locus
970 1364 1108 1437 coelum
1136 1382 1356 1459 empyreum
1382 1362 1596 1458 appellatur.

506 1484 673 1557 Oboono
698 1484 834 1575 Apollo.
860 1482 946 1557 llaec
971 1488 1026 1556 est
1051 1482 1211 1558 secunda
1237 1502 1332 1578 pars⁸
1347 1483 1529 1579 generalis
1561 1483 1599 1557 in

428 1624 502 1698 qua
528 1609 635 1697 poeta
660 1602 795 1677 Dantes
827 1601 910 1676 lacit
940 1623 1046 1677 suam
1079 1602 1360 1696 invocationem,
1389 1609 1427 1677 et
1455 1603 1599 1679 invocat

427 1724 604 1799 demere
637 1721 779 1820 poetico
813 1722 1013 1817 Apollinem
1047 1723 1159 1798 deum
1175 1717 1212 1816 (¹)
1247 1730 1454 1818 poctarum,
1486 1722 1597 1799 deum

427 1843 625 1938 sapientie,
642 1862 753 1937 quern
776 1842 871 1919 bene
892 1851 999 1919 vocat
1018 1843 1170 1918 bonum.
1189 1844 1318 1940 Apollo
1335 1845 1434 1919 enim
1452 1850 1507 1919 cst
1523 1844 1601 1940 ipse

426 1965 492 2058 sol,
518 1963 565 2039 de
590 1984 666 2058 quo
691 1963 787 2039 bene
811 1964 950 2038 Tullius
975 1964 1012 2040 in
1038 1964 1131 2040 libro
1148 1964 1195 2041 de
1215 1964 1402 2059 republica
1428 1964 1527 2058 dicit;
1546 1966 1599 2039 sol

426 2083 514 2178 dux,
540 2083 710 2179 princeps
734 2089 772 2158 et
797 2083 1008 2159 moderator
1025 2083 1208 2159 luminum
1227 2084 1469 2179 reliquorum,
1495 2105 1601 2161 meus

427 2204 554 2279 mundi
580 2211 618 2278 et
643 2203 860 2299 temperatio
885 2210 972 2279 tota.
998 2204 1099 2279 Unde
1124 2204 1306 2299 Orpheus,
1339 2210 1381 2278 ut
1409 2204 1493 2280 dicit
1523 2206 1600 2279 illa·

426 2324 588 2419 crobius,
605 2332 713 2400 vocat
734 2325 853 2421 ipsum
881 2324 965 2401 honi
983 2324 1120 2399 consilii
1139 2326 1270 2419 Deum,
1289 2326 1376 2419 quia
1392 2324 1440 2400 ab
1456 2347 1501 2401 eo
1518 2347 1600 2402 ma·

427 2450 491 2519 nat
518 2445 734 2541 principium
762 2445 997 2542 intelligendi;
1023 2446 1129 2520 cuius
1160 2444 1397 2539 multiplicem
1425 2445 1597 2521 virtulem

430 2566 570 2653 extollit
606 2566 743 2641 Plinius
780 2566 900 2661 primo
937 2566 1114 2641 naturalis
1151 2565 1323 2661 historiae,
1361 2566 1507 2642 dicens:
1546 2566 1602 2641 sol

427 2686 572 2761 medius
596 2686 817 2782 amplissima
844 2687 1095 2783 magnitudine
1120 2693 1156 2761 et
1180 2693 1360 2781 potestate
1384 2709 1458 2763 nou
1479 2688 1599 2763 solum

429 2813 632 2901 terrarum,
657 2806 720 2881 sed
752 2806 914 2901 ipsarum
942 2807 1129 2882 stellarum
1161 2813 1198 2883 et
1226 2808 1310 2883 coeli
1335 2814 1475 2903 rector3
1501 2810 1600 2884 hunc

430 2926 535 3002 decet
549 2916 586 3019 θ)
623 2926 776 3003 credere
809 2947 889 3003 esse
922 2928 1087 3002 animum
1123 2934 1160 3002 et
1190 2934 1354 3002 mentem
1388 2928 1527 3023 mundi,
1562 2936 1600 3003 et

427 3047 625 3144 principale
642 3047 809 3145 regimen
826 3054 864 3123 et
879 3048 991 3123 deum
1009 3054 1170 3141 naturae3
1187 3047 1246 3122 liic
1260 3047 1379 3123 lucem
1400 3049 1512 3123 rebus
1530 3048 1599 3122 mi-

426 3168 567 3262 nistrat,
586 3175 624 3243 et
640 3169 762 3243 aulert
778 3168 960 3262 tenebras5
979 3168 1037 3243 liic
1055 3167 1198 3261 reliqua
1213 3166 1333 3243 sidera
1349 3168 1519 3261 occultat,
1541 3168 1599 3245 llic

427 3289 526 3365 vices
551 3294 760 3384 temporum
787 3296 825 3365 et
849 3308 988 3363 annum
1015 3308 1162 3383 semper
1186 3294 1440 3364 renascentem
1462 3309 1507 3363 ex
1526 3308 1600 3363 usu·

426 3414 572 3484 naturae
595 3415 796 3505 temperat3
822 3410 880 3485 hic
905 3409 987 3485 coeli
1013 3408 1193 3483 tristitiam
1218 3414 1396 3503 removet,
1416 3414 1453 3483 et
1473 3409 1599 3486 nubila

428 3529 578 3605 humani
602 3530 715 3605 animi
741 3531 850 3605 etiam
885 3535 1047 3623 serenat3
1081 3529 1139 3603 hic
1165 3549 1275 3602 suum
1301 3529 1428 3604 lumen
1457 3530 1600 3607 caeteris

425 3649 605 3725 sideribus
624 3650 746 3744 donat,
765 3651 976 3746 praeclarus,
994 3648 1152 3725 eximius
1173 3649 1298 3726 omnia
1315 3648 1442 3725 videns
1458 3654 1527 3725 etc.
1545 3648 1600 3725 nd

406 3804 409 3811 ·
426 3768 569 3845 literam
588 3788 697 3867 ergo;
715 3776 824 3865 poeta
837 3760 874 3861 (³)
893 3769 981 3864 petit
997 3769 1154 3866 gratiam
1176 3774 1213 3843 et
1233 3768 1399 3845 favorem
1416 3770 1598 3866 Apollinis,

426 3888 573 3964 dicens:
599 3889 657 3963 lac
682 3909 744 3965 me
769 3889 818 3963 ita
844 3890 1038 3984 valentem,
1067 3896 1108 3963 ut
1132 3889 1242 3986 digne
1265 3890 1399 3984 possim
1422 3911 1596 3970 coronam

427 4009 594 4083 lauream
607 4009 823 4104 promereri.
842 4008 1023 4085 Construe
1039 4009 1090 4084 sic
1107 4010 1271 4084 literam:
1290 4011 1447 4083 Odoooo
1459 4014 1598 4104 Apollo,

426 4128 552 4225 Apollo
565 4130 696 4205 dicitur
710 4131 814 4225 quasi
828 4132 906 4206 sine
918 4130 1128 4227 pollutione,
1142 4130 1220 4205 sine
1238 4131 1398 4223 macula3
1412 4151 1485 4205 non
1499 4130 1596 4205 enim

426 4249 537 4325 habet
550 4250 586 4324 in
599 4271 641 4325 se
655 4252 824 4326 umbram
840 4251 934 4326 sicut
946 4272 1052 4326 soror
1065 4272 1132 4327 sua
1145 4252 1249 4325 luna:
1261 4251 1319 4325 vel
1331 4250 1599 4346 diciturdpollo

428 4370 531 4463 quasi
563 4372 811 4447 exterminans
841 4392 952 4447 omne
981 4372 1133 4466 malum,
1165 4391 1277 4447 omne
1301 4372 1531 4467 supertluum
1560 4379 1600 4456 et

426 4489 611 4585 nocivum,
629 4494 755 4587 sommi
769 4484 799 4564 si
820 4495 910 4586 sotto
933 4514 1032 4583 vaso,
1051 4491 1154 4587 idest,
1180 4491 1237 4567 iac
1262 4512 1324 4567 me
1349 4491 1399 4565 ita
1424 4512 1597 4587 capacem

427 4630 533 4686 more
556 4612 651 4686 vasis
676 4612 893 4687 continentis
918 4611 1100 4706 liquorem
1127 4612 1307 4707 optimum
1335 4611 1498 4705 balsami,
1524 4612 1598 4687 vini

426 4731 484 4806 vel
501 4731 584 4825 olei,
602 4734 660 4805 dei
681 4739 740 4807 too
757 4735 892 4825 colore,
913 4731 1016 4824 idest,
1037 4733 1182 4807 virtutis
1205 4740 1242 4809 et
1263 4732 1459 4828 sapientiae,
1477 4736 1599 4807 ottul-

426 4854 507 4925 timo
533 4854 672 4943 tuooro,
698 4851 800 4947 idest,
828 4852 912 4927 huic
936 4852 1045 4928 tertio
1070 4853 1174 4949 operi
1199 4853 1383 4927 laborioso
1417 4860 1453 4928 et
1484 4851 1599 4927 artili-

487 5044 515 5108 (')
533 5046 564 5097 E.
580 5046 657 5096 deum
674 5046 804 5108 sapientias
820 5051 848 5096 ct
864 5051 1009 5109 poetarum,
1026 5060 1113 5111 quem.
1308 5046 1336 5108 (ἱ)
1352 5052 1376 5107 ι,
1392 5048 1476 5097 donet,

488 5120 515 5187 (Ἴ
531 5126 555 5183 t,
572 5122 602 5173 E.
618 5136 633 5173 o
650 5121 676 5175 S.
694 5128 768 5186 poeta
785 5124 810 5172 in
827 5122 921 5173 ellectu
939 5123 1010 5187 petit.
