<?xml version="1.0" encoding="UTF-8"?>
<!DOCTYPE html PUBLIC "-//W3C//DTD XHTML 1.0 Transitional//EN"
    "http://www.w3.org/TR/xhtml1/DTD/xhtml1-transitional.dtd">
<html xmlns="http://www.w3.org/1999/xhtml" xml:lang="en" lang="en">
 <head>
  <title>
</title>
<meta http-equiv="Content-Type" content="text/html;charset=utf-8" />
  <meta name='ocr-system' content='tesseract 3.04.00' />
  <meta name='ocr-capabilities' content='ocr_page ocr_carea ocr_par ocr_line ocrx_word'/>
</head>
<body>
  <div class='ocr_page' id='page_1' title='image "./comentumsuperda00unkngoog_0118.png"; bbox 0 0 4575 6842; ppageno 0'>
   <div class='ocr_carea' id='block_1_1' title="bbox 704 966 1510 1033">
    <p class='ocr_par' dir='ltr' id='par_1_1' title="bbox 704 966 1510 1033">
     <span class='ocr_line' id='line_1_1' title="bbox 704 966 1510 1033; baseline -0.011 0"><span class='ocrx_word' id='word_1_1' title='bbox 704 966 774 1033; x_wconf 80' lang='lat' dir='ltr'><strong>ton</strong></span> <span class='ocrx_word' id='word_1_2' title='bbox 1059 971 1265 1028; x_wconf 71' lang='lat' dir='ltr'><strong>muncrum</strong></span> <span class='ocrx_word' id='word_1_3' title='bbox 1288 971 1510 1026; x_wconf 79' lang='lat' dir='ltr'><strong>eunonronu</strong></span> 
     </span>
    </p>
   </div>
   <div class='ocr_carea' id='block_1_2' title="bbox 702 1108 1879 1822">
    <p class='ocr_par' dir='ltr' id='par_1_2' title="bbox 702 1108 1879 1822">
     <span class='ocr_line' id='line_1_2' title="bbox 703 1108 1875 1208; baseline -0.003 -10"><span class='ocrx_word' id='word_1_4' title='bbox 703 1130 783 1198; x_wconf 90' lang='lat' dir='ltr'><strong>tum</strong></span> <span class='ocrx_word' id='word_1_5' title='bbox 817 1121 915 1196; x_wconf 89' lang='lat' dir='ltr'><strong>circa</strong></span> <span class='ocrx_word' id='word_1_6' title='bbox 938 1130 1115 1195; x_wconf 82' lang='lat' dir='ltr'><strong>&#39;errorem</strong></span> <span class='ocrx_word' id='word_1_7' title='bbox 1150 1115 1428 1194; x_wconf 89' lang='lat' dir='ltr'><strong>comentationis</strong></span> <span class='ocrx_word' id='word_1_8' title='bbox 1441 1108 1492 1208; x_wconf 75' lang='lat'><strong>(¹).</strong></span> <span class='ocrx_word' id='word_1_9' title='bbox 1526 1114 1581 1189; x_wconf 82' lang='lat' dir='ltr'><strong>lid</strong></span> <span class='ocrx_word' id='word_1_10' title='bbox 1606 1116 1712 1191; x_wconf 91' lang='lat' dir='ltr'><strong>cuius</strong></span> <span class='ocrx_word' id='word_1_11' title='bbox 1738 1117 1875 1194; x_wconf 88' lang='lat' dir='ltr'><strong>erroris</strong></span> 
     </span>
     <span class='ocr_line' id='line_1_3' title="bbox 707 1236 1877 1339; baseline -0.005 -21"><span class='ocrx_word' id='word_1_12' title='bbox 707 1236 954 1339; x_wconf 80' lang='lat' dir='ltr'><strong>cognitionem</strong></span> <span class='ocrx_word' id='word_1_13' title='bbox 980 1246 1126 1336; x_wconf 87' lang='lat' dir='ltr'><strong>oportet</strong></span> <span class='ocrx_word' id='word_1_14' title='bbox 1151 1236 1332 1334; x_wconf 73' lang='lat' dir='ltr'><strong>praescire,</strong></span> <span class='ocrx_word' id='word_1_15' title='bbox 1353 1237 1453 1332; x_wconf 93' lang='lat' dir='ltr'><strong>quod</strong></span> <span class='ocrx_word' id='word_1_16' title='bbox 1473 1236 1646 1312; x_wconf 82' lang='lat' dir='ltr'><strong>Averrois</strong></span> <span class='ocrx_word' id='word_1_17' title='bbox 1662 1236 1751 1311; x_wconf 81' lang='lat' dir='ltr'><strong>dixit</strong></span> <span class='ocrx_word' id='word_1_18' title='bbox 1771 1239 1877 1314; x_wconf 90' lang='lat' dir='ltr'><strong>intel-</strong></span> 
     </span>
     <span class='ocr_line' id='line_1_4' title="bbox 706 1357 1879 1454; baseline -0.003 -15"><span class='ocrx_word' id='word_1_19' title='bbox 706 1364 903 1439; x_wconf 89' lang='lat' dir='ltr'><strong>lectualem</strong></span> <span class='ocrx_word' id='word_1_20' title='bbox 930 1368 1101 1436; x_wconf 85' lang='lat' dir='ltr'><strong>naturam</strong></span> <span class='ocrx_word' id='word_1_21' title='bbox 1128 1379 1210 1435; x_wconf 87' lang='lat' dir='ltr'><strong>esse</strong></span> <span class='ocrx_word' id='word_1_22' title='bbox 1239 1364 1446 1454; x_wconf 78' lang='lat' dir='ltr'><strong>separatam</strong></span> <span class='ocrx_word' id='word_1_23' title='bbox 1477 1357 1525 1430; x_wconf 94' lang='lat' dir='ltr'><strong>ab</strong></span> <span class='ocrx_word' id='word_1_24' title='bbox 1553 1357 1689 1454; x_wconf 89' lang='lat' dir='ltr'><strong>anima,</strong></span> <span class='ocrx_word' id='word_1_25' title='bbox 1716 1365 1753 1434; x_wconf 85' lang='lat' dir='ltr'><strong>et</strong></span> <span class='ocrx_word' id='word_1_26' title='bbox 1783 1359 1879 1436; x_wconf 88' lang='lat' dir='ltr'><strong>irra-</strong></span> 
     </span>
     <span class='ocr_line' id='line_1_5' title="bbox 702 1477 1877 1581; baseline -0.005 -21"><span class='ocrx_word' id='word_1_27' title='bbox 702 1483 807 1560; x_wconf 90' lang='lat' dir='ltr'><strong>diare</strong></span> <span class='ocrx_word' id='word_1_28' title='bbox 823 1503 935 1581; x_wconf 92' lang='lat' dir='ltr'><strong>super</strong></span> <span class='ocrx_word' id='word_1_29' title='bbox 951 1482 1113 1557; x_wconf 90' lang='lat' dir='ltr'><strong>animam</strong></span> <span class='ocrx_word' id='word_1_30' title='bbox 1129 1480 1297 1575; x_wconf 90' lang='lat' dir='ltr'><strong>bominis,</strong></span> <span class='ocrx_word' id='word_1_31' title='bbox 1310 1478 1404 1554; x_wconf 90' lang='lat' dir='ltr'><strong>sicut</strong></span> <span class='ocrx_word' id='word_1_32' title='bbox 1418 1478 1568 1553; x_wconf 81' lang='lat' dir='ltr'><strong>irradiat</strong></span> <span class='ocrx_word' id='word_1_33' title='bbox 1580 1477 1643 1552; x_wconf 89' lang='lat' dir='ltr'><strong>lux</strong></span> <span class='ocrx_word' id='word_1_34' title='bbox 1663 1479 1747 1553; x_wconf 92' lang='lat' dir='ltr'><strong>solis</strong></span> <span class='ocrx_word' id='word_1_35' title='bbox 1764 1501 1877 1575; x_wconf 89' lang='lat' dir='ltr'><strong>super</strong></span> 
     </span>
     <span class='ocr_line' id='line_1_6' title="bbox 702 1598 1877 1702; baseline -0.003 -24"><span class='ocrx_word' id='word_1_36' title='bbox 702 1603 958 1702; x_wconf 90' lang='lat' dir='ltr'><strong>perspicuum;</strong></span> <span class='ocrx_word' id='word_1_37' title='bbox 979 1607 1018 1676; x_wconf 92' lang='lat' dir='ltr'><strong>et</strong></span> <span class='ocrx_word' id='word_1_38' title='bbox 1042 1621 1090 1676; x_wconf 85' lang='lat' dir='ltr'><strong>ex</strong></span> <span class='ocrx_word' id='word_1_39' title='bbox 1115 1600 1176 1675; x_wconf 89' lang='lat' dir='ltr'><strong>illa</strong></span> <span class='ocrx_word' id='word_1_40' title='bbox 1202 1598 1436 1676; x_wconf 79' lang='lat' dir='ltr'><strong>irradiatione</strong></span> <span class='ocrx_word' id='word_1_41' title='bbox 1456 1598 1599 1674; x_wconf 89' lang='lat' dir='ltr'><strong>dicebat</strong></span> <span class='ocrx_word' id='word_1_42' title='bbox 1615 1599 1753 1674; x_wconf 83' lang='lat' dir='ltr'><strong>formas</strong></span> <span class='ocrx_word' id='word_1_43' title='bbox 1770 1600 1877 1676; x_wconf 87' lang='lat' dir='ltr'><strong>intel-</strong></span> 
     </span>
     <span class='ocr_line' id='line_1_7' title="bbox 703 1713 1877 1822; baseline -0.004 -24"><span class='ocrx_word' id='word_1_44' title='bbox 703 1713 907 1822; x_wconf 76' lang='lat' dir='ltr'><strong>ligibilesi&#39;)</strong></span> <span class='ocrx_word' id='word_1_45' title='bbox 935 1723 1052 1797; x_wconf 91' lang='lat' dir='ltr'><strong>liuere</strong></span> <span class='ocrx_word' id='word_1_46' title='bbox 1069 1720 1105 1794; x_wconf 95' lang='lat' dir='ltr'><strong>in</strong></span> <span class='ocrx_word' id='word_1_47' title='bbox 1125 1719 1301 1814; x_wconf 88' lang='lat' dir='ltr'><strong>animam,</strong></span> <span class='ocrx_word' id='word_1_48' title='bbox 1318 1717 1413 1793; x_wconf 91' lang='lat' dir='ltr'><strong>sicut</strong></span> <span class='ocrx_word' id='word_1_49' title='bbox 1430 1738 1477 1794; x_wconf 83' lang='lat' dir='ltr'><strong>er</strong></span> <span class='ocrx_word' id='word_1_50' title='bbox 1494 1717 1635 1793; x_wconf 92' lang='lat' dir='ltr'><strong>lumine</strong></span> <span class='ocrx_word' id='word_1_51' title='bbox 1655 1718 1739 1792; x_wconf 91' lang='lat' dir='ltr'><strong>solis</strong></span> <span class='ocrx_word' id='word_1_52' title='bbox 1756 1721 1877 1795; x_wconf 90' lang='lat' dir='ltr'><strong>lluunt</strong></span> 
     </span>
    </p>
   </div>
   <div class='ocr_carea' id='block_1_3' title="bbox 704 1836 2090 1937">
    <p class='ocr_par' dir='ltr' id='par_1_3' title="bbox 704 1836 2090 1937">
     <span class='ocr_line' id='line_1_8' title="bbox 704 1836 2090 1937; baseline -0.005 -19"><span class='ocrx_word' id='word_1_53' title='bbox 704 1842 855 1918; x_wconf 80' lang='lat' dir='ltr'><strong>risibilia</strong></span> <span class='ocrx_word' id='word_1_54' title='bbox 881 1842 919 1916; x_wconf 94' lang='lat' dir='ltr'><strong>in</strong></span> <span class='ocrx_word' id='word_1_55' title='bbox 935 1841 1182 1937; x_wconf 87' lang='lat' dir='ltr'><strong>perspicuum.</strong></span> <span class='ocrx_word' id='word_1_56' title='bbox 1201 1840 1245 1912; x_wconf 86' lang='lat' dir='ltr'><strong>Et</strong></span> <span class='ocrx_word' id='word_1_57' title='bbox 1265 1840 1334 1914; x_wconf 91' lang='lat' dir='ltr'><strong>boc</strong></span> <span class='ocrx_word' id='word_1_58' title='bbox 1356 1837 1465 1913; x_wconf 91' lang='lat' dir='ltr'><strong>modo</strong></span> <span class='ocrx_word' id='word_1_59' title='bbox 1482 1836 1625 1913; x_wconf 89' lang='lat' dir='ltr'><strong>dicebat</strong></span> <span class='ocrx_word' id='word_1_60' title='bbox 1641 1839 1874 1935; x_wconf 92' lang='lat' dir='ltr'><strong>multiplicari</strong></span> <span class='ocrx_word' id='word_1_61' title='bbox 1984 1893 1987 1898; x_wconf 74' lang='lat'><em>,</em></span> <span class='ocrx_word' id='word_1_62' title='bbox 2088 1837 2090 1842; x_wconf 80' lang='grc'><em>’</em></span> 
     </span>
    </p>
   </div>
   <div class='ocr_carea' id='block_1_4' title="bbox 684 1959 1878 2900">
    <p class='ocr_par' dir='ltr' id='par_1_4' title="bbox 684 1959 1878 2900">
     <span class='ocr_line' id='line_1_9' title="bbox 703 1959 1876 2056; baseline -0.003 -19"><span class='ocrx_word' id='word_1_63' title='bbox 703 1962 928 2037; x_wconf 90' lang='lat' dir='ltr'><strong>intellectum</strong></span> <span class='ocrx_word' id='word_1_64' title='bbox 945 1961 1040 2036; x_wconf 90' lang='lat' dir='ltr'><strong>sicut</strong></span> <span class='ocrx_word' id='word_1_65' title='bbox 1054 1959 1318 2056; x_wconf 86' lang='lat' dir='ltr'><strong>multiplicatur</strong></span> <span class='ocrx_word' id='word_1_66' title='bbox 1331 1960 1458 2034; x_wconf 90' lang='lat' dir='ltr'><strong>lumen</strong></span> <span class='ocrx_word' id='word_1_67' title='bbox 1471 1959 1555 2034; x_wconf 89' lang='lat' dir='ltr'><strong>solis</strong></span> <span class='ocrx_word' id='word_1_68' title='bbox 1568 1960 1771 2035; x_wconf 89' lang='lat' dir='ltr'><strong>secundum</strong></span> <span class='ocrx_word' id='word_1_69' title='bbox 1790 1960 1876 2034; x_wconf 88' lang='lat' dir='ltr'><strong>illu·</strong></span> 
     </span>
     <span class='ocr_line' id='line_1_10' title="bbox 705 2078 1874 2175; baseline -0.001 -20"><span class='ocrx_word' id='word_1_70' title='bbox 705 2082 855 2175; x_wconf 83' lang='lat' dir='ltr'><strong>minata,</strong></span> <span class='ocrx_word' id='word_1_71' title='bbox 872 2080 1007 2175; x_wconf 92' lang='lat' dir='ltr'><strong>quibus</strong></span> <span class='ocrx_word' id='word_1_72' title='bbox 1031 2079 1261 2174; x_wconf 89' lang='lat' dir='ltr'><strong>immittitur;</strong></span> <span class='ocrx_word' id='word_1_73' title='bbox 1280 2085 1317 2154; x_wconf 89' lang='lat' dir='ltr'><strong>et</strong></span> <span class='ocrx_word' id='word_1_74' title='bbox 1333 2079 1428 2154; x_wconf 89' lang='lat' dir='ltr'><strong>sicut</strong></span> <span class='ocrx_word' id='word_1_75' title='bbox 1444 2078 1656 2154; x_wconf 89' lang='lat' dir='ltr'><strong>illuminatis</strong></span> <span class='ocrx_word' id='word_1_76' title='bbox 1678 2080 1874 2156; x_wconf 85' lang='lat' dir='ltr'><strong>subtractis</strong></span> 
     </span>
     <span class='ocr_line' id='line_1_11' title="bbox 704 2198 1876 2295; baseline -0.001 -19"><span class='ocrx_word' id='word_1_77' title='bbox 704 2222 779 2277; x_wconf 93' lang='lat' dir='ltr'><strong>non</strong></span> <span class='ocrx_word' id='word_1_78' title='bbox 805 2207 973 2276; x_wconf 87' lang='lat' dir='ltr'><strong>remanet</strong></span> <span class='ocrx_word' id='word_1_79' title='bbox 997 2198 1063 2274; x_wconf 92' lang='lat' dir='ltr'><strong>nisi</strong></span> <span class='ocrx_word' id='word_1_80' title='bbox 1089 2200 1241 2274; x_wconf 89' lang='lat' dir='ltr'><strong>unicum</strong></span> <span class='ocrx_word' id='word_1_81' title='bbox 1275 2200 1402 2275; x_wconf 91' lang='lat' dir='ltr'><strong>lumen</strong></span> <span class='ocrx_word' id='word_1_82' title='bbox 1430 2200 1526 2293; x_wconf 89' lang='lat' dir='ltr'><strong>solis,</strong></span> <span class='ocrx_word' id='word_1_83' title='bbox 1558 2198 1609 2274; x_wconf 89' lang='lat' dir='ltr'><strong>ita</strong></span> <span class='ocrx_word' id='word_1_84' title='bbox 1637 2201 1876 2295; x_wconf 91' lang='lat' dir='ltr'><strong>pereuntibus</strong></span> 
     </span>
     <span class='ocr_line' id='line_1_12' title="bbox 704 2320 1878 2417; baseline 0 -20"><span class='ocrx_word' id='word_1_85' title='bbox 704 2321 914 2397; x_wconf 92' lang='lat' dir='ltr'><strong>hominibus</strong></span> <span class='ocrx_word' id='word_1_86' title='bbox 938 2321 1082 2397; x_wconf 89' lang='lat' dir='ltr'><strong>dicebat</strong></span> <span class='ocrx_word' id='word_1_87' title='bbox 1105 2342 1224 2394; x_wconf 94' lang='lat' dir='ltr'><strong>unum</strong></span> <span class='ocrx_word' id='word_1_88' title='bbox 1250 2320 1475 2395; x_wconf 87' lang='lat' dir='ltr'><strong>intellectum</strong></span> <span class='ocrx_word' id='word_1_89' title='bbox 1505 2328 1726 2417; x_wconf 88' lang='lat' dir='ltr'><strong>perpetuum</strong></span> <span class='ocrx_word' id='word_1_90' title='bbox 1757 2323 1878 2397; x_wconf 89' lang='lat' dir='ltr'><strong>incor-</strong></span> 
     </span>
     <span class='ocr_line' id='line_1_13' title="bbox 684 2433 1878 2547; baseline 0.002 -29"><span class='ocrx_word' id='word_1_91' title='bbox 684 2442 913 2547; x_wconf 84' lang='lat' dir='ltr'><strong>ruptibilem</strong></span> <span class='ocrx_word' id='word_1_92' title='bbox 930 2433 967 2536; x_wconf 52' lang='grc' dir='ltr'><strong>(θ)</strong></span> <span class='ocrx_word' id='word_1_93' title='bbox 995 2461 1040 2516; x_wconf 84' lang='lat' dir='ltr'><strong>ex</strong></span> <span class='ocrx_word' id='word_1_94' title='bbox 1066 2441 1277 2515; x_wconf 91' lang='lat' dir='ltr'><strong>bominibus</strong></span> <span class='ocrx_word' id='word_1_95' title='bbox 1294 2441 1461 2536; x_wconf 80' lang='lat' dir='ltr'><strong>relinqui.</strong></span> <span class='ocrx_word' id='word_1_96' title='bbox 1483 2443 1588 2517; x_wconf 87' lang='lat' dir='ltr'><strong>llunc</strong></span> <span class='ocrx_word' id='word_1_97' title='bbox 1609 2463 1774 2518; x_wconf 89' lang='lat' dir='ltr'><strong>errorem</strong></span> <span class='ocrx_word' id='word_1_98' title='bbox 1795 2464 1878 2539; x_wconf 80' lang='lat' dir='ltr'><strong>pec·</strong></span> 
     </span>
     <span class='ocr_line' id='line_1_14' title="bbox 704 2560 1877 2659; baseline 0 -21"><span class='ocrx_word' id='word_1_99' title='bbox 704 2562 840 2638; x_wconf 89' lang='lat' dir='ltr'><strong>simum</strong></span> <span class='ocrx_word' id='word_1_100' title='bbox 866 2562 1114 2657; x_wconf 90' lang='lat' dir='ltr'><strong>multipliciter</strong></span> <span class='ocrx_word' id='word_1_101' title='bbox 1139 2560 1322 2657; x_wconf 89' lang='lat' dir='ltr'><strong>improbat</strong></span> <span class='ocrx_word' id='word_1_102' title='bbox 1350 2560 1522 2636; x_wconf 67' lang='lat' dir='ltr'><strong>,ilbertus</strong></span> <span class='ocrx_word' id='word_1_103' title='bbox 1554 2583 1711 2659; x_wconf 86' lang='lat' dir='ltr'><strong>magnus</strong></span> <span class='ocrx_word' id='word_1_104' title='bbox 1742 2562 1778 2636; x_wconf 93' lang='lat' dir='ltr'><strong>in</strong></span> <span class='ocrx_word' id='word_1_105' title='bbox 1808 2583 1877 2638; x_wconf 92' lang='lat' dir='ltr'><strong>suo</strong></span> 
     </span>
     <span class='ocr_line' id='line_1_15' title="bbox 705 2670 1876 2776; baseline -0.001 -18"><span class='ocrx_word' id='word_1_106' title='bbox 705 2684 799 2758; x_wconf 95' lang='lat' dir='ltr'><strong>libro</strong></span> <span class='ocrx_word' id='word_1_107' title='bbox 824 2683 871 2758; x_wconf 89' lang='lat' dir='ltr'><strong>de</strong></span> <span class='ocrx_word' id='word_1_108' title='bbox 895 2682 1018 2758; x_wconf 87' lang='lat' dir='ltr'><strong>anima</strong></span> <span class='ocrx_word' id='word_1_109' title='bbox 1033 2670 1082 2775; x_wconf 70' lang='lat'><strong>(⁴).</strong></span> <span class='ocrx_word' id='word_1_110' title='bbox 1100 2683 1204 2756; x_wconf 87' lang='lat' dir='ltr'><strong>Tunc</strong></span> <span class='ocrx_word' id='word_1_111' title='bbox 1228 2681 1326 2756; x_wconf 89' lang='lat' dir='ltr'><strong>enim</strong></span> <span class='ocrx_word' id='word_1_112' title='bbox 1353 2685 1574 2774; x_wconf 86' lang='lat' dir='ltr'><strong>sequeretur</strong></span> <span class='ocrx_word' id='word_1_113' title='bbox 1595 2681 1693 2776; x_wconf 89' lang='lat' dir='ltr'><strong>quod</strong></span> <span class='ocrx_word' id='word_1_114' title='bbox 1713 2703 1788 2757; x_wconf 92' lang='lat' dir='ltr'><strong>una</strong></span> <span class='ocrx_word' id='word_1_115' title='bbox 1805 2705 1876 2757; x_wconf 95' lang='lat' dir='ltr'><strong>nu·</strong></span> 
     </span>
     <span class='ocr_line' id='line_1_16' title="bbox 706 2801 1875 2900; baseline 0 -22"><span class='ocrx_word' id='word_1_116' title='bbox 706 2823 812 2878; x_wconf 91' lang='lat' dir='ltr'><strong>mero</strong></span> <span class='ocrx_word' id='word_1_117' title='bbox 837 2811 933 2878; x_wconf 87' lang='lat' dir='ltr'><strong>esset</strong></span> <span class='ocrx_word' id='word_1_118' title='bbox 957 2803 1081 2878; x_wconf 88' lang='lat' dir='ltr'><strong>anima</strong></span> <span class='ocrx_word' id='word_1_119' title='bbox 1112 2801 1325 2900; x_wconf 82' lang='lat' dir='ltr'><strong>vegetabilis</strong></span> <span class='ocrx_word' id='word_1_120' title='bbox 1354 2801 1391 2875; x_wconf 95' lang='lat' dir='ltr'><strong>in</strong></span> <span class='ocrx_word' id='word_1_121' title='bbox 1420 2801 1602 2896; x_wconf 90' lang='lat' dir='ltr'><strong>omnibus,</strong></span> <span class='ocrx_word' id='word_1_122' title='bbox 1629 2807 1666 2877; x_wconf 89' lang='lat' dir='ltr'><strong>et</strong></span> <span class='ocrx_word' id='word_1_123' title='bbox 1698 2824 1772 2878; x_wconf 92' lang='lat' dir='ltr'><strong>una</strong></span> <span class='ocrx_word' id='word_1_124' title='bbox 1804 2826 1875 2878; x_wconf 92' lang='lat' dir='ltr'><strong>nu-</strong></span> 
     </span>
    </p>
   </div>
   <div class='ocr_carea' id='block_1_5' title="bbox 704 2923 1877 3389">
    <p class='ocr_par' dir='ltr' id='par_1_5' title="bbox 704 2923 1877 3389">
     <span class='ocr_line' id='line_1_17' title="bbox 705 2923 1876 3018; baseline 0.002 -22"><span class='ocrx_word' id='word_1_125' title='bbox 705 2942 811 2998; x_wconf 88' lang='lat' dir='ltr'><strong>mero</strong></span> <span class='ocrx_word' id='word_1_126' title='bbox 836 2923 1032 3018; x_wconf 81' lang='lat' dir='ltr'><strong>sensibilis3</strong></span> <span class='ocrx_word' id='word_1_127' title='bbox 1063 2930 1101 2998; x_wconf 89' lang='lat' dir='ltr'><strong>et</strong></span> <span class='ocrx_word' id='word_1_128' title='bbox 1131 2943 1198 3018; x_wconf 89' lang='lat' dir='ltr'><strong>per</strong></span> <span class='ocrx_word' id='word_1_129' title='bbox 1229 2941 1457 3016; x_wconf 89' lang='lat' dir='ltr'><strong>consequens</strong></span> <span class='ocrx_word' id='word_1_130' title='bbox 1489 2941 1563 2996; x_wconf 89' lang='lat' dir='ltr'><strong>una</strong></span> <span class='ocrx_word' id='word_1_131' title='bbox 1593 2943 1751 2998; x_wconf 90' lang='lat' dir='ltr'><strong>numero</strong></span> <span class='ocrx_word' id='word_1_132' title='bbox 1780 2932 1876 2999; x_wconf 89' lang='lat' dir='ltr'><strong>esset</strong></span> 
     </span>
     <span class='ocr_line' id='line_1_18' title="bbox 704 3033 1875 3141; baseline 0.003 -23"><span class='ocrx_word' id='word_1_133' title='bbox 704 3043 868 3141; x_wconf 81' lang='lat' dir='ltr'><strong>digestio,</strong></span> <span class='ocrx_word' id='word_1_134' title='bbox 886 3050 924 3118; x_wconf 93' lang='lat' dir='ltr'><strong>et</strong></span> <span class='ocrx_word' id='word_1_135' title='bbox 942 3065 1059 3118; x_wconf 92' lang='lat' dir='ltr'><strong>onum</strong></span> <span class='ocrx_word' id='word_1_136' title='bbox 1073 3047 1348 3139; x_wconf 83' lang='lat' dir='ltr'><strong>augumentum</strong></span> <span class='ocrx_word' id='word_1_137' title='bbox 1363 3033 1413 3136; x_wconf 77' lang='lat'><strong>(⁶),</strong></span> <span class='ocrx_word' id='word_1_138' title='bbox 1435 3049 1473 3117; x_wconf 93' lang='lat' dir='ltr'><strong>et</strong></span> <span class='ocrx_word' id='word_1_139' title='bbox 1491 3063 1588 3117; x_wconf 92' lang='lat' dir='ltr'><strong>unus</strong></span> <span class='ocrx_word' id='word_1_140' title='bbox 1615 3044 1724 3139; x_wconf 86' lang='lat' dir='ltr'><strong>visus,</strong></span> <span class='ocrx_word' id='word_1_141' title='bbox 1746 3052 1783 3120; x_wconf 90' lang='lat' dir='ltr'><strong>et</strong></span> <span class='ocrx_word' id='word_1_142' title='bbox 1796 3035 1875 3122; x_wconf 62' lang='lat' dir='ltr'><strong>&#39;una</strong></span> 
     </span>
     <span class='ocr_line' id='line_1_19' title="bbox 704 3161 1873 3260; baseline 0.003 -23"><span class='ocrx_word' id='word_1_143' title='bbox 704 3163 903 3258; x_wconf 90' lang='lat' dir='ltr'><strong>memoria;</strong></span> <span class='ocrx_word' id='word_1_144' title='bbox 924 3162 1023 3258; x_wconf 91' lang='lat' dir='ltr'><strong>quod</strong></span> <span class='ocrx_word' id='word_1_145' title='bbox 1041 3163 1149 3236; x_wconf 90' lang='lat' dir='ltr'><strong>nimis</strong></span> <span class='ocrx_word' id='word_1_146' title='bbox 1166 3169 1220 3238; x_wconf 90' lang='lat' dir='ltr'><strong>est</strong></span> <span class='ocrx_word' id='word_1_147' title='bbox 1237 3161 1441 3237; x_wconf 89' lang='lat' dir='ltr'><strong>absurdum</strong></span> <span class='ocrx_word' id='word_1_148' title='bbox 1465 3168 1502 3237; x_wconf 86' lang='lat' dir='ltr'><strong>ct</strong></span> <span class='ocrx_word' id='word_1_149' title='bbox 1525 3161 1693 3240; x_wconf 91' lang='lat' dir='ltr'><strong>irrisione</strong></span> <span class='ocrx_word' id='word_1_150' title='bbox 1709 3164 1873 3260; x_wconf 90' lang='lat' dir='ltr'><strong>dignum.</strong></span> 
     </span>
     <span class='ocr_line' id='line_1_20' title="bbox 705 3283 1877 3389; baseline 0.003 -32"><span class='ocrx_word' id='word_1_151' title='bbox 705 3285 880 3359; x_wconf 89' lang='lat' dir='ltr'><strong>Videmus</strong></span> <span class='ocrx_word' id='word_1_152' title='bbox 905 3284 1015 3359; x_wconf 87' lang='lat' dir='ltr'><strong>etiam</strong></span> <span class='ocrx_word' id='word_1_153' title='bbox 1044 3284 1143 3378; x_wconf 91' lang='lat' dir='ltr'><strong>quod</strong></span> <span class='ocrx_word' id='word_1_154' title='bbox 1175 3283 1303 3376; x_wconf 90' lang='lat' dir='ltr'><strong>virtus,</strong></span> <span class='ocrx_word' id='word_1_155' title='bbox 1329 3283 1503 3379; x_wconf 87' lang='lat' dir='ltr'><strong>sapientia</strong></span> <span class='ocrx_word' id='word_1_156' title='bbox 1537 3289 1574 3357; x_wconf 90' lang='lat' dir='ltr'><strong>et</strong></span> <span class='ocrx_word' id='word_1_157' title='bbox 1605 3283 1754 3389; x_wconf 83' lang='lat' dir='ltr'><strong>lelicitas</strong></span> <span class='ocrx_word' id='word_1_158' title='bbox 1788 3293 1877 3361; x_wconf 91' lang='lat' dir='ltr'><strong>tunc</strong></span> 
     </span>
    </p>
   </div>
   <div class='ocr_carea' id='block_1_6' title="bbox 704 3402 1878 4823">
    <p class='ocr_par' dir='ltr' id='par_1_6' title="bbox 704 3402 1878 4823">
     <span class='ocr_line' id='line_1_21' title="bbox 705 3402 1878 3500; baseline -0.001 -20"><span class='ocrx_word' id='word_1_159' title='bbox 705 3405 860 3480; x_wconf 82' lang='lat' dir='ltr'><strong>veniunt</strong></span> <span class='ocrx_word' id='word_1_160' title='bbox 883 3404 930 3479; x_wconf 90' lang='lat' dir='ltr'><strong>ad</strong></span> <span class='ocrx_word' id='word_1_161' title='bbox 956 3410 1092 3479; x_wconf 89' lang='lat' dir='ltr'><strong>statum</strong></span> <span class='ocrx_word' id='word_1_162' title='bbox 1119 3403 1348 3499; x_wconf 82' lang='lat' dir='ltr'><strong>perfectionis</strong></span> <span class='ocrx_word' id='word_1_163' title='bbox 1373 3423 1459 3478; x_wconf 93' lang='lat' dir='ltr'><strong>cum</strong></span> <span class='ocrx_word' id='word_1_164' title='bbox 1486 3402 1604 3478; x_wconf 83' lang='lat' dir='ltr'><strong>virtus</strong></span> <span class='ocrx_word' id='word_1_165' title='bbox 1629 3405 1801 3500; x_wconf 90' lang='lat' dir='ltr'><strong>organica</strong></span> <span class='ocrx_word' id='word_1_166' title='bbox 1821 3406 1878 3479; x_wconf 92' lang='lat' dir='ltr'><strong>in·</strong></span> 
     </span>
     <span class='ocr_line' id='line_1_22' title="bbox 705 3523 1876 3621; baseline 0 -20"><span class='ocrx_word' id='word_1_167' title='bbox 705 3525 790 3621; x_wconf 86' lang='lat' dir='ltr'><strong>cipit</strong></span> <span class='ocrx_word' id='word_1_168' title='bbox 806 3525 984 3601; x_wconf 89' lang='lat' dir='ltr'><strong>debilitari</strong></span> <span class='ocrx_word' id='word_1_169' title='bbox 1010 3526 1047 3599; x_wconf 94' lang='lat' dir='ltr'><strong>in</strong></span> <span class='ocrx_word' id='word_1_170' title='bbox 1072 3524 1309 3621; x_wconf 82' lang='lat' dir='ltr'><strong>vergentibus</strong></span> <span class='ocrx_word' id='word_1_171' title='bbox 1327 3523 1535 3598; x_wconf 83' lang='lat' dir='ltr'><strong>insanium.</strong></span> <span class='ocrx_word' id='word_1_172' title='bbox 1554 3524 1765 3600; x_wconf 79' lang='lat' dir='ltr'><strong>Aristoteles</strong></span> <span class='ocrx_word' id='word_1_173' title='bbox 1785 3546 1876 3601; x_wconf 87' lang='lat' dir='ltr'><strong>vero</strong></span> 
     </span>
     <span class='ocr_line' id='line_1_23' title="bbox 705 3644 1877 3741; baseline 0.001 -22"><span class='ocrx_word' id='word_1_174' title='bbox 705 3645 872 3741; x_wconf 87' lang='lat' dir='ltr'><strong>probavit</strong></span> <span class='ocrx_word' id='word_1_175' title='bbox 902 3645 1059 3719; x_wconf 88' lang='lat' dir='ltr'><strong>lormam</strong></span> <span class='ocrx_word' id='word_1_176' title='bbox 1093 3644 1378 3720; x_wconf 86' lang='lat' dir='ltr'><strong>intellectualem</strong></span> <span class='ocrx_word' id='word_1_177' title='bbox 1410 3663 1491 3718; x_wconf 86' lang='lat' dir='ltr'><strong>esse</strong></span> <span class='ocrx_word' id='word_1_178' title='bbox 1520 3650 1738 3739; x_wconf 85' lang='lat' dir='ltr'><strong>separatam,</strong></span> <span class='ocrx_word' id='word_1_179' title='bbox 1771 3644 1877 3720; x_wconf 88' lang='lat' dir='ltr'><strong>cuius</strong></span> 
     </span>
     <span class='ocr_line' id='line_1_24' title="bbox 704 3763 1876 3859; baseline -0.001 -19"><span class='ocrx_word' id='word_1_180' title='bbox 704 3763 855 3840; x_wconf 79' lang='lat' dir='ltr'><strong>felicitas</strong></span> <span class='ocrx_word' id='word_1_181' title='bbox 887 3764 933 3838; x_wconf 91' lang='lat' dir='ltr'><strong>sit</strong></span> <span class='ocrx_word' id='word_1_182' title='bbox 964 3763 1233 3859; x_wconf 82' lang='lat' dir='ltr'><strong>contemplatio,</strong></span> <span class='ocrx_word' id='word_1_183' title='bbox 1260 3763 1419 3858; x_wconf 90' lang='lat' dir='ltr'><strong>lirmam,</strong></span> <span class='ocrx_word' id='word_1_184' title='bbox 1452 3784 1597 3858; x_wconf 87' lang='lat' dir='ltr'><strong>puram,</strong></span> <span class='ocrx_word' id='word_1_185' title='bbox 1623 3763 1876 3840; x_wconf 86' lang='lat' dir='ltr'><strong>admirabilem</strong></span> 
     </span>
     <span class='ocr_line' id='line_1_25' title="bbox 705 3882 1876 3980; baseline 0.002 -22"><span class='ocrx_word' id='word_1_186' title='bbox 705 3883 844 3959; x_wconf 90' lang='lat' dir='ltr'><strong>babens</strong></span> <span class='ocrx_word' id='word_1_187' title='bbox 855 3882 1152 3978; x_wconf 84' lang='lat' dir='ltr'><strong>delectationem3</strong></span> <span class='ocrx_word' id='word_1_188' title='bbox 1170 3883 1230 3958; x_wconf 89' lang='lat' dir='ltr'><strong>cui</strong></span> <span class='ocrx_word' id='word_1_189' title='bbox 1244 3883 1425 3958; x_wconf 90' lang='lat' dir='ltr'><strong>consensit</strong></span> <span class='ocrx_word' id='word_1_190' title='bbox 1441 3888 1518 3958; x_wconf 88' lang='lat' dir='ltr'><strong>tota</strong></span> <span class='ocrx_word' id='word_1_191' title='bbox 1530 3885 1653 3958; x_wconf 89' lang='lat' dir='ltr'><strong>schola</strong></span> <span class='ocrx_word' id='word_1_192' title='bbox 1667 3885 1876 3980; x_wconf 88' lang='lat' dir='ltr'><strong>peripathe-</strong></span> 
     </span>
     <span class='ocr_line' id='line_1_26' title="bbox 704 4003 1877 4100; baseline -0.001 -21"><span class='ocrx_word' id='word_1_193' title='bbox 704 4004 876 4079; x_wconf 92' lang='lat' dir='ltr'><strong>ticorum.</strong></span> <span class='ocrx_word' id='word_1_194' title='bbox 902 4003 1009 4078; x_wconf 91' lang='lat' dir='ltr'><strong>Solus</strong></span> <span class='ocrx_word' id='word_1_195' title='bbox 1033 4003 1240 4079; x_wconf 77' lang='lat' dir='ltr'><strong>Alexander</strong></span> <span class='ocrx_word' id='word_1_196' title='bbox 1263 4003 1492 4099; x_wconf 87' lang='lat' dir='ltr'><strong>degenerans</strong></span> <span class='ocrx_word' id='word_1_197' title='bbox 1518 4004 1647 4078; x_wconf 89' lang='lat' dir='ltr'><strong>transit</strong></span> <span class='ocrx_word' id='word_1_198' title='bbox 1670 4005 1717 4078; x_wconf 90' lang='lat' dir='ltr'><strong>ad</strong></span> <span class='ocrx_word' id='word_1_199' title='bbox 1743 4003 1877 4100; x_wconf 84' lang='lat' dir='ltr'><strong>Epicu·</strong></span> 
     </span>
     <span class='ocr_line' id='line_1_27' title="bbox 707 4124 1876 4222; baseline 0.002 -23"><span class='ocrx_word' id='word_1_200' title='bbox 707 4147 802 4219; x_wconf 83' lang='lat' dir='ltr'><strong>rum,</strong></span> <span class='ocrx_word' id='word_1_201' title='bbox 820 4125 954 4200; x_wconf 90' lang='lat' dir='ltr'><strong>docens</strong></span> <span class='ocrx_word' id='word_1_202' title='bbox 979 4125 1066 4200; x_wconf 92' lang='lat' dir='ltr'><strong>illud</strong></span> <span class='ocrx_word' id='word_1_203' title='bbox 1092 4126 1192 4220; x_wconf 92' lang='lat' dir='ltr'><strong>quod</strong></span> <span class='ocrx_word' id='word_1_204' title='bbox 1218 4129 1273 4200; x_wconf 89' lang='lat' dir='ltr'><strong>est</strong></span> <span class='ocrx_word' id='word_1_205' title='bbox 1297 4124 1462 4199; x_wconf 87' lang='lat' dir='ltr'><strong>divinum</strong></span> <span class='ocrx_word' id='word_1_206' title='bbox 1488 4125 1525 4198; x_wconf 92' lang='lat' dir='ltr'><strong>in</strong></span> <span class='ocrx_word' id='word_1_207' title='bbox 1551 4132 1625 4199; x_wconf 88' lang='lat' dir='ltr'><strong>tota</strong></span> <span class='ocrx_word' id='word_1_208' title='bbox 1652 4131 1785 4200; x_wconf 86' lang='lat' dir='ltr'><strong>natura</strong></span> <span class='ocrx_word' id='word_1_209' title='bbox 1810 4145 1876 4222; x_wconf 87' lang='lat' dir='ltr'><strong>ge·</strong></span> 
     </span>
     <span class='ocr_line' id='line_1_28' title="bbox 704 4244 1876 4342; baseline 0.001 -22"><span class='ocrx_word' id='word_1_210' title='bbox 704 4245 923 4321; x_wconf 91' lang='lat' dir='ltr'><strong>nerabilium</strong></span> <span class='ocrx_word' id='word_1_211' title='bbox 950 4265 1031 4321; x_wconf 86' lang='lat' dir='ltr'><strong>esse</strong></span> <span class='ocrx_word' id='word_1_212' title='bbox 1055 4246 1258 4342; x_wconf 91' lang='lat' dir='ltr'><strong>corporale.</strong></span> <span class='ocrx_word' id='word_1_213' title='bbox 1285 4244 1382 4318; x_wconf 85' lang='lat' dir='ltr'><strong>Dixit</strong></span> <span class='ocrx_word' id='word_1_214' title='bbox 1412 4244 1510 4320; x_wconf 92' lang='lat' dir='ltr'><strong>enim</strong></span> <span class='ocrx_word' id='word_1_215' title='bbox 1541 4245 1765 4322; x_wconf 89' lang='lat' dir='ltr'><strong>intellectum</strong></span> <span class='ocrx_word' id='word_1_216' title='bbox 1796 4267 1876 4321; x_wconf 85' lang='lat' dir='ltr'><strong>esso</strong></span> 
     </span>
     <span class='ocr_line' id='line_1_29' title="bbox 705 4363 1876 4461; baseline 0 -20"><span class='ocrx_word' id='word_1_217' title='bbox 705 4386 753 4441; x_wconf 81' lang='lat' dir='ltr'><strong>en</strong></span> <span class='ocrx_word' id='word_1_218' title='bbox 777 4364 979 4460; x_wconf 86' lang='lat' dir='ltr'><strong>elementis,</strong></span> <span class='ocrx_word' id='word_1_219' title='bbox 1005 4371 1043 4440; x_wconf 90' lang='lat' dir='ltr'><strong>et</strong></span> <span class='ocrx_word' id='word_1_220' title='bbox 1067 4364 1119 4440; x_wconf 93' lang='lat' dir='ltr'><strong>sic</strong></span> <span class='ocrx_word' id='word_1_221' title='bbox 1143 4363 1296 4439; x_wconf 90' lang='lat' dir='ltr'><strong>interire</strong></span> <span class='ocrx_word' id='word_1_222' title='bbox 1312 4364 1422 4438; x_wconf 92' lang='lat' dir='ltr'><strong>simul</strong></span> <span class='ocrx_word' id='word_1_223' title='bbox 1447 4385 1533 4439; x_wconf 89' lang='lat' dir='ltr'><strong>cum</strong></span> <span class='ocrx_word' id='word_1_224' title='bbox 1560 4385 1724 4461; x_wconf 89' lang='lat' dir='ltr'><strong>corpore.</strong></span> <span class='ocrx_word' id='word_1_225' title='bbox 1745 4365 1876 4441; x_wconf 80' lang='lat' dir='ltr'><strong>Anima</strong></span> 
     </span>
     <span class='ocr_line' id='line_1_30' title="bbox 704 4485 1878 4584; baseline -0.001 -23"><span class='ocrx_word' id='word_1_226' title='bbox 704 4487 817 4584; x_wconf 89' lang='lat' dir='ltr'><strong>igitur</strong></span> <span class='ocrx_word' id='word_1_227' title='bbox 841 4485 1081 4562; x_wconf 78' lang='lat' dir='ltr'><strong>essentialiter</strong></span> <span class='ocrx_word' id='word_1_228' title='bbox 1102 4492 1160 4560; x_wconf 90' lang='lat' dir='ltr'><strong>est</strong></span> <span class='ocrx_word' id='word_1_229' title='bbox 1186 4486 1309 4583; x_wconf 87' lang='lat' dir='ltr'><strong>imago</strong></span> <span class='ocrx_word' id='word_1_230' title='bbox 1326 4492 1363 4560; x_wconf 87' lang='lat' dir='ltr'><strong>ct</strong></span> <span class='ocrx_word' id='word_1_231' title='bbox 1379 4486 1577 4560; x_wconf 91' lang='lat' dir='ltr'><strong>similitudo</strong></span> <span class='ocrx_word' id='word_1_232' title='bbox 1602 4487 1731 4584; x_wconf 71' lang='lat' dir='ltr'><strong>primae</strong></span> <span class='ocrx_word' id='word_1_233' title='bbox 1756 4505 1878 4560; x_wconf 66' lang='lat' dir='ltr'><strong>causes</strong></span> 
     </span>
     <span class='ocr_line' id='line_1_31' title="bbox 705 4605 1878 4704; baseline -0.003 -22"><span class='ocrx_word' id='word_1_234' title='bbox 705 4613 743 4682; x_wconf 89' lang='lat' dir='ltr'><strong>et</strong></span> <span class='ocrx_word' id='word_1_235' title='bbox 767 4605 858 4682; x_wconf 90' lang='lat' dir='ltr'><strong>lucis</strong></span> <span class='ocrx_word' id='word_1_236' title='bbox 882 4606 1134 4682; x_wconf 87' lang='lat' dir='ltr'><strong>intellectuum</strong></span> <span class='ocrx_word' id='word_1_237' title='bbox 1162 4605 1380 4700; x_wconf 86' lang='lat' dir='ltr'><strong>ooelestium,</strong></span> <span class='ocrx_word' id='word_1_238' title='bbox 1402 4625 1487 4701; x_wconf 84' lang='lat' dir='ltr'><strong>quae</strong></span> <span class='ocrx_word' id='word_1_239' title='bbox 1504 4612 1559 4681; x_wconf 88' lang='lat' dir='ltr'><strong>est</strong></span> <span class='ocrx_word' id='word_1_240' title='bbox 1575 4606 1759 4700; x_wconf 86' lang='lat' dir='ltr'><strong>quoddam</strong></span> <span class='ocrx_word' id='word_1_241' title='bbox 1778 4606 1878 4704; x_wconf 88' lang='lat' dir='ltr'><strong>sigil-</strong></span> 
     </span>
     <span class='ocr_line' id='line_1_32' title="bbox 704 4725 1878 4823; baseline -0.002 -23"><span class='ocrx_word' id='word_1_242' title='bbox 704 4727 783 4800; x_wconf 92' lang='lat' dir='ltr'><strong>lum</strong></span> <span class='ocrx_word' id='word_1_243' title='bbox 817 4726 1140 4823; x_wconf 88' lang='lat' dir='ltr'><strong>intelligentiarum</strong></span> <span class='ocrx_word' id='word_1_244' title='bbox 1176 4731 1448 4822; x_wconf 83' lang='lat' dir='ltr'><strong>separatarum,</strong></span> <span class='ocrx_word' id='word_1_245' title='bbox 1484 4746 1570 4800; x_wconf 89' lang='lat' dir='ltr'><strong>cum</strong></span> <span class='ocrx_word' id='word_1_246' title='bbox 1603 4725 1737 4819; x_wconf 90' lang='lat' dir='ltr'><strong>quibus</strong></span> <span class='ocrx_word' id='word_1_247' title='bbox 1768 4726 1878 4801; x_wconf 88' lang='lat' dir='ltr'><strong>habet</strong></span> 
     </span>
    </p>
   </div>
   <div class='ocr_carea' id='block_1_7' title="bbox 766 4954 1854 5175">
    <p class='ocr_par' dir='ltr' id='par_1_7' title="bbox 766 4954 1854 5175">
     <span class='ocr_line' id='line_1_33' title="bbox 766 4954 1854 5023; baseline -0.004 -13"><span class='ocrx_word' id='word_1_248' title='bbox 766 4959 793 5023; x_wconf 85' lang='lat'><strong>(¹)</strong></span> <span class='ocrx_word' id='word_1_249' title='bbox 810 4963 865 5018; x_wconf 82' lang='grc'><strong>117,</strong></span> <span class='ocrx_word' id='word_1_250' title='bbox 881 4959 1074 5010; x_wconf 78' lang='lat' dir='ltr'><strong>comentntcrls.</strong></span> <span class='ocrx_word' id='word_1_251' title='bbox 1136 4955 1164 5020; x_wconf 83' lang='lat'><strong>(¹)</strong></span> <span class='ocrx_word' id='word_1_252' title='bbox 1181 4956 1213 5008; x_wconf 85' lang='lat' dir='ltr'><strong>E.</strong></span> <span class='ocrx_word' id='word_1_253' title='bbox 1229 4955 1426 5007; x_wconf 84' lang='lat' dir='ltr'><strong>intellectuales.</strong></span> <span class='ocrx_word' id='word_1_254' title='bbox 1488 4954 1515 5019; x_wconf 85' lang='lat'><strong>(¹)</strong></span> <span class='ocrx_word' id='word_1_255' title='bbox 1530 4955 1562 5005; x_wconf 85' lang='lat' dir='ltr'><strong>E.</strong></span> <span class='ocrx_word' id='word_1_256' title='bbox 1578 4961 1606 5006; x_wconf 86' lang='lat' dir='ltr'><strong>et</strong></span> <span class='ocrx_word' id='word_1_257' title='bbox 1621 4955 1854 5020; x_wconf 82' lang='lat' dir='ltr'><strong>incorruptibilem.</strong></span> 
     </span>
     <span class='ocr_line' id='line_1_34' title="bbox 767 5033 1698 5098; baseline -0.005 -12"><span class='ocrx_word' id='word_1_258' title='bbox 767 5036 794 5098; x_wconf 78' lang='lat'><strong>(⁸)</strong></span> <span class='ocrx_word' id='word_1_259' title='bbox 809 5038 863 5096; x_wconf 86' lang='grc'><strong>117,</strong></span> <span class='ocrx_word' id='word_1_260' title='bbox 880 5035 973 5095; x_wconf 77' lang='lat' dir='ltr'><strong>aalma,</strong></span> <span class='ocrx_word' id='word_1_261' title='bbox 989 5039 1017 5085; x_wconf 91' lang='lat' dir='ltr'><strong>et</strong></span> <span class='ocrx_word' id='word_1_262' title='bbox 1031 5036 1058 5085; x_wconf 91' lang='lat' dir='ltr'><strong>ln</strong></span> <span class='ocrx_word' id='word_1_263' title='bbox 1074 5033 1164 5084; x_wconf 87' lang='lat' dir='ltr'><strong>libello</strong></span> <span class='ocrx_word' id='word_1_264' title='bbox 1180 5033 1212 5083; x_wconf 87' lang='lat' dir='ltr'><strong>de</strong></span> <span class='ocrx_word' id='word_1_265' title='bbox 1229 5037 1322 5084; x_wconf 79' lang='lat' dir='ltr'><strong>natum</strong></span> <span class='ocrx_word' id='word_1_266' title='bbox 1334 5036 1365 5084; x_wconf 82' lang='lat' dir='ltr'><strong>et</strong></span> <span class='ocrx_word' id='word_1_267' title='bbox 1379 5033 1480 5098; x_wconf 84' lang='lat' dir='ltr'><strong>origine</strong></span> <span class='ocrx_word' id='word_1_268' title='bbox 1495 5033 1598 5084; x_wconf 69' lang='lat' dir='ltr'><strong>animm·</strong></span> <span class='ocrx_word' id='word_1_269' title='bbox 1615 5033 1698 5082; x_wconf 84' lang='lat' dir='ltr'><strong>Tunc.</strong></span> 
     </span>
     <span class='ocr_line' id='line_1_35' title="bbox 767 5111 993 5175; baseline -0.009 -12"><span class='ocrx_word' id='word_1_270' title='bbox 767 5111 795 5175; x_wconf 81' lang='lat'><strong>(⁸)</strong></span> <span class='ocrx_word' id='word_1_271' title='bbox 810 5111 842 5162; x_wconf 82' lang='lat' dir='ltr'><strong>E.</strong></span> <span class='ocrx_word' id='word_1_272' title='bbox 857 5123 993 5174; x_wconf 59' lang='lat' dir='ltr'><strong>uranum.</strong></span> 
     </span>
    </p>
   </div>
   <div class='ocr_carea' id='block_1_8' title="bbox 0 0 2295 6836">
    <p class='ocr_par' dir='ltr' id='par_1_8' title="bbox 0 0 2295 6836">
     <span class='ocr_line' id='line_1_36' title="bbox 0 0 2295 6836; baseline 0 0"><span class='ocrx_word' id='word_1_273' title='bbox 0 0 2295 6836; x_wconf 95' lang='lat' dir='ltr'><strong> </strong></span> 
     </span>
    </p>
   </div>
  </div>
 </body>
</html>
