4575 6842
734 923 806 989 458
1124 935 1329 993 COMENTUM
1354 938 1520 993 Pantulei

731 1079 754 1150 t’
766 1098 859 1169 opro
881 1080 1021 1169 monde
1044 1100 1064 1152 c
1087 1081 1190 1172 tetta,
1216 1087 1252 1155 et
1278 1102 1367 1157 vore
1398 1080 1632 1177 magnificum
1660 1090 1698 1159 et
1729 1085 1900 1181 pulcrum

729 1195 798 1270 tuit
823 1198 944 1275 iacere
969 1207 1131 1294 quatuor
1150 1200 1241 1275 filias
1263 1202 1371 1276 unius
1388 1201 1532 1277 comitis
1550 1203 1705 1299 reginas,
1724 1208 1799 1277 mot
1814 1226 1904 1297 pro-

728 1319 815 1411 dita,
859 1319 907 1394 ab
948 1320 1094 1417 ingrato
1125 1320 1285 1396 domino.
1318 1322 1362 1395 Et
1394 1321 1515 1397 subdit
1550 1322 1693 1417 morito,
1726 1323 1826 1417 quod
1858 1324 1904 1399 ad

728 1440 876 1534 cuipam
902 1440 975 1515 cito
1000 1447 1127 1517 secuta
1154 1448 1208 1517 est
1234 1462 1342 1537 poena
1372 1442 1493 1538 digna,
1525 1442 1668 1517 dicens:
1695 1465 1756 1518 mo
1780 1448 1794 1519 i
1814 1467 1903 1538 pro·

730 1564 879 1655 ocnzoti,
905 1561 1051 1657 scilicet,
1077 1561 1185 1636 aulici
1220 1562 1373 1655 comitis,
1401 1560 1461 1635 otc
1482 1566 1539 1657 ser
1563 1570 1690 1637 contro
1717 1568 1778 1659 tari,
1807 1565 1904 1639 scili-

730 1687 800 1775 oet,
825 1682 1007 1755 Romeum
1034 1703 1080 1757 ex
1106 1681 1252 1777 invidia,
1277 1702 1351 1755 non
1373 1685 1492 1756 buono
1516 1684 1604 1773 riso,
1630 1682 1744 1758 immo
1770 1706 1901 1761 amare

730 1800 922 1894 fleverunt,
948 1806 985 1875 et
1009 1822 1106 1896 saepe
1122 1802 1401 1896 suspiraverunt
1421 1801 1625 1897 Romcum3
1646 1824 1730 1877 nam
1757 1805 1898 1881 officia-

730 1921 783 1996 les
809 1921 905 2017 regis
930 1919 1093 1994 Franciae
1117 1928 1155 1996 et
1180 1921 1299 1996 Caroli
1325 1942 1398 1996 non
1425 1923 1574 1997 iuerunt
1603 1931 1729 2018 postea
1753 1925 1801 2000 ita
1832 1926 1900 2001 be·

730 2040 829 2135 nigni
850 2046 888 2113 et
903 2038 1053 2135 gratiosi
1070 2061 1160 2137 erga
1177 2061 1252 2134 eos,
1271 2041 1364 2116 sicut
1381 2041 1501 2115 iuerat
1518 2042 1757 2138 Raymundus
1776 2064 1901 2119 comes

729 2164 767 2235 et
790 2160 953 2234 Romeus
978 2161 1201 2254 vicecomes,
1219 2162 1301 2236 ideo
1319 2162 1490 2256 superbia
1509 2162 1721 2237 irancorom
1747 2164 1901 2251 manite-

728 2286 783 2355 sta
808 2280 903 2356 bene
929 2281 1099 2378 purgavit
1123 2281 1295 2383 iuridiam
1321 2283 1502 2357 occultam
1530 2303 1673 2357 eorum.
1692 2285 1777 2360 Ideo
1798 2286 1899 2361 dicit:

728 2424 747 2475 c
768 2394 857 2496 perd
882 2405 957 2475 mot
978 2406 1167 2495 committo,
1198 2402 1284 2497 quia
1309 2403 1487 2479 adfinem
1511 2405 1709 2498 reprobum
1725 2398 1762 2497 (¹)
1789 2406 1899 2500 venit,

727 2527 812 2617 quot
842 2526 941 2617 sisa
968 2526 1103 2616 donno,
1136 2522 1238 2616 idest,
1274 2523 1501 2618 quicumque
1531 2531 1706 2618 procurat
1736 2524 1802 2600 sibi
1832 2524 1897 2621 ipsi

729 2649 1006 2737 nocumentum,
1033 2645 1090 2716 del
1113 2643 1176 2715 ben
1198 2645 1281 2737 sore
1310 2646 1438 2737 oltrtd5
1456 2643 1548 2717 sicut
1578 2643 1633 2717 isti
1660 2644 1827 2719 iecerunt
1852 2667 1897 2721 ex

729 2764 825 2838 bona
850 2761 1062 2857 operatione
1095 2760 1235 2836 Romci.
1269 2760 1339 2835 Sed
1371 2762 1560 2857 damnum,
1586 2764 1686 2857 quod
1715 2763 1797 2859 quis
1831 2786 1899 2841 sua

729 2882 836 2977 culpa
862 2882 981 2974 sentit,
1007 2880 1073 2955 sibi
1099 2887 1137 2955 et
1162 2902 1235 2954 non
1261 2880 1321 2954 alii
1346 2880 1455 2955 debet
1480 2882 1674 2975 imputare.
1689 2923 1738 2937 —
1755 2888 1901 2973 Ouottro

724 3005 820 3093 fiptic
844 3002 932 3074 ebbe.
960 3002 1025 3075 Hic
1056 3000 1262 3075 maniiestat
1293 3000 1516 3075 lastinianus
1546 3001 1731 3097 singulare
1761 3002 1900 3079 benefi-

728 3126 825 3200 cium
852 3125 994 3216 Romei,
1021 3131 1062 3198 ut
1087 3130 1197 3198 autor
1223 3123 1331 3199 iaciat
1356 3130 1571 3219 perpetuam
1605 3124 1822 3199 memoriam
1852 3125 1899 3199 de

727 3266 784 3338 eo,
802 3244 896 3321 sicut
918 3244 1002 3319 iacit
1027 3244 1073 3319 de
1098 3244 1176 3317 aliis
1195 3244 1305 3317 rebus
1326 3244 1636 3337 memorabilibus,
1655 3244 1794 3319 dicens:
1813 3248 1900 3319 Roi-

727 3368 855 3439 mondo
892 3366 1136 3455 Berliopbicri,
1161 3363 1331 3459 indignus
1367 3370 1466 3439 tanta
1497 3363 1711 3439 excelientia
1739 3364 1897 3458 honoris,

726 3490 866 3577 puottro
887 3486 982 3575 fipiie
999 3483 1078 3555 ebbe
1102 3504 1121 3555 e
1145 3485 1311 3555 mescone
1327 3485 1441 3577 reino,
1462 3483 1556 3557 sicut
1576 3489 1675 3579 patet
1700 3484 1754 3557 cx'
1771 3483 1896 3557 dictis:

725 3613 763 3681 et
786 3604 890 3679 dicit:
916 3626 935 3677 c
959 3596 1013 3677 oid
1028 3606 1079 3696 pli
1096 3608 1170 3697 [cce
1187 3609 1331 3695 Romeo,
1352 3604 1489 3679 virtute
1516 3625 1703 3699 romanus,
1725 3604 1809 3679 iicet
1831 3624 1898 3700 ge·

727 3746 819 3801 nere
845 3746 1057 3822 germanus,
1084 3730 1126 3797 ut
1151 3724 1263 3819 aliqui
1288 3724 1463 3817 scribunt,
1484 3746 1641 3817 persono
1664 3728 1767 3799 umitc
1794 3747 1897 3818 cpe-

724 3850 882 3940 rcpn‘no,
908 3843 1011 3939 idest,
1037 3844 1204 3941 ignobilis
1229 3851 1266 3919 et
1292 3845 1415 3941 ignota
1441 3844 1577 3919 virtute
1601 3866 1689 3938 sua,
1708 3846 1806 3940 quod
1825 3866 1898 3921 non

724 3968 867 4043 iecisset
891 3965 1131 4061 Rapmnndus
1156 3964 1384 4059 simplicitate
1404 3986 1483 4059 sua,
1503 3985 1571 4040 nec
1596 3965 1705 4041 aulici
1732 3965 1900 4062 maligni-

724 4092 800 4163 tate
825 4107 903 4161 sua.
930 4086 973 4158 Et
1001 4086 1123 4161 subdit
1153 4084 1418 4178 simplicitatem
1450 4084 1592 4159 comitis
1622 4091 1658 4161 et
1690 4085 1898 4182 malignita-

725 4215 800 4284 tem
827 4228 981 4282 suorum
1008 4205 1230 4297 aulicorum,
1254 4205 1397 4279 dicens:
1423 4208 1533 4297 cpoi,
1551 4206 1697 4301 scilicet,
1715 4212 1795 4301 post
1820 4213 1895 4281 tam

724 4328 865 4425 grande
889 4326 1107 4402 beneficium
1135 4332 1345 4420 receptum:
1372 4328 1400 4399 tt
1423 4346 1556 4399 messer
1586 4331 1617 4400 tc
1645 4330 1771 4420 parole
1795 4328 1896 4418 mccc,

723 4448 826 4542 idest,
853 4468 958 4523 vanae
983 4444 1238 4541 persuasiones
1264 4446 1484 4519 aemuiorum
1507 4453 1777 4542 accusatorum,
1794 4469 1820 4519 c
1842 4450 1898 4521 di-

723 4571 879 4643 mandor
895 4570 1057 4658 ropiooe,
1075 4565 1224 4659 scilicet,
1242 4565 1574 4660 administrationis,
1596 4589 1621 4640 o
1637 4574 1754 4659 queso
1769 4570 1896 4658 picoto,

723 4689 858 4764 scilicet
882 4689 1035 4781 Romeo,
1061 4689 1120 4760 cite
1144 4689 1195 4778 pti
1219 4680 1368 4779 cssepnd
1392 4696 1474 4763 secte
1498 4710 1516 4759 c
1547 4692 1668 4781 doque
1687 4710 1756 4783 per
1780 4690 1895 4781 diece;

724 4809 828 4906 quasi
853 4808 969 4883 dicat:
998 4806 1150 4882 reddidit
1171 4806 1236 4879 sibi
1254 4806 1429 4901 optimam
1449 4806 1641 4902 rationem,
1661 4807 1797 4883 scilicet
1817 4807 1895 4883 eri·

787 5085 815 5150 (¹)
830 5085 862 5135 R
878 5084 1036 5149 improbum.
