4575 6842
733 935 803 1002 tot
1125 945 1330 1001 couuuruu
1354 946 1520 1000 namursi

798 1369 964 1438 CANTUS
987 1365 1189 1450 QUINTUS,
1213 1369 1249 1432 in
1271 1387 1331 1450 quo
1352 1367 1453 1432 mutto
1475 1365 1681 1433 declarantur
1701 1369 1741 1435 de
1765 1375 1845 1449 eote,

850 1569 853 1574 Ι
946 1487 976 1547 et
992 1481 1128 1564 ponitur
1150 1499 1298 1545 aseensus
1319 1478 1356 1543 in
1376 1497 1504 1560 sperum
1525 1477 1693 1546 Merwrii.

876 1717 900 1782 9

804 1717 875 1886 S
901 1834 943 1884 m
969 1785 994 1884 'e
1010 1813 1233 1904 fiemmcppio
1253 1813 1311 1883 net
1333 1811 1436 1884 caldo
1461 1811 1633 1882 demere.
1651 1810 1849 1904 Postquam
1864 1807 1904 1904 (¹)

731 1931 972 2027 insuperiori
998 1930 1157 2025 capitulo
1182 1930 1400 2027 precedenti
1433 1935 1513 2024 post
1544 1929 1618 2003 duo
1646 1929 1758 2004 dubia
1782 1931 1903 2006 soluta

731 2053 846 2129 movit
873 2075 988 2126 sinum
1015 2052 1167 2126 tertium
1192 2051 1347 2125 dubium
1373 2051 1471 2125 circa
1496 2050 1607 2124 tinem
1634 2049 1671 2123 in
1696 2051 1791 2125 iacto
1815 2051 1903 2146 voti,

730 2195 828 2249 nunc
854 2177 1121 2267 consequenter
1142 2171 1180 2244 in
1197 2171 1265 2245 isto
1282 2170 1312 2243 V
1333 2171 1493 2266 capituto
1509 2175 1708 2265 pertractat
1724 2171 1813 2246 iliud
1832 2171 1904 2246 du·

728 2293 843 2386 bium,
870 2299 908 2368 et
932 2290 1102 2366 describit
1127 2311 1239 2363 suum
1264 2309 1458 2364 ascensum
1483 2290 1531 2364 ad
1550 2311 1696 2384 speram
1721 2291 1901 2366 Mercurii.

730 2537 851 2626 partes
877 2531 1087 2626 generales5
1114 2530 1151 2602 in
1178 2550 1337 2624 quarum
1365 2529 1482 2624 prima
1507 2537 1617 2604 autor
1636 2531 1794 2605 ostendit
1810 2551 1903 2624 qua·

730 2651 812 2726 liter
838 2650 982 2726 Beatrix
1009 2650 1115 2724 solvit
1140 2649 1296 2724 dubium
1322 2651 1558 2746 ingenerati.
1584 2649 1626 2724 ln
1657 2652 1816 2726 secunda
1843 2672 1902 2726 re-

731 2777 854 2846 movet
878 2770 1140 2845 dubitationem
1168 2776 1205 2844 et
1229 2770 1314 2844 iacit
1330 2770 1614 2846 declarationem
1632 2772 1730 2846 circa
1750 2772 1901 2846 solutio·

730 2912 815 2967 nem
842 2892 988 2985 iactam,
1004 2891 1073 2964 ibi:
1096 2896 1145 2963 Tu
1161 2892 1208 2962 se'
1221 2893 1326 2962 omui.
1345 2890 1385 2963 in
1403 2890 1511 2965 tertia
1526 2890 1588 2965 dat
1605 2912 1722 2965 unum
1740 2892 1901 2966 salutare

729 3021 767 3090 et
793 3014 882 3088 utile
898 3014 1161 3087 documentum
1181 3011 1277 3085 eirca
1296 3011 1488 3084 materiam
1507 3011 1592 3106 voti,
1612 3011 1678 3085 ibi:
1699 3017 1779 3086 Non
1790 3034 1902 3105 preu-

729 3137 835 3208 duno.
862 3135 900 3206 in
928 3139 1060 3227 quarta
1086 3139 1123 3207 et
1149 3131 1275 3205 ultima
1303 3131 1414 3205 intrat
1437 3153 1570 3206 novam
1593 3134 1786 3208 materiam
1804 3117 1899 3208 iler-

728 3253 832 3347 curii,
859 3252 926 3325 ibi:
957 3245 1032 3324 t'osi
1058 3255 1225 3324 Beetricc.
1251 3251 1304 3324 Ad
1332 3251 1493 3345 primum
1520 3253 1671 3327 veniens
1694 3253 1775 3328 dico
1801 3255 1899 3348 quod

727 3379 837 3448 autor
871 3377 1069 3466 pertractat
1099 3371 1194 3444 istud
1225 3371 1378 3445 dubium
1412 3371 1653 3468 ingenerati,
1683 3373 1747 3448 sed
1780 3374 1898 3468 primo

727 3493 843 3590 tangit
870 3493 1003 3576 bonam
1031 3492 1299 3586 dispositionem
1327 3491 1499 3567 Beatricis
1524 3500 1562 3567 et
1586 3493 1662 3586 sui3
1687 3495 1786 3568 unde
1809 3514 1899 3568 con-

637 3703 640 3712 ,
728 3614 874 3702 tinuans
899 3611 994 3686 dicta
1019 3611 1179 3686 dicendis
1203 3611 1399 3685 introducit
1428 3611 1542 3708 ipsam
1573 3613 1790 3706 Beatricem,
1814 3635 1898 3708 quae

729 3733 843 3829 tangit
868 3739 1017 3808 causam
1037 3753 1155 3825 quare
1171 3733 1391 3826 oppresserit
1408 3753 1495 3816 eum
1519 3734 1707 3810 nimietate
1732 3733 1898 3830 splendo-

728 3855 790 3946 ris,
816 3859 853 3929 et
878 3852 1000 3946 incipit
1025 3853 1096 3926 sic:
1122 3855 1206 3926 S’io
1226 3857 1252 3927 c·
1272 3857 1509 3946 ttammcppio,
1526 3854 1629 3950 idest,
1655 3855 1842 3929 inflammo
1862 3861 1899 3928 te

728 3972 837 4048 radiis
863 3971 1047 4066 sapientiae
1078 3991 1184 4064 meae,
1209 3977 1269 4046 cet
1295 3977 1398 4047 caldo
1427 3977 1606 4066 demere,
1637 3975 1740 4068 idest,
1771 3994 1899 4049 amore

727 4093 880 4185 ardenti,
895 4091 1028 4185 divino,
1042 4093 1080 4164 di
1096 4082 1131 4164 oi
1148 4095 1212 4164 dot
1227 4097 1331 4168 modo
1347 4097 1451 4167 cte'n
1470 4101 1569 4168 terro
1584 4097 1616 4166 si
1632 4097 1716 4168 eade
1728 4086 1779 4188 (²),
1794 4093 1898 4187 quasi

727 4212 840 4286 dieat:
872 4213 969 4285 ultra
996 4231 1140 4284 morem
1168 4213 1387 4306 humanum,
1410 4215 1497 4308 quia
1522 4213 1604 4289 talis
1629 4213 1799 4309 splendor
1823 4233 1897 4287 uon

726 4331 911 4407 invenitur
937 4331 974 4406 iu
1000 4331 1118 4426 terris,
1143 4324 1174 4404 si
1198 4335 1258 4406 cte
1282 4336 1374 4424 deplt
1397 4337 1493 4407 oreti
1517 4337 1588 4408 tuot
1608 4336 1707 4406 uinco
1722 4336 1749 4408 ’l
1762 4336 1896 4423 valore,

726 4451 827 4546 idest,
855 4453 1030 4526 virtutem
1056 4457 1093 4525 et
1119 4452 1317 4546 potentiam
1345 4452 1509 4548 visivam,
1528 4453 1622 4528 sicut
1639 4452 1755 4547 patuit
1772 4452 1809 4526 in
1825 4453 1898 4527 tine

726 4569 872 4666 capituli
900 4570 1147 4665 precedentis,
1163 4593 1235 4644 non
1256 4575 1282 4645 e·
1301 4575 1549 4665 meruoiptiur,
1566 4571 1672 4665 quasi
1697 4571 1804 4666 dieat,
1825 4592 1897 4646 non

725 4690 836 4764 debes
863 4689 1001 4784 mirari,
1030 4690 1086 4765 vei
1117 4690 1287 4766 dubitare
1311 4691 1357 4766 de
1383 4693 1473 4786 hoc;
1504 4688 1567 4766 ete*
1591 4684 1645 4766 eid
1665 4695 1818 4786 procede
1850 4694 1898 4765 da

721 4815 870 4903 perfetio
896 4813 1031 4903 cedere,
1060 4811 1265 4886 intellectus
1289 4812 1468 4907 depurati‚
1495 4815 1555 4885 cte
1584 4832 1680 4885 come
1705 4815 1897 4904 apprende,

788 4997 818 5059 (¹)
835 4997 866 5048 E.
883 4998 1022 5062 Postquam
1039 5005 1117 5048 auter
1132 4998 1159 5047 in
1175 4998 1302 5060 superiori
1318 5003 1405 5050 mutu.

790 5073 818 5136 (²)
834 5073 864 5124 E.
881 5075 949 5133 cede,
967 5075 1032 5126 idest
1047 5074 1116 5125 ultra
1132 5088 1235 5126 morem
1251 5075 1404 5138 humanm,
1420 5077 1494 5141 quasi
1508 5076 1586 5138 dicat,
1602 5075 1670 5141 quia.
