4575 6842
692 928 762 995 392
1082 940 1286 996 couuuruu
1312 943 1479 996 runnursr
1512 1019 1515 1023 ,

691 1094 878 1180 asportent
901 1086 1063 1180 aliquam
1081 1078 1117 1177 (¹)
1143 1093 1271 1161 contra
1298 1108 1404 1162 suam
1426 1088 1666 1182 voluntatem,
1684 1090 1778 1164 sicut
1798 1111 1861 1184 pa·

691 1208 761 1280 tuit
787 1207 821 1281 in
848 1207 1035 1300 Piclrarda‚
1062 1207 1198 1300 inqua
1225 1208 1292 1281 luit
1317 1209 1487 1282 violantia
1519 1229 1623 1302 pura.
1653 1211 1862 1306 Ignorantia

693 1327 905 1402 invincibilis
930 1336 985 1402 ast
1010 1328 1116 1401 cuius
1142 1329 1254 1401 lromo
1271 1349 1344 1402 non
1365 1329 1474 1403 habet
1492 1329 1707 1423 principium
1734 1331 1864 1405 volun-

693 1447 841 1541 tarium,
871 1448 917 1520 ad
949 1467 1062 1540 quam
1089 1448 1257 1540 sequitur
1282 1447 1424 1521 tristitia
1456 1453 1494 1521 at
1522 1448 1730 1542 poenitudo:
1762 1449 1862 1524 unda

693 1588 848 1663 paccauu
874 1587 939 1662 per
963 1567 1177 1643 ebrietatem
1196 1588 1270 1642 non
1287 1575 1498 1662 excusatur,
1516 1569 1591 1644 imo
1610 1571 1780 1644 meretur
1794 1570 1864 1643 du-

684 1688 824 1782 plicem
851 1708 1010 1782 poennm,
1038 1695 1080 1760 ut
1104 1687 1190 1760 dicit
1214 1689 1467 1783 philosophus:
1494 1688 1659 1763 similiter
1678 1710 1764 1763 cum
1783 1690 1864 1782 quis

696 1809 840 1904 ignorat
864 1807 951 1881 illud
977 1807 1075 1901 quod
1100 1807 1210 1882 dabat
1235 1807 1357 1882 lacera
1377 1809 1436 1882 rel
1455 1809 1572 1882 vitare
1589 1828 1654 1902 per
1676 1809 1864 1904 negligan-

695 1931 781 2004 tiam
810 1949 882 2002 non
908 1934 1118 2002 excusatur.
1147 1927 1239 2002 Dicit
1262 1948 1352 2025 ergo
1379 1929 1546 2003 Beatrix:
1572 1935 1616 2003 Se
1646 1932 1808 2002 autema
1830 1924 1861 2021 ri,

695 2051 735 2144 si,
761 2071 828 2145 pro
854 2049 951 2143 quia,
978 2050 1063 2142 quia
1090 2049 1140 2123 sio
1171 2056 1238 2142 est
1265 2053 1406 2140 quoodo
1437 2053 1516 2142 quel
1547 2051 1607 2123 cle
1633 2057 1726 2142 potr,
1762 2049 1864 2140 idest,

695 2170 872 2246 substinat
902 2170 1124 2262 violentiam,
1151 2173 1262 2242 niente
1285 2173 1474 2264 confertsoe
1497 2191 1523 2242 o
1547 2172 1626 2261 quel
1648 2173 1708 2242 cte
1730 2173 1865 2262 sforza,

694 2291 796 2384 idest
814 2289 887 2363 vim
905 2290 1027 2384 agenti
1044 2282 1093 2382 (²),
1112 2299 1227 2381 queste
1243 2293 1347 2383 otuu,
1370 2289 1506 2364 scilicet
1522 2289 1698 2364 Picharda
1715 2294 1753 2362 at
1768 2287 1865 2362 (lon-

695 2411 837 2502 stantia,
863 2431 935 2482 oou
956 2414 1019 2503 (ur
1043 2417 1197 2482 esuuate
1217 2430 1284 2501 per
1307 2431 1400 2500 ersa,
1426 2408 1561 2484 scilicet
1586 2408 1867 2482 violentiam.-

699 2526 774 2604 Cle‘.
796 2531 860 2604 liin
881 2531 1026 2604 Baatrix
1045 2530 1089 2604 ad
1108 2529 1423 2604 confirmationem
1445 2528 1529 2603 dicti
1547 2529 1602 2601 sui
1621 2527 1751 2622 probat
1767 2527 1866 2621 quod

697 2653 864 2726 voluntas
889 2651 934 2724 sit
959 2671 1105 2744 semper
1131 2650 1245 2723 libera
1270 2669 1336 2744 por
1362 2649 1530 2722 naturale
1555 2647 1779 2742 exemplum,
1811 2647 1866 2720 ui-

696 2791 800 2846 rens:
814 2807 816 2812 ·
832 2766 899 2844 Cle*
923 2760 1075 2860 notanti,
1108 2789 1145 2842 se
1173 2790 1246 2842 non
1279 2773 1372 2859 vuol,
1405 2787 1478 2842 oon
1509 2771 1537 2840 s'
1551 2787 1750 2858 ummorza,
1779 2785 1864 2841 nam

697 2891 865 2964 voluntas
903 2909 971 2964 nec
1002 2888 1081 2963 dari
1118 2896 1236 2983 potest
1274 2888 1398 2981 invito,
1437 2908 1505 2963 noc
1542 2887 1700 2980 auterri;
1733 2907 1793 2958 ma
1824 2888 1867 2979 so

673 3031 791 3085 rome
815 3017 945 3082 natura
967 3013 1046 3103 snae
1070 3011 1107 3082 iu
1129 3013 1223 3102 soon,
1250 3009 1311 3101 qui
1340 3009 1556 3083 naturaliter
1581 3027 1727 3100 semper
1755 3005 1867 3080 tandit

696 3149 844 3204 sursum
882 3130 1022 3203 ratione
1052 3150 1129 3202 suae
1164 3129 1329 3221 levitatis,
1354 3150 1392 3201 se
1422 3131 1513 3202 motu
1537 3132 1625 3203 volte
1655 3130 1815 3202 violem
1841 3128 1870 3199 il

697 3259 814 3340 torna,
840 3249 934 3323 sicut
962 3250 991 3322 si
1018 3250 1189 3324 violantia
1219 3250 1317 3324 venti
1347 3249 1514 3324 datlactat
1544 3251 1661 3345 ipsum
1689 3270 1787 3324 uuna
1818 3249 1864 3323 ad

698 3374 790 3446 hano
815 3379 957 3466 partam
991 3393 1088 3444 nunc
1118 3373 1164 3446 ad
1191 3372 1310 3465 iiiam3
1336 3379 1375 3446 at
1404 3380 1460 3446 ast
1489 3372 1624 3466 optima
1658 3371 1863 3464 similitudo,

696 3491 782 3586 quia
809 3513 913 3564 mans
939 3491 1100 3565 humana
1127 3492 1341 3566 naturaliter
1370 3493 1484 3566 tandit
1516 3492 1561 3565 nd
1591 3494 1728 3567 coelurn
1763 3513 1866 3567 mora

696 3611 811 3706 ignis3
839 3597 935 3685 unda
968 3610 1157 3705 Virgilius:
1188 3616 1316 3702 Igneus
1346 3620 1398 3685 est
1424 3614 1494 3684 illis
1526 3615 1628 3703 uigor
1659 3619 1693 3685 et
1724 3615 1866 3685 causas

697 3735 821 3823 ort905
852 3731 933 3805 idao
967 3730 1106 3804 subdit:
1134 3728 1262 3822 perula?
1291 3733 1413 3820 r’ello,
1444 3731 1590 3824 scilicet,
1623 3733 1803 3824 voluntas,
1837 3735 1869 3803 si

694 3854 798 3944 pingo
824 3855 920 3923 assat
943 3871 965 3922 ο
985 3871 1090 3942 poca,
1108 3871 1174 3946 per
1200 3851 1274 3924 virn
1301 3853 1359 3926 vol
1386 3859 1539 3945 rnatum,
1559 3873 1662 3943 segue
1684 3855 1722 3924 la
1744 3858 1866 3946 sorra,

697 3971 966 4064 consentiendo,
992 3994 1011 4044 e
1035 3964 1106 4044 cosi
1131 3979 1257 4063 quau,
1291 3971 1437 4065 scilicet,
1464 3972 1632 4064 dominae,
1664 3974 1757 4065 sero,
1787 3980 1868 4066 post

698 4092 1005 4184 violentationam,
1035 4095 1211 4182 passando
1242 4095 1397 4185 ustionir
1424 4095 1483 4165 uel
1513 4096 1735 4186 taratolano,
1766 4092 1813 4166 ad
1829 4083 1865 4183 (³)

699 4212 960 4286 monasterium
990 4211 1051 4284 ubi
1078 4220 1257 4286 voverant
1282 4219 1447 4286 sanctam
1478 4213 1868 4287 continentiam-Se

694 4337 798 4426 losse.
825 4332 929 4404 Nunc
954 4333 1085 4424 probat
1111 4349 1177 4424 per
1201 4332 1414 4426 exemplum
1442 4333 1659 4426 humanum,
1678 4333 1775 4425 qrrod
1802 4352 1868 4407 uo-

697 4454 818 4525 luntas
839 4458 893 4525 ast
911 4451 1135 4540 inviolabilis,
1157 4451 1288 4544 primo,
1307 4453 1477 4546 exemplo
1494 4454 1689 4546 christiani,
1707 4454 1868 4528 secundo

697 4571 839 4667 pagani.
865 4571 917 4644 ad
945 4571 1043 4665 quod
1065 4571 1265 4664 sciendum,
1285 4572 1384 4665 quod
1402 4573 1621 4646 Laurentius
1638 4572 1705 4648 luit
1723 4573 1869 4648 natione

700 4691 870 4785 hispanus
904 4697 1072 4785 tempore
1108 4692 1207 4766 Dacii
1239 4693 1426 4766 saevissimi
1457 4692 1699 4786 imperatoris,
1733 4693 1796 4786 qui
1827 4699 1869 4765 ut

697 4818 824 4884 noturn
853 4818 906 4885 est
932 4813 1101 4885 omnibus
1136 4819 1216 4906 post
1245 4815 1362 4887 multa
1392 4833 1530 4908 genera
1560 4813 1764 4891 crudelium
1791 4819 1868 4887 tor-

759 5001 766 5056 t
771 4995 786 5056 ¹)
803 4997 828 5046 S.
845 4997 930 5060 aliqua
947 5005 1044 5048 contra.
1054 5026 1085 5037 -
1095 5000 1126 5049 Ε.
1142 4999 1255 5063 aliquem
1271 5004 1370 5051 contra.

760 5074 787 5134 [Ἰ
805 5073 834 5121 Ε.
853 5074 936 5136 agenti
953 5087 1004 5124 non
1022 5075 1131 5136 contari,
1146 5081 1236 5140 quala.
1431 5077 1457 5139 (⁸)
1474 5077 1505 5127 Ε.
1521 5076 1620 5129 mulcet
1635 5077 1676 5126 nd.
