4575 6842
712 959 783 1028 312
1100 969 1306 1026 couunruu
1331 967 1498 1024 annnorsr

709 1118 805 1206 trice,
831 1133 915 1209 quae
941 1114 1094 1210 parabat
1119 1113 1256 1189 ducere
1280 1133 1343 1188 me
1373 1112 1420 1187 ad
1451 1109 1725 1206 beatitudinem,
1751 1115 1881 1187 rivolta

708 1241 746 1311 in
770 1239 826 1312 sul
848 1239 991 1310 oinium
1013 1239 1144 1329 licaeo,
1170 1235 1235 1310 ubi
1260 1235 1380 1331 primo
1405 1239 1487 1332 erat
1510 1253 1534 1306 a
1557 1231 1711 1310 dexteru
1736 1253 1883 1329 currus,

710 1365 752 1434 ut
776 1356 892 1452 patuit
910 1355 945 1429 in
965 1355 1035 1430 tine
1053 1355 1278 1451 Purgatorii3
1305 1355 1364 1429 vel
1386 1355 1456 1428 hoc
1472 1373 1541 1448 pro
1561 1358 1660 1428 tauto
1680 1353 1777 1448 dicit,
1797 1354 1883 1447 quia

710 1484 815 1554 orant
840 1477 992 1573 oppositi
1018 1483 1142 1551 nostro
1167 1475 1264 1569 situi,
1282 1475 1331 1555 ita
1351 1473 1451 1569 quod
1468 1473 1522 1548 sol
1547 1474 1622 1556 ibat
1643 1474 1699 1549 'eis
1723 1473 1771 1558 ad
1796 1474 1883 1548 sini*

711 1605 838 1692 stram,
860 1597 922 1672 ubi
949 1597 1052 1672 nobis
1078 1596 1177 1672 vadit
1192 1595 1238 1670 ad
1255 1596 1447 1670 dexteram
1469 1594 1591 1669 eundo
1612 1615 1742 1673 versus
1758 1595 1884 1678 orien-

713 1726 799 1810 tem,
825 1741 844 1793 e
867 1720 1065 1810 riquardus·
1086 1718 1144 1790 nal
1157 1719 1242 1807 sole,
1264 1715 1367 1810 idest,
1387 1721 1571 1790 aeternum
1596 1714 1711 1797 sotem
1732 1715 1883 1811 justitie

712 1839 842 1914 Deum.
869 1839 913 1912 Et
938 1837 1052 1933 tangit
1078 1836 1313 1932 perspicuum
1333 1835 1485 1910 modum
1504 1855 1583 1909 suae
1598 1834 1800 1910 intuitionis
1816 1855 1884 1931 per

713 1959 870 2034 nobilem
897 1957 1208 2053 comparationem
1235 1956 1369 2050 aquilae
1391 1955 1614 2051 respicientis
1635 1963 1804 2037 nostrum
1820 1977 1883 2030 so·

710 2080 782 2154 lem
808 2077 1027 2153 sensibilem.
1054 2077 1098 2150 Et
1124 2083 1179 2155 est
1203 2076 1261 2150 liic
1278 2075 1352 2150 lina
1370 2081 1494 2150 mente
1513 2074 1881 2151 animadvertendum

710 2198 809 2293 quod
847 2199 988 2272 Dantes.
1021 2196 1145 2271 videre
1160 2190 1196 2288 (¹)
1224 2216 1310 2271 meo
1339 2216 1413 2270 non
1438 2201 1583 2290 poterat
1610 2195 1732 2270 lacere
1761 2196 1883 2292 perte*

710 2320 863 2394 ctiorem
881 2316 1194 2412 comparationem
1216 2336 1284 2390 neo
1304 2316 1421 2412 magis
1439 2316 1637 2411 propriam,
1657 2315 1687 2390 si
1706 2315 1881 2392 volumus·

709 2439 882 2535 colligere
909 2437 1046 2512 nobiles
1072 2436 1311 2531 proprietates
1328 2437 1471 2529 aquilae.
1491 2435 1621 2530 Aquila
1635 2435 1739 2511 enim
1761 2436 1882 2532 primo

713 2566 768 2636 est
785 2558 862 2634 avis
873 2577 1009 2652 magna
1028 2556 1143 2650 valde,
1171 2555 1251 2630 talis
1274 2563 1331 2631 est
1355 2556 1434 2632 haec
1452 2577 1559 2631 sacra
1574 2556 1736 2651 scientia,
1754 2563 1792 2631 et
1815 2558 1882 2633 ha·

710 2678 772 2754 bet
797 2677 874 2752 alas
898 2674 1004 2751 valde
1031 2696 1194 2772 magnas,
1216 2682 1378 2750 rostrum
1404 2696 1596 2773 magnum,
1617 2681 1655 2752 et
1668 2676 1792 2758 ¹fortes
1814 2697 1884 2750 uu·

711 2819 814 2895 goes,
836 2798 885 2872 ita
910 2797 977 2871 ista
995 2796 1117 2891 aquila
1137 2796 1266 2870 nobilis
1286 2803 1342 2872 est
1362 2796 1489 2893 regina
1508 2797 1665 2872 aliarum
1687 2796 1812 2872 avium
1830 2788 1881 2891 (²),

710 2920 758 2996 ita
777 2919 845 2994 ista
863 2926 918 2993 est
935 2938 1046 3013 super
1063 2938 1192 2992 omnes
1210 2917 1296 3013 quia
1309 2916 1430 2993 divina
1444 2917 1600 3014 imperat
1617 2926 1655 2993 et
1670 2918 1882 3000 dominatur

709 3039 889 3117 humanis.
916 3038 1046 3132 Aquila
1073 3039 1170 3113 ultra
1190 3046 1342 3114 celeras
1365 3059 1454 3114 aves
1472 3039 1569 3114 volat
1588 3039 1697 3114 altius
1721 3045 1759 3114 et
1784 3038 1884 3115 videt

708 3162 865 3254 acutius,
879 3159 928 3234 ita
938 3150 976 3250 (³)
990 3158 1136 3232 Beatrix
1154 3159 1232 3233 sola
1248 3158 1412 3234 ascendit
1428 3159 1564 3233 coelum
1582 3164 1620 3234 et
1632 3159 1730 3234 videt
1743 3160 1881 3257 Douma

708 3279 892 3375 inquisitio
918 3279 1014 3354 enim
1043 3278 1235 3374 theologiae
1260 3287 1316 3354 est
1340 3299 1454 3354 causa
1475 3279 1716 3376 cognoscendi
1741 3279 1880 3374 lleum3

709 3400 806 3475 unde
832 3398 1013 3496 theologia
1039 3405 1195 3473 vocatur
1224 3398 1373 3482 scientia
1401 3404 1481 3494 post
1507 3405 1691 3493 naturam,
1717 3419 1800 3494 qnae
1826 3405 1882 3479 est

709 3520 789 3596 finis
813 3519 1048 3596 scientiarum
1076 3527 1113 3594 et
1138 3519 1311 3614 perfectio
1330 3539 1481 3614 earum;
1500 3520 1578 3616 ipsa
1598 3519 1697 3602 euim
1717 3529 1773 3598 est
1798 3521 1880 3602 linis

708 3643 753 3721 ad
780 3663 891 3737 quem
919 3640 1033 3716 tendit
1058 3640 1179 3714 omnis
1196 3640 1381 3735 inquisitio
1396 3648 1434 3715 et
1450 3640 1487 3714 in
1506 3661 1549 3715 ea
1568 3640 1733 3734 quiescit.
1751 3640 1883 3736 Aquila

709 3763 785 3840 sola
803 3762 906 3837 inter¹
917 3781 1004 3836 aves
1024 3783 1094 3836 non
1112 3760 1340 3855 fulminatur,
1355 3768 1448 3836 teste
1459 3761 1585 3852 Plinio,
1604 3762 1698 3837 sicut
1714 3783 1783 3841 nec
1800 3764 1883 3839 lau·

709 3905 773 3960 rus
799 3883 893 3958 inter
919 3883 1090 3977 arbores3
1116 3883 1166 3957 ita
1196 3881 1264 3958 ista
1280 3869 1316 3973 (⁴)
1344 3882 1440 3957 inter
1465 3882 1635 3958 scientias
1664 3904 1737 3958 non
1763 3890 1882 3980 potest

709 4003 884 4099 eclipsari,
911 4003 1004 4082 sicut
1033 4010 1221 4078 ostensum
1248 4003 1316 4078 luit
1340 4004 1370 4076 ll
1395 4001 1555 4098 capitulo
1579 4003 1724 4078 lolerni.
1751 4005 1883 4110 Aquila

709 4124 786 4199 sola
808 4123 941 4198 intueri
959 4129 1077 4219 potest
1100 4123 1220 4198 radios
1236 4123 1332 4215 solis,
1354 4130 1392 4198 et
1417 4123 1509 4198 lilios
1529 4145 1604 4200 nou
1624 4127 1787 4210 ualentes
1810 4127 1882 4212 hoc

709 4245 831 4322 lacere
855 4264 928 4318 non
955 4243 1068 4317 nutrit
1093 4243 1157 4318 sed
1182 4244 1345 4339 expellit3
1363 4254 1401 4321 et
1426 4244 1801 4340 incesserimus
1826 4253 1882 4322 est

707 4365 786 4442 avis
805 4363 890 4440 boni
907 4364 1055 4460 augurii
1074 4385 1148 4438 non
1164 4366 1283 4440 solum
1302 4364 1400 4461 apud
1417 4373 1553 4460 poetas,
1571 4366 1635 4442 sed
1654 4367 1765 4443 etiam
1777 4368 1881 4463 ’apud

708 4485 909 4579 historicos,
930 4490 967 4558 et
989 4484 1109 4560 adhuc
1135 4505 1210 4559 una
1235 4505 1353 4580 penna
1379 4486 1513 4580 aquilae
1537 4486 1731 4570 coniuncta
1757 4487 1883 4570 multis

708 4605 834 4700 pennis
851 4603 990 4681 anseris
1005 4604 1186 4679 consumit
1199 4625 1280 4699 eas3
1298 4612 1336 4680 et
1352 4604 1438 4680 dicit
1450 4605 1621 4684 libertus
1634 4626 1675 4681 se
1692 4607 1883 4689 missuum

1750 4743 1879 4754 .—.—.

769 4793 796 4852 l')
813 4796 836 4851 l,
853 4792 933 4842 rideri
950 4795 1018 4843 meo.

770 4867 797 4927 ζ’]
812 4867 843 4918 Ε.
860 4871 953 4928 artum.
978 4870 1045 4922 siout
1068 4875 1107 4922 cst
1132 4872 1180 4922 lala
1195 4873 1302 4926 nouum
1316 4885 1396 4936 super
1410 4885 1502 4926 omues
1522 4861 1648 4927 nummus
1668 4871 1795 4932 menone,
1819 4873 1879 4937 qut·

708 4945 791 4993 diuina
808 4943 918 5006 imporat
935 4951 969 4995 ol.
1603 4941 1605 4947 ¹
1725 4945 1728 4949 ’

772 5018 798 5080 (¹)
815 5019 845 5070 E.
863 5021 897 5070 ila
914 5021 960 5071 isla
977 5023 1081 5073 scienllu
1098 5022 1211 5074 Bealrix.
1253 5021 1259 5028 '
1323 5022 1359 5029 ”

772 5095 799 5160 (¹)
816 5098 846 5148 Ε.
863 5098 898 5148 tu
914 5099 961 5150 uu
977 5099 1082 5154 soienlla
1097 5103 1166 5152 luter
1180 5102 1308 5155 selmum.
1361 5156 1364 5162 ,
