4575 6842
860 977 998 1034 caurus
1022 979 1165 1035 paruus.
1528 966 1597 1034 301

424 1124 501 1199 sius
515 1124 609 1198 libro
623 1122 830 1197 Fastorum.
845 1124 937 1199 llicit
955 1144 1046 1221 ergo
1063 1124 1226 1199 breviter
1239 1124 1338 1219 qnod
1350 1126 1514 1221 Marsyas
1531 1124 1601 1197 init

345 1278 368 1316 x
426 1242 585 1318 rusticus
610 1242 772 1318 silvanus
797 1243 843 1319 de
868 1263 1007 1339 genere
1032 1230 1255 1341 satyrorum,
1280 1245 1343 1340 qui
1369 1243 1600 1340 praesumpsit

391 1382 400 1394 “
426 1370 570 1439 temere
595 1383 799 1458 provocare
824 1364 1026 1458 Apollinem
1053 1363 1099 1438 ad
1124 1371 1314 1439 certamen
1340 1364 1376 1437 in
1402 1370 1484 1439 arte
1514 1384 1600 1438 mn-

426 1485 511 1577 sica,
531 1483 656 1559 volens
674 1504 851 1579 superare
868 1484 970 1558 illum
987 1478 1023 1577 ι’)
1043 1484 1248 1580 pulsantem
1268 1485 1386 1580 lyram
1404 1505 1491 1559 eum
1512 1484 1599 1560 tibia

425 1624 494 1678 sua
508 1625 592 1699 quae
609 1605 731 1679 tuerat
748 1604 918 1699 Palladis;
937 1604 999 1680 sed
1020 1604 1137 1679 victus
1152 1605 1201 1678 ab
1218 1604 1382 1699 Apolline
1399 1604 1466 1678 luit
1487 1625 1600 1681 exco-

425 1724 540 1799 riatus
559 1725 607 1799 ab
632 1746 689 1819 eo,
704 1724 754 1799 ita
774 1726 873 1820 quod
890 1724 1054 1801 detracta
1071 1725 1166 1820 pelle
1184 1726 1345 1821 Marsyas
1358 1716 1397 1817 ι’)
1418 1725 1597 1800 remansit

425 1850 524 1919 totus
549 1846 785 1943 sanguineus,
804 1846 890 1941 quia
909 1846 1048 1921 rubeus
1074 1851 1112 1920 et
1137 1846 1278 1941 pudore
1295 1845 1470 1920 conlnsus
1487 1852 1526 1921 et
1542 1851 1601 1919 to·

423 1970 483 2039 tus
517 1971 696 2059 tremens,
723 1970 761 2040 et
792 1966 941 2061 sanguis
966 1966 1046 2041 eius
1072 1965 1211 2042 calidus
1243 1986 1446 2051 conversus
1475 1971 1531 2041 est
1562 1965 1599 2039 in

424 2105 561 2179 aquam
588 2085 774 2181 frigidam:
802 2105 888 2160 nam
914 2106 1116 2161 conversus
1133 2086 1326 2181 inaquam
1344 2086 1428 2161 iecit
1444 2084 1596 2161 duvium

426 2204 664 2301 purissimum
691 2206 856 2303 phrygiae
882 2205 1050 2302 regionis.
1077 2206 1112 2281 Si
1139 2206 1194 2280 vis
1225 2214 1326 2282 recte
1350 2205 1476 2282 videre
1507 2205 1599 2280 alle-

425 2325 568 2421 goriam
596 2325 699 2399 istius
715 2317 750 2418 (³)
780 2326 920 2401 labellae
942 2346 1096 2402 recurre
1112 2326 1158 2401 ad
1177 2347 1220 2402 ea
1247 2346 1331 2421 quae
1356 2326 1488 2421 scripta
1511 2331 1598 2400 sunt

425 2442 472 2518 de
497 2446 677 2539 Arachne,
709 2446 949 2541 *Purgatorii
974 2447 1133 2542 capitulo
1164 2448 1250 2542 xl13
1277 2447 1473 2541 utrobique
1497 2447 1597 2521 enim

426 2564 610 2662 liguratur
635 2566 732 2641 idem
760 2566 936 2641 ellectus:
962 2567 1056 2641 sicut
1073 2567 1172 2643 enim
1189 2554 1441 2659 Aracbne*(‘)
1463 2567 1599 2641 semina

426 2703 492 2780 per
527 2687 725 2780 superbam
764 2685 918 2783 gloriam
951 2686 1143 2762 attentavit
1177 2707 1380 2783 provocare
1413 2686 1597 2761 Palladem

426 2805 532 2879 deam
559 2805 745 2900 sapientiae
772 2806 945 2901 inopere
972 2806 1140 2901 textrino,
1167 2805 1231 2881 sed
1255 2806 1351 2881 victa
1381 2813 1419 2880 et
1448 2806 1599 2880 coniusa

426 2944 604 2999 conversa
636 2932 690 2999 est
720 2924 757 2998 in
788 2945 942 3001 vermen
968 2926 1159 3002 iacientem
1186 2927 1296 3001 telam
1323 2926 1389 3000 etsi
1414 2925 1599 3020 subtilem,

423 3051 548 3121 tamen
581 3044 760 3141 fragilem,
786 3046 963 3121 caducam
995 3055 1033 3121 et
1062 3046 1246 3142 inutilem;
1281 3047 1330 3121 ita
1355 3048 1516 3144 Marsyas
1541 3046 1598 3121 vir

420 3166 577 3241 irritavit
601 3166 803 3262 Apollinem
830 3167 942 3243 deum
969 3168 1154 3262 sapientiae
1171 3168 1209 3242 in
1226 3188 1339 3263 opere
1355 3170 1509 3263 musico,
1530 3168 1596 3244 sed

423 3286 540 3361 victus
565 3292 602 3361 et
627 3292 822 3381 superatus
847 3286 915 3361 suit
939 3287 1113 3383 spoliatus
1138 3288 1245 3383 pelle,
1263 3287 1364 3383 idest,
1382 3288 1594 3384 apparentia

421 3406 595 3483 exteriori
622 3414 659 3483 et
684 3407 902 3503 superliciali
929 3430 1002 3503 qua
1021 3415 1099 3483 erat
1117 3409 1274 3504 inllatus,
1293 3416 1330 3484 et
1347 3410 1498 3485 evanuit
1516 3409 1597 3497 ina-

424 3528 480 3603 nis
499 3528 675 3624 jactantia
701 3528 791 3603 eius.
810 3529 872 3603 Est
892 3548 982 3625 ergo
1007 3529 1102 3605 bene
1128 3550 1288 3604 consona
1314 3529 1428 3623 lictio;
1454 3549 1540 3603 nam
1567 3528 1598 3602 si

422 3648 569 3745 respicis
595 3650 689 3723 duos
717 3655 830 3743 utres,
856 3649 1015 3723 alterum
1042 3649 1204 3745 plenum,
1230 3651 1389 3725 alterum
1417 3649 1597 3742 indatum,

396 3776 508 3844 'sunt
533 3768 697 3845 eiusdem
724 3769 949 3863 quantitatis,
973 3770 1036 3844 sed
1063 3790 1136 3843 non
1162 3769 1352 3864 bonitatis3
1378 3769 1472 3844 alter
1496 3770 1596 3844 enim

420 3898 475 3965 est
501 3891 631 3987 plenus
658 3898 781 3985 vento,
807 3891 901 3965 alter
926 3890 1011 3963 vino
1036 3889 1094 3965 vel
1121 3890 1214 3965 oleo.
1242 3890 1327 3965 ldeo
1353 3891 1448 3965 bene
1477 3889 1597 3965 bonus

421 4020 459 4087 et
484 4012 626 4108 sapiens
652 4018 759 4108 poeta
786 4012 919 4085 Dantes
943 4016 1045 4105 optat
1070 4016 1106 4085 et
1132 4010 1222 4105 petit
1246 4010 1326 4084 lieri
1351 4032 1417 4084 vas
1443 4012 1593 4105 plenum

422 4133 559 4228 optimo
578 4140 615 4207 et
635 4133 732 4208 dulci
759 4132 903 4227 liquore
919 4130 1115 4226 sapientiae,
1134 4136 1177 4204 ut
1194 4150 1299 4205 more
1320 4130 1491 4226 Apollinis
1511 4152 1596 4226 pos-

420 4253 467 4328 sit
491 4253 717 4356 coninndere
742 4254 897 4327 aemulos
922 4252 1132 4349 ignorantes
1166 4251 1203 4324 in
1238 4258 1349 4325 cantu
1383 4251 1525 4347 poetico
1559 4251 1596 4326 in

420 4375 485 4449 ista
514 4374 620 4449 tertia
647 4373 806 4466 Cantica,
824 4373 919 4447 sicut
941 4379 978 4447 et
1003 4393 1119 4445 musae
1145 4378 1409 4447 converterunt
1434 4371 1596 4448 Pierides

418 4494 455 4566 in
481 4493 591 4587 picas,
613 4500 654 4568 ut
671 4493 798 4589 pulcre
815 4491 967 4587 exposui
986 4492 1105 4587 primo
1123 4498 1233 4565 cantu
1255 4492 1483 4588 Purgatorii;
1501 4492 1598 4567 sicut

420 4612 559 4688 calidus
592 4621 629 4689 et
659 4612 841 4709 superbus
872 4612 1021 4708 sanguis
1051 4614 1205 4708 llarsyae
1239 4631 1441 4687 conversus
1471 4619 1529 4687 est
1561 4613 1597 4685 in

419 4754 557 4828 aquam
586 4734 751 4831 lrigidam
780 4739 816 4808 et
842 4732 986 4807 labilem
1014 4732 1113 4805 lluvii
1140 4730 1368 4826 velocissimi,
1390 4752 1503 4827 quem
1530 4732 1597 4807 de-

420 4854 545 4929 scribit
557 4854 713 4942 Quintus
730 4853 878 4928 Curtius
895 4852 988 4927 libro
1006 4853 1179 4946 secundo,
1195 4852 1257 4925 ubi
1273 4853 1374 4927 dicit:
1388 4851 1597 4928 Alexander

483 5044 511 5101 (ἰ
526 5042 556 5092 Ε.
573 5056 641 5092 eum.
724 5039 753 5103 (¹)
770 5041 798 5092 Ε.
816 5042 933 5104 illarspns
950 5042 1003 5103 ipse
1021 5042 1151 5091 remansit.
1234 5039 1261 5102 (⁸)
1277 5040 1304 5091 S.
1320 5054 1335 5089 c
1352 5040 1382 5089 E.
1399 5040 1471 5090 istius
1489 5039 1592 5090 rabula.

482 5120 510 5182 ι’)
526 5119 562 5169 Le
578 5119 667 5183 parole
683 5118 723 5169 ira
741 5120 748 5169 i
764 5119 815 5169 duo
831 5118 964 5169 asteriscbi
979 5131 1026 5169 ron
1042 5118 1154 5181 snpplite
1170 5118 1237 5182 dagli
1254 5117 1314 5168 altri
1331 5121 1372 5167 tre
1386 5115 1481 5167 (adiri.
