4575 6842
700 969 769 1036 142
1058 979 1263 1036 conburunt
1288 981 1508 1037 runuamuu

697 1147 900 1220 numquam
928 1127 1131 1202 nominabit
1145 1121 1182 1221 (⁴)
1210 1129 1321 1204 talem
1347 1128 1484 1224 iguem,
1503 1127 1590 1222 quia
1611 1127 1697 1201 nibil
1723 1128 1807 1204 lacit
1825 1127 1870 1204 ad

696 1267 807 1320 suum
833 1248 1081 1344 propositum:
1107 1249 1189 1323 talis
1216 1248 1313 1323 enim
1347 1248 1441 1344 iguis
1473 1268 1548 1322 nou
1578 1248 1678 1324 lucet
1703 1249 1740 1322 in
1765 1269 1871 1346 spera

696 1387 765 1440 sua
790 1376 827 1442 et
852 1388 926 1442 nou
952 1368 1036 1442 urit.
1063 1368 1182 1444 Debes
1200 1388 1291 1465 ergo
1307 1367 1544 1443 considerare
1561 1369 1660 1463 quod
1678 1376 1785 1465 poeta
1804 1390 1871 1444 uo-

696 1493 773 1562 ster
805 1488 853 1563 tle
882 1489 1096 1564 necessitate
1125 1489 1285 1564 babebat
1316 1487 1472 1562 transire
1501 1507 1568 1582 per
1602 1489 1725 1584 ignem
1759 1489 1868 1563 istum

698 1611 809 1685 etiam
836 1610 865 1683 si
891 1609 1016 1684 luisset
1036 1610 1297 1704 sanctissimus,
1322 1609 1416 1684 sieut
1441 1615 1478 1683 et
1503 1628 1632 1684 omnes
1655 1609 1789 1684 animae
1806 1629 1871 1684 er·

698 1737 829 1806 euntes
853 1730 1130 1826 purgatorium3
1157 1750 1243 1805 nam
1275 1736 1315 1803 ut
1346 1728 1463 1824 patuit
1494 1749 1560 1824 per
1586 1736 1717 1825 totum,
1743 1749 1872 1806 omnes

699 1851 833 1925 anime
850 1856 1066 1950 purgantur
1092 1849 1130 1922 in
1158 1849 1317 1943 cornice,
1343 1869 1427 1943 quae
1458 1849 1662 1924 circumdat
1693 1856 1871 1943 montem,

699 1991 765 2066 per
796 1991 909 2064 quam
942 1975 1049 2063 poeta
1081 1955 1256 2044 continuo
1286 1975 1438 2044 venerat
1470 1969 1665 2064 usquead
1699 1970 1870 2044 ultimum

699 2091 879 2165 circulum
917 2089 1194 2165 luxuriosorum
1233 2089 1537 2164 circumcinctum
1575 2089 1683 2186 igne3
1725 2090 1807 2165 ideo
1841 2087 1870 2162 si

697 2210 844 2286 volebat
874 2231 972 2285 nunc
1003 2211 1107 2285 exire
1135 2217 1174 2286 et
1204 2209 1403 2286 ascendere
1437 2210 1483 2284 ad
1515 2231 1694 2286 cacumen
1727 2210 1871 2303 montis,

699 2350 773 2403 non
806 2337 950 2425 poterat
979 2331 1138 2406 evadere
1171 2331 1260 2425 quin
1295 2331 1467 2406 transiret
1497 2351 1563 2426 per
1592 2331 1702 2405 istum
1733 2333 1868 2429 ignem.

697 2449 814 2546 Fingit
851 2458 978 2525 autem
1008 2452 1104 2525 bene
1137 2470 1181 2525 se
1219 2455 1364 2526 tantum
1399 2451 1623 2546 extimuisse,
1649 2451 1737 2546 quia
1761 2459 1870 2526 natu-

698 2570 824 2645 raliter
852 2569 1061 2644 incendium
1095 2570 1190 2667 ignis
1220 2577 1274 2645 est
1308 2569 1469 2646 terribile
1503 2571 1626 2666 valde,
1656 2577 1693 2646 et
1725 2571 1802 2666 ipse
1837 2571 1874 2644 in

699 2689 857 2785 speciali,
886 2691 973 2784 quia
998 2690 1118 2765 suerat
1143 2689 1340 2784 aliquando
1366 2689 1535 2765 incensus
1560 2691 1644 2787 igne
1670 2691 1870 2766 mulierum

698 2809 877 2884 sentiebat
907 2830 1117 2885 remorsum
1150 2809 1391 2885 conscientie.
1426 2809 1511 2885 ldeo
1540 2811 1635 2886 bene
1665 2831 1764 2886 nunc
1793 2817 1873 2906 post

700 2929 956 3026 purgationem
987 2928 1201 3025 generalem
1232 2929 1399 3003 omnium
1433 2929 1606 3004 vitiorum
1638 2930 1741 3027 fingit
1775 2931 1873 3025 quod

699 3049 856 3124 finaliter
880 3041 1102 3141 affinaturt')
1130 3049 1168 3122 in
1192 3049 1289 3145 igne,
1307 3049 1370 3143 qui
1387 3057 1443 3124 est
1460 3049 1629 3143 quaedam
1654 3051 1873 3147 praeparatio

698 3177 736 3246 et
763 3169 974 3246 rectificatio
997 3168 1046 3243 ad
1068 3168 1343 3244 ascendendum
1368 3169 1416 3244 ad
1440 3171 1603 3266 coelum;
1625 3172 1723 3247 unde
1747 3179 1872 3268 postea

699 3291 883 3367 lavabitur
907 3291 945 3364 in
970 3290 1134 3384 flumine,
1160 3297 1203 3363 ut
1233 3291 1392 3364 babetur
1421 3291 1519 3366 finali
1550 3291 1708 3388 capitulo
1734 3315 1872 3390 purga·

700 3411 792 3504 torii,
818 3409 913 3485 sicut
938 3416 975 3486 et
999 3411 1087 3485 lotio
1113 3431 1226 3505 quam
1260 3410 1344 3486 lecit
1374 3411 1440 3484 sibi
1462 3411 1631 3509 Virgilius
1664 3413 1784 3508 primo
1809 3435 1874 3488 ca-

698 3530 813 3626 pitulo
845 3531 912 3607 luit
946 3531 1116 3626 quedam
1153 3531 1331 3606 abstersio
1365 3531 1597 3625 turpitudinis
1611 3523 1648 3627 (Β)
1676 3534 1873 3629 infernalis,

698 3657 736 3726 et
760 3651 926 3727 cinctura
947 3651 1050 3747 iunci
1076 3651 1144 3725 luit
1176 3652 1346 3746 quedam
1376 3652 1593 3748 preparatio
1618 3652 1664 3729 ad
1695 3663 1874 3752 purgato·

700 3770 874 3844 rium-
893 3777 1052 3848 Voberst.
1079 3774 1144 3847 llic
1170 3780 1278 3868 poeta
1311 3773 1467 3849 ostendit
1495 3775 1756 3870 pulcerrimum
1788 3797 1874 3872 per-

699 3891 908 3968 suasionem
944 3894 1082 3991 llirgilii
1119 3901 1248 3968 contra
1288 3894 1459 3969 timorem
1494 3916 1623 3991 suum,
1661 3897 1808 3973 dicens:
1841 3902 1872 3973 lc

698 4011 809 4085 boone
833 4021 959 4106 scorto,
984 4013 1130 4108 scilicet,
1157 4012 1328 4110 Virgilius
1353 4019 1390 4089 et
1415 4014 1551 4089 Statius
1579 4015 1666 4090 boui
1692 4025 1810 4114 poetae
1835 4025 1873 4094 et

698 4142 866 4209 oratores
891 4134 961 4229 qui·
980 4135 1236 4229 praecedcbant
1254 4153 1335 4229 me3
1357 4156 1376 4208 e
1408 4137 1563 4227 Vegetio,
1582 4137 1645 4230 qui
1666 4146 1748 4213 erat
1774 4140 1873 4235 prin-

698 4251 822 4347 cipalis
847 4260 952 4348 pater
982 4259 1019 4328 et
1050 4260 1254 4349 preceptor
1280 4274 1397 4350 meus,
1423 4257 1472 4328 oti
1496 4257 1605 4330 disse:
1626 4260 1765 4350 figlino!
1787 4262 1872 4351 mio,

698 4372 758 4464 oui
779 4379 882 4464 puoto
905 4393 1000 4446 esser
1024 4381 1207 4466 mmmm,
1226 4394 1286 4448 mo
1306 4395 1379 4448 non
1395 4382 1515 4450 morte.
1536 4375 1646 4464 Quasi
1663 4377 1778 4453 dicat:
1805 4379 1874 4454 iste

697 4487 789 4586 ignis
814 4491 1017 4588 purgatorii
1047 4491 1133 4587 urit,
1160 4491 1224 4568 sed
1256 4513 1330 4568 nou
1363 4496 1558 4589 consumit,
1591 4504 1628 4572 et
1657 4498 1789 4574 melius
1818 4505 1874 4574 est

698 4609 757 4682 uri
783 4631 897 4704 quam
928 4610 1033 4685 mori.
1059 4612 1105 4686 Et
1127 4613 1259 4708 probat
1283 4634 1305 4688 a
1333 4614 1464 4690 minori
1490 4600 1587 4711 guod
1620 4617 1752 4693 debeat
1779 4619 1875 4694 bene

698 4749 860 4826 sperare,
887 4731 1028 4807 dicens:
1055 4735 1483 4831 Ricordoti,ricorduti...,
1501 4735 1587 4810 dicit
1604 4737 1658 4812 bis
1682 4739 1729 4813 ad
1755 4739 1874 4814 maio-

700 4869 782 4922 rem
815 4851 1101 4947 expressionem,
1125 4875 1145 4927 e
1169 4875 1206 4927 se
1229 4857 1279 4945 io,
1311 4855 1410 4929 solus
1443 4854 1521 4932 siue
1550 4854 1675 4951 Statio,
1703 4861 1874 4950 opstant

763 5035 791 5098 (¹)
808 5041 864 5097 ¹1⁷,
879 5038 1004 5090 nomint.
1192 5037 1221 5103 (¹)
1238 5039 1269 5091 lt.
1286 5039 1412 5093 abiciatur
1427 5043 1455 5093 ln
1470 5045 1538 5108 igne,
1554 5057 1613 5109 qno
1629 5048 1677 5096 cet.

764 5113 790 5177 Γ)
807 5113 837 5164 B.
855 5114 1045 5178 turpltndlnum
1061 5117 1237 5180 infernalium,
1252 5122 1288 5170 ot.
