4575 6842
751 975 891 1031 murus
915 977 1114 1033 vincemus·
1132 977 1303 1034 ocravus.
1542 963 1610 1032 163

439 1119 538 1195 venti
563 1119 634 1194 sint
658 1119 781 1195 llaturi
805 1139 873 1216 per
899 1119 1087 1195 triduum:
1114 1119 1214 1195 unde
1237 1119 1376 1195 dictum
1403 1130 1459 1198 est
1484 1125 1613 1197 ventos

438 1240 605 1336 paruisse
628 1240 729 1316 Eolo.
754 1240 842 1315 Aliae
853 1246 1029 1335 cuatuor
1054 1246 1141 1314 sunt
1158 1240 1309 1314 minoris
1325 1241 1446 1335 lamae,
1463 1242 1510 1316 de
1529 1239 1614 1335 qui-

438 1360 510 1434 bus
526 1359 638 1436 etiam
655 1359 819 1454 loquitur
836 1359 1036 1434 Martianus
1052 1360 1209 1455 Capella.
1227 1360 1247 1433 J
1250 1359 1390 1436 ustinus
1408 1381 1499 1436 vero
1515 1360 1613 1455 dicit,

433 1480 540 1576 quod
563 1480 674 1555 Eolus
698 1478 866 1555 extinctis
885 1479 1102 1576 Cyclopibns
1127 1500 1286 1578 regnum
1304 1480 1433 1555 Siciliae
1453 1501 1613 1575 occupe-
1668 1504 1672 1510 ’

441 1601 493 1704 rit
509 1589 790 1676 etc-Gidllic
801 1606 909 1695 poeta
922 1598 1094 1676 describit
1105 1621 1244 1695 aquam
1262 1600 1478 1697 irrigantem
1501 1599 1612 1674 istum

440 1721 682 1798 amoenissum
699 1720 861 1795 bortum.
878 1721 924 1794 Et
940 1720 1061 1816 primo
1077 1720 1295 1796 continuans
1319 1741 1371 1815 se,
1391 1719 1488 1815 dicit,
1515 1720 1613 1815 quod

441 1862 529 1918 curn
554 1846 649 1916 esset
673 1841 760 1916 satis
785 1841 978 1937 elongatus
1002 1862 1025 1916 a
1051 1840 1130 1936 ripa
1156 1839 1293 1936 reperit
1318 1840 1473 1916 iluvium
1500 1840 1614 1915 inter-

443 1968 677 2056 rumpentem
703 1981 815 2035 suum
840 1960 910 2034 iter
927 1967 1083 2035 rectum.
1102 1960 1206 2034 Unde
1230 1959 1335 2035 dicit:
1360 1964 1383 2032 1
1405 1963 1486 2036 tend
1499 1963 1613 2054 passi,

442 2081 547 2176 quasi
571 2080 687 2156 dicat:
705 2080 789 2156 licet
806 2078 1014 2155 incederem
1040 2081 1150 2174 lente,
1167 2069 1228 2172 pit
1252 2082 1299 2153 m'
1312 2101 1426 2154 avoca
1451 2088 1615 2175 ινσερυν-

440 2208 527 2293 tcto,
543 2200 647 2295 idest,
664 2204 1002 2296 transportaverunt
1018 2219 1080 2274 me
1096 2220 1185 2274 curu
1205 2221 1338 2297 magna
1362 2200 1614 2296 delectatione,

296 2375 300 2381 ι
441 2323 541 2418 quod
568 2344 643 2398 uon
672 2320 951 2418 perpenderem,
981 2323 1105 2394 dcatro
1142 2323 1217 2395 ulla
1249 2324 1345 2394 sclua
1375 2323 1507 2413 antea,
1538 2342 1615 2416 qua

440 2443 541 2517 nulla
565 2447 621 2518 est
644 2440 841 2536 antiquior,
860 2440 947 2535 quia
964 2439 1014 2514 ibi
1038 2439 1144 2534 positi
1169 2439 1321 2516 luerunt
1345 2439 1454 2535 primi
1479 2460 1613 2537 paren·

441 2567 509 2656 tos,
543 2568 655 2656 uno,
690 2563 741 2634 cr
758 2563 794 2634 ro
822 2579 896 2633 non
923 2567 1029 2653 porea
1058 2562 1198 2633 rebor
1228 2561 1310 2634 one
1326 2561 1362 2634 o
1392 2562 1612 2654 m’entraor,
1760 2539 1762 2544 ’

442 2681 590 2776 quando
615 2702 638 2756 a
662 2679 839 2777 principio
864 2679 998 2754 recessi
1023 2700 1046 2754 a
1072 2679 1170 2774 ripa:
1197 2681 1242 2752 ed
1265 2699 1344 2752 ccco
1368 2699 1416 2754 uu
1436 2683 1507 2772 rio,
1525 2699 1614 2774 pro·

442 2801 577 2876 fundus
601 2808 640 2876 et
662 2806 788 2876 arctus
803 2791 841 2892 (¹)
862 2798 1059 2874 latitudinis
1084 2799 1197 2873 trium
1223 2820 1412 2894 passuum,
1430 2805 1473 2873 ut
1490 2806 1616 2895 postea

443 2921 598 2998 dicetur.
623 2921 690 2996 llic
713 2928 841 2996 autem
867 2925 948 2995 erat
972 2919 1107 2996 llurius
1136 2920 1307 2995 Letbaeus
1339 2919 1403 3014 qui
1434 2920 1563 3017 irrigat
1579 2911 1617 3012 (¹)

443 3040 555 3116 istum
580 3044 729 3117 bortum
755 3061 804 3116 er
834 3061 909 3116 una
942 3045 1066 3136 parte3
1093 3061 1180 3116 nam
1210 3060 1258 3114 ex
1289 3041 1360 3115 alia
1394 3046 1448 3116 est
1482 3040 1618 3118 lluvius

444 3162 629 3258 oppositus
653 3162 723 3256 isti,
740 3161 805 3256 qui
829 3161 959 3258 irrigat
974 3161 1083 3238 aliam
1102 3167 1267 3256 partem3
1288 3164 1337 3234 mi
1355 3163 1438 3236 colse
1463 3164 1617 3236 tamar

438 3277 516 3376 pro,
534 3283 637 3377 idest,
651 3282 853 3378 procedere
869 3282 1108 3378 ulteriusper
1124 3281 1195 3358 lter
1214 3282 1437 3378 incoeptum3
1452 3280 1534 3358 ideo
1550 3282 1618 3358 do-

446 3402 556 3497 mina,
581 3423 695 3498 quam
721 3401 883 3480 inveniet
906 3402 1040 3496 statim,
1066 3402 1177 3478 ducet
1202 3421 1291 3477 eum
1316 3423 1383 3497 per
1409 3401 1525 3498 ripam
1548 3403 1620 3476 tlu-

445 3521 552 3598 miuis
568 3523 686 3598 donec
704 3529 849 3620 merget
864 3543 953 3600 eum
970 3523 1008 3597 iu
1027 3543 1178 3617 aquam,
1196 3529 1233 3598 et
1249 3524 1512 3619 transportabit
1530 3544 1619 3600 eum

445 3645 554 3719 ultra.
579 3645 625 3718 llt
649 3643 771 3719 subdit
795 3643 1038 3720 excellentem
1062 3642 1346 3738 pulcritudinem
1379 3643 1483 3718 istius
1511 3665 1619 3739 aquae

446 3785 513 3862 per
536 3765 849 3861 comparationem
875 3766 1026 3859 claram,
1052 3762 1194 3838 dicens:
1213 3769 1292 3836 arcte
1316 3766 1460 3855 raeque
1479 3766 1539 3836 obe
1554 3785 1621 3838 sort

446 3889 485 3960 di
507 3905 592 3978 paro,
617 3885 654 3959 iu
668 3875 706 3977 (³)
731 3889 858 3960 nostro
882 3882 1035 3977 mundo,
1056 3877 1119 3976 ptri
1143 3885 1283 3974 monde,
1303 3881 1409 3976 sicut,
1433 3904 1531 3977 aqua
1561 3882 1621 3958 'li-

447 4005 519 4081 cini
542 4005 642 4100 apud
666 4003 829 4099 Papiam,
853 4010 892 4080 et
915 4023 1015 4098 aqua
1038 4002 1173 4078 Benaci
1189 4001 1287 4097 apud
1308 4003 1505 4096 Veronam,
1526 4023 1621 4095 par-
1676 4029 1679 4036 ·

446 4127 548 4200 ricco
579 4146 685 4200 overe
713 4127 752 4198 iu
779 4146 818 4198 se
849 4126 998 4198 nastwa
1029 4126 1172 4214 numm,
1206 4122 1309 4216 idest,
1344 4122 1621 4217 turbulentiam,

449 4266 552 4320 uerso
580 4249 618 4320 di
646 4247 773 4343 qwdo,
806 4244 911 4338 idest,
939 4243 977 4317 iu
1012 4241 1287 4339 comparatione
1316 4241 1363 4317 ad
1395 4263 1532 4336 aquam
1569 4243 1623 4317 le·

450 4367 594 4442 tbaeam.
621 4366 665 4439 ut
688 4363 894 4442 benedicit
919 4370 1027 4459 poeta
1052 4364 1150 4458 quod
1168 4363 1213 4436 sit
1230 4369 1307 4438 tam
1322 4362 1467 4438 sincera
1483 4368 1522 4438 et
1537 4363 1623 4436 lim-

450 4485 544 4582 pida,
571 4485 658 4581 quia
681 4505 780 4580 aqua
806 4483 994 4559 mundana
1023 4503 1098 4558 uon
1122 4484 1221 4558 lavat
1245 4483 1312 4556 nisi
1339 4482 1465 4558 sordes
1491 4502 1623 4578 corpo·

451 4628 548 4701 rum,
583 4606 651 4682 ieta
680 4625 772 4682 vero
800 4604 926 4680 sordes
958 4603 1182 4698 animarum,
1214 4606 1274 4676 obe
1302 4606 1401 4678 nullu
1432 4605 1623 4696 nascende,

450 4726 538 4821 quia
563 4747 677 4821 parra
701 4725 842 4802 festuca
866 4730 988 4821 posset
1004 4723 1120 4800 videri
1139 4723 1178 4798 in
1195 4722 1308 4798 londo
1325 4723 1416 4820 eius,
1435 4730 1473 4800 et
1498 4731 1623 4800 tamen

397 4841 400 4846 ’
450 4848 521 4922 boc
546 4846 692 4922 ridetur
717 4845 884 4920 mirabile
909 4864 997 4918 cum
1022 4844 1068 4918 sit
1088 4849 1165 4920 tota
1186 4849 1381 4940 cooperta3
1402 4844 1500 4920 unde
1516 4843 1621 4920 dicit:

514 5101 544 5168 (¹)
560 5103 591 5154 R
606 5101 682 5154 ⁸¹¹⁰&
806 5100 835 5168 (Ἰ
850 5103 884 5154 E·
898 5103 1030 5169 nepum
1155 5101 1182 5168 θ)
1197 5108 1254 5165 117,
1270 5103 1336 5156 ldcet
1351 5103 1379 5156 ln
1393 5105 1485 5156 nostro
1500 5102 1609 5156 mundo.
