4575 6842
738 931 809 999 476
894 908 897 911 ’
1129 946 1334 1003 sensurum
1359 948 1527 1003 ranamsr

736 1090 947 1167 immediate
972 1099 1010 1168 et
1034 1093 1376 1189 supernaturaliter,
1402 1092 1496 1169 siout
1521 1094 1684 1189 quotidie
1710 1104 1813 1175 creat
1832 1100 1911 1174 ani·

736 1232 815 1286 mas
832 1213 1027 1288 rationales
1044 1215 1104 1289 vel
1121 1214 1262 1289 revelat
1279 1215 1402 1310 aliqua
1419 1222 1572 1291 secreta.
1584 1216 1638 1291 Ad
1655 1216 1800 1294 literam
1819 1240 1910 1317 ergo

735 1332 881 1407 Beatrir
908 1334 1077 1429 proponit
1090 1326 1127 1426 (⁴)
1149 1333 1257 1409 istam
1284 1336 1489 1431 materiam,
1517 1334 1660 1412 dicens:
1693 1342 1746 1413 Or
1769 1342 1909 1413 rr‘torno

735 1474 760 1525 ιι
776 1456 976 1527 dichiarare
992 1457 1030 1527 tn
1047 1458 1151 1528 alcun
1169 1458 1258 1546 loeo,
1275 1454 1422 1550 scilicet,
1440 1477 1559 1529 unum
1584 1456 1723 1532 dictum
1749 1460 1907 1554 positum

735 1571 1010 1669 supraposito*
1032 1581 1067 1649 tu
1093 1580 1195 1667 venet·
1219 1570 1242 1649 n
1267 1569 1338 1649 rosi
1361 1578 1509 1671 com'io,
1539 1576 1640 1673 idest,
1663 1582 1705 1651 ut
1731 1578 1909 1675 intelligas

736 1693 847 1788 clare,
873 1693 967 1768 siout
992 1715 1062 1791 ego
1088 1694 1249 1791 intelligo
1275 1694 1421 1789 proprie
1447 1702 1484 1769 et
1509 1696 1645 1792 stricte,
1660 1718 1727 1789 per
1752 1702 1910 1791 empterti

735 1814 819 1887 dore
838 1816 923 1903 oeni
942 1817 1044 1905 deuo,
1065 1813 1211 1910 scilicet,
1230 1814 1455 1890 removendo
1477 1816 1600 1892 omnia
1623 1816 1732 1892 dubia
1750 1818 1906 1895 orientia

735 1954 851 2007 unum
879 1954 924 2008 en
952 1936 1079 2008 altero.
1107 1934 1151 2007 Et
1176 1954 1262 2009 ecce
1288 1934 1460 2009 dubium:
1492 1942 1527 2009 tu
1559 1938 1640 2028 diet,
1665 1936 1768 2033 idest,
1802 1946 1906 2034 potes

733 2054 856 2129 dicere
876 2062 912 2129 et
932 2055 1091 2129 obiicere
1117 2054 1225 2129 mihi:
1244 2060 1285 2129 lo
1304 2060 1425 2149 veppto
1441 2060 1469 2130 n
1480 2060 1576 2153 foco,
1598 2061 1761 2150 terqua,
1778 2062 1906 2149 tuere,

734 2178 770 2249 lu
805 2182 916 2269 terra,
949 2182 1110 2270 quatuor
1141 2178 1335 2271 elementa,
1368 2198 1386 2250 e
1425 2184 1503 2251 tutte
1534 2182 1590 2253 lor
1619 2181 1774 2272 motare,
1805 2177 1906 2273 idest,

733 2295 857 2370 omnia
882 2295 996 2369 mixta
1023 2316 1107 2391 quae
1131 2304 1404 2391 componuntnr
1435 2318 1482 2372 ex
1511 2298 1596 2393 ipsis
1621 2298 1820 2392 elementis,
1848 2320 1907 2373 oe-

732 2419 810 2489 rn're
834 2436 858 2488 a
882 2420 1092 2490 corrutione
1116 2439 1135 2490 e
1160 2420 1276 2491 deror
1297 2438 1400 2511 poco,
1429 2418 1522 2495 siout
1548 2420 1649 2493 clare
1674 2418 1840 2493 videmus
1867 2418 1904 2492 in

731 2534 978 2611 elementatis:
1005 2538 1189 2613 elementa
1211 2538 1321 2612 etiam
1348 2537 1441 2612 inter
1462 2560 1503 2613 se
1520 2538 1694 2613 continno
1720 2531 1915 2615 transmu?
1969 2620 1972 2629 ,

731 2662 857 2731 tantur
882 2656 928 2730 de
954 2677 1029 2731 uno
1055 2656 1091 2731 in
1117 2658 1228 2753 alind,
1247 2658 1332 2753 quia
1358 2657 1533 2733 continuo
1551 2678 1594 2733 ex
1619 2666 1718 2733 terra
1738 2658 1777 2733 fit
1794 2680 1902 2755 aqua,

730 2797 777 2852 er
803 2797 900 2871 aqua
926 2797 1003 2871 aer,
1030 2797 1076 2853 ex
1094 2797 1182 2853 aere
1200 2778 1315 2875 ignis3
1342 2800 1360 2851 e
1385 2786 1498 2871 queste
1523 2800 1600 2853 cose
1620 2800 1693 2873 pur
1713 2781 1778 2874 sur
1803 2802 1906 2854 ereo-

732 2903 820 2989 tere,
847 2898 949 2993 idest,
977 2920 1035 2973 res
1060 2907 1195 2974 creatae
1220 2920 1243 2973 a
1269 2892 1506 2993 Deo,percte',
1524 2920 1561 2972 se
1583 2892 1712 2973 ridete
1731 2902 1776 2973 to
1796 2904 1901 2996 dett),

732 3019 818 3114 quia
849 3026 889 3093 tu
921 3040 994 3093 non
1028 3028 1131 3115 potes
1164 3020 1320 3115 mentiri,
1347 3016 1368 3094 e*
1394 3027 1484 3093 sunto
1514 3042 1611 3115 vero,
1639 3024 1671 3093 st
1703 3042 1770 3116 pro
1804 3025 1900 3114 quia,

730 3138 816 3233 quia
843 3160 975 3214 verum
1002 3145 1069 3233 est,
1095 3161 1189 3213 esser
1215 3142 1367 3213 doorton
1384 3161 1503 3213 secure
1533 3141 1581 3213 do
1614 3144 1834 3216 corruzione.
1853 3184 1902 3197 -

733 3262 790 3332 Gli
825 3263 951 3351 enneli.
990 3260 1094 3333 Nuno
1131 3258 1279 3333 Beatrix
1310 3258 1394 3335 lacit
1431 3260 1647 3354 promissam
1684 3260 1901 3337 declaratio-

730 3399 827 3475 nem,
853 3380 992 3455 dicens:
1020 3384 1176 3474 Osrate,
1196 3380 1344 3475 scilicet,
1376 3381 1589 3477 reverende,
1620 3386 1671 3474 pli
1703 3386 1821 3475 arpen
1846 3386 1906 3456 e'l

725 3520 832 3596 paese
851 3504 1000 3595 sincero,
1020 3500 1155 3580 scilicet
1179 3502 1329 3597 ooelnm,
1355 3522 1489 3597 corpus
1510 3503 1664 3599 simplex
1689 3510 1726 3578 et
1751 3525 1901 3599 purum,

728 3625 787 3696 nel
813 3624 897 3714 quot
924 3627 960 3694 tn
984 3622 1043 3712 se’,
1070 3620 1128 3695 lnio
1160 3642 1309 3696 mecum
1341 3642 1428 3697 cum
1461 3630 1595 3719 mento,
1626 3626 1659 3697 si
1682 3645 1818 3716 possen
1843 3626 1901 3698 dir

728 3746 848 3835 creati,
862 3742 997 3816 scilicet
1013 3742 1171 3837 proprie,
1189 3746 1226 3815 tn
1244 3746 1322 3817 loro
1335 3764 1447 3817 essere
1466 3746 1593 3834 intero,
1608 3741 1710 3837 idest,
1725 3744 1897 3839 perlecto,

727 3856 757 3937 ri
781 3883 877 3936 come
900 3883 1000 3955 sone,
1029 3861 1106 3935 sine
1131 3861 1367 3958 corruptione
1393 3862 1451 3938 vel
1482 3861 1564 3958 fine,
1596 3862 1682 3957 quia
1714 3870 1799 3937 sunt
1829 3864 1899 3936 im-

729 3984 886 4059 mediate
901 3974 936 4075 (¹)
963 4002 986 4056 a
1012 3982 1087 4057 Deo
1113 3982 1191 4057 sine
1217 4004 1328 4078 opera
1355 3990 1509 4079 naturae,
1537 3983 1649 4060 etita
1678 3984 1810 4059 animae
1837 4004 1900 4057 ra-

727 4105 891 4199 tionaleS,
917 4103 1010 4178 siout
1035 4109 1161 4198 postea
1186 4103 1307 4179 statim
1329 4103 1443 4200 dioet3
1462 4126 1521 4178 mu
1539 4108 1591 4196 pli
1610 4108 1765 4179 elernentt
1783 4106 1843 4177 ode
1864 4112 1899 4179 tu

726 4226 787 4300 Ιιιιι·
810 4226 955 4314 morati,
979 4223 1081 4318 idest,
1109 4243 1207 4297 nunc
1233 4224 1439 4319 nominasti,
1465 4220 1561 4318 quia'
1584 4222 1630 4299 de
1662 4224 1729 4298 illis
1754 4224 1899 4299 dubita-

725 4346 803 4442 bas,
829 4367 848 4418 e
873 4346 980 4437 quelle
1004 4364 1082 4416 cose
1106 4345 1167 4416 cte
1190 4346 1228 4417 dt
1252 4347 1497 4440 terrisonae,
1518 4344 1622 4441 idest,
1640 4366 1796 4441 corpora
1815 4364 1898 4440 quae

726 4471 999 4562 componuntur
1025 4482 1071 4537 ex
1098 4462 1176 4559 illis,
1194 4486 1282 4538 sono
1298 4468 1481 4560 informati
1499 4468 1685 4539 daerente
1706 4461 1811 4556 otrtd,
1829 4465 1899 4540 sci-

724 4586 808 4663 licet
833 4585 928 4680 ooeli,
947 4584 1053 4659 ouius
1079 4591 1182 4658 motu
1209 4586 1269 4659 illa
1296 4586 1413 4661 virtus
1439 4584 1671 4660 informativa
1697 4584 1836 4660 inducit
1862 4584 1898 4659 in

725 4708 918 4783 materiam
937 4705 1230 4800 praeexistentem
1258 4707 1379 4782 varias
1400 4706 1537 4781 lormas
1563 4712 1599 4780 et
1621 4706 1784 4780 diversas
1802 4704 1898 4802 figu-

727 4850 797 4923 ras,
816 4848 900 4923 quae
920 4814 1009 4901 dant
1034 4826 1121 4901 illud
1149 4847 1228 4902 esse
1254 4827 1441 4925 singulare
1467 4826 1578 4902 rebus
1603 4846 1669 4921 per
1695 4825 1794 4921 quod
1822 4846 1894 4900 una

787 5088 816 5153 (¹)
832 5088 862 5138 Ε·
879 5089 964 5151 l>rimo
980 5090 1108 5152 ΡῐθΡθῦίῑ·
1297 5088 1325 5155 (¹)
1340 5090 1372 5142 E.
1388 5090 1536 5143 immediate
1553 5090 1634 5142 creatl
1650 5102 1664 5140 a
1681 5088 1745 5141 Deo.
