4575 6842
854 954 992 1012 caurus
1015 955 1187 1011 ourlvus
1539 945 1610 1012 503

436 1101 510 1177 licit
534 1101 571 1175 in
598 1107 702 1196 parte
727 1098 869 1197 frigida,
900 1106 937 1175 et
962 1101 1021 1176 leo
1046 1120 1120 1175 non
1147 1102 1236 1175 vivit
1260 1102 1297 1175 in
1312 1094 1349 1195 (¹)
1377 1100 1611 1198 septemtrio·

436 1222 509 1299 nali
534 1222 691 1297 climate.
706 1224 901 1296 -lirett
928 1221 994 1295 llic
1019 1221 1148 1295 ultimo
1174 1242 1220 1296 er
1248 1222 1350 1297 dictis
1372 1222 1526 1297 Carolus
1547 1222 1612 1296 dat

437 1364 553 1418 unum
580 1342 668 1417 utile
693 1340 884 1416 consilium
899 1332 936 1433 (ἲ)
965 1340 1172 1415 viventibus
1201 1340 1239 1415 in
1272 1342 1410 1416 mundo
1439 1342 1510 1417 sub
1536 1341 1613 1417 ior·

437 1470 538 1558 tuna,
564 1461 730 1536 videlicet
756 1467 798 1534 ut
822 1461 1045 1535 concordent
1076 1459 1262 1536 fortunam
1294 1482 1399 1536 suam
1426 1468 1608 1557 quantum

436 1584 605 1681 possibile
629 1588 703 1677 est3
730 1581 830 1656 unde
853 1581 961 1657 dicit:
988 1587 1021 1655 E
1042 1604 1080 1655 se
1103 1585 1132 1655 u
1154 1585 1298 1676 mondo,
1324 1582 1426 1677 idest,
1445 1582 1609 1658 viventes

437 1706 473 1781 in
500 1703 639 1778 mundo
664 1701 838 1795 interiori,
860 1722 1007 1795 poumse
1030 1710 1140 1776 mente
1162 1698 1282 1795 lodoici
1307 1706 1347 1776 ul
1365 1705 1607 1797 fondamento,

437 1826 540 1920 idest,
558 1823 743 1918 habilitati,
759 1824 820 1897 cbo
835 1830 967 1897 notura
982 1844 1087 1916 pone,
1105 1824 1254 1898 cuilibet
1271 1822 1421 1917 bomini,
1434 1822 1610 1913 sequendo

437 1950 498 2038 lui,
515 1949 620 2020 oorio
644 1945 760 2017 buorm
784 1948 821 2018 to
844 1952 953 2036 oeno.
982 1945 1023 2017 lit
1048 1944 1170 2019 subdit
1195 1944 1294 2038 quod
1320 1942 1486 2017 homines
1512 1961 1609 2036 saepe

436 2066 574 2142 iaciunt
598 2065 817 2161 oppositum,
842 2064 988 2139 dicens:
1015 2086 1075 2138 mo
1100 2066 1159 2137 ooi
1183 2070 1321 2149 torrete,
1346 2068 1474 2137 contra
1500 2068 1610 2136 natu-

437 2189 552 2262 ralem
579 2185 860 2279 inclinationem,
887 2188 961 2259 otta
990 2188 1169 2277 relinionc,
1195 2185 1297 2282 idest,
1323 2184 1437 2259 iacitis
1464 2182 1611 2280 religio-
1711 2264 1717 2281 ἱ

436 2328 520 2381 sum
546 2313 584 2381 et
608 2306 849 2400 sacerdotem,
875 2309 926 2378 tol
948 2308 1008 2379 cite
1030 2308 1081 2398 fio
1111 2312 1207 2397 noto,
1238 2305 1340 2399 idest,
1375 2309 1471 2379 esset
1503 2308 1610 2398 aptus

435 2432 555 2521 uatus,
580 2447 603 2498 o
629 2428 780 2517 demersi
804 2428 841 2498 to
863 2428 992 2519 spado,
1018 2426 1121 2521 idest,
1148 2425 1293 2500 militari
1320 2424 1498 2519 scientiae3
1525 2429 1609 2498 ete

436 2567 626 2641 converso,
659 2569 678 2620 e
707 2551 782 2641 sato
804 2567 846 2620 re
870 2550 909 2621 di
932 2550 984 2620 tat
1006 2544 1092 2621 cre*
1121 2549 1170 2621 do
1200 2566 1373 2639 sermore,
1406 2546 1508 2640 idest,
1543 2544 1607 2639 qui

435 2672 530 2741 esset
555 2667 673 2741 bonus
699 2666 902 2763 religiosus,
928 2666 992 2761 qui
1018 2667 1083 2741 scit
1109 2668 1204 2743 bene
1221 2665 1471 2743 sermocinari.
1493 2665 1537 2739 Et
1554 2664 1611 2740 vi·

435 2787 544 2863 detur
568 2788 638 2862 boc
669 2787 791 2863 dicere
824 2808 892 2883 pro
926 2808 1017 2885 rege
1047 2789 1209 2863 Roberto
1244 2788 1307 2883 qui
1332 2786 1610 2861 benefaciebat

435 2928 644 2983 sermonem
671 2913 709 2982 et
734 2908 892 2983 multum
919 2908 1180 2985 delectabatur.
1208 2909 1252 2982 ut
1276 2914 1378 2983 certe
1397 2926 1605 2981 sermonem

436 3016 509 3103 non
535 3029 630 3126 bene
655 3028 739 3104 iacit
765 3028 830 3103 nisi
857 3030 921 3124 qui
952 3036 1007 3104 est
1035 3029 1211 3126 sapientia
1244 3028 1419 3104 imbutus.
1451 3027 1495 3101 Et
1519 3046 1609 3130 vere

435 3148 608 3244 quicquid
633 3149 787 3246 dicatur,
814 3151 873 3225 bic
899 3170 965 3225 rer
984 3150 1052 3225 luit
1071 3150 1311 3245 civilissimus,
1329 3149 1608 3243 moralissimus,

405 3270 613 3370 librorum
648 3279 805 3367 amator,
840 3272 1069 3348 literatorum
1104 3270 1258 3365 amicus,
1293 3268 1487 3364 quinovit
1518 3268 1608 3343 dare

433 3390 571 3488 dignis3
597 3389 661 3467 sed
686 3399 793 3488 poeta
818 3398 928 3467 caute
959 3392 1059 3489 lingit
1091 3391 1262 3465 Carolum
1289 3389 1412 3465 dicere
1437 3388 1515 3483 ista,
1542 3387 1607 3483 qui

433 3512 609 3587 voluisset
647 3512 765 3608 potius
803 3513 1005 3587 Robertum
1045 3512 1124 3587 lieri
1164 3511 1315 3586 iratrem
1353 3509 1534 3584 blinorum
1554 3498 1607 3601 (³),

435 3653 548 3728 quam
568 3653 707 3730 regem,
726 3641 768 3707 ut
793 3654 948 3731 regnum
967 3632 1192 3729 pervenisset
1209 3630 1254 3706 ad
1273 3630 1457 3705 baeredem
1481 3648 1605 3702 suum.

435 3753 479 3826 Et
503 3753 686 3828 concludit
710 3752 888 3828 finaliter:
914 3756 1005 3829 onde
1034 3756 1071 3827 lo
1103 3756 1236 3826 boemo
1262 3758 1383 3826 vostro
1414 3747 1435 3825 e*
1460 3753 1544 3844 fuor
1569 3751 1608 3823 di

434 3875 574 3966 suado,
591 3874 694 3969 idest,
714 3874 864 3971 vestigia
886 3881 1007 3950 vestra
1029 3880 1115 3947 sunt
1134 3872 1356 3947 extrariam
1375 3878 1518 3945 naturae
1535 3876 1605 3945 etc.

495 4135 522 4198 (¹)
539 4136 569 4187 li.
586 4137 612 4186 ln
628 4137 739 4201 septimo
755 4137 867 4188 climata
961 4134 989 4198 (¹)
1005 4142 1029 4197 t,
1045 4135 1203 4199 exemptum.
1297 4132 1325 4195 (⁸)
1341 4132 1370 4184 li.
1388 4132 1529 4185 Mlnorom.

832 4611 927 4665 rnus
951 4609 1040 4665 roan
1065 4610 1213 4677 oulnrr.
