4575 6842
731 989 871 1046 cunnus
894 991 1288 1074 vreusruusounnrus.
1549 981 1597 1049 85

423 1146 564 1238 guntur
589 1138 700 1237 geniti
726 1119 764 1212 iu
788 1157 887 1232 aere,
914 1137 951 1212 in
971 1118 1087 1230 nube,
1104 1136 1403 1212 adiudicandum
1429 1139 1596 1214 velocem

424 1261 631 1336 discursum
653 1279 797 1351 eorum,
815 1263 853 1331 et
868 1255 1011 1332 facilem
1030 1256 1318 1352 dissolutionem,
1337 1259 1424 1353 quia
1442 1259 1488 1334 de
1504 1260 1596 1334 bora

425 1381 464 1455 iu
489 1381 620 1455 boram
645 1376 926 1473 disperduntur3
952 1375 1034 1451 ideo
1059 1396 1155 1450 vane
1178 1376 1370 1472 iulleutur3
1388 1380 1449 1452 cte
1467 1383 1596 1471 satulli,

426 1501 528 1594 idest,
547 1499 610 1595 qui
627 1499 755 1594 saturi,
769 1497 849 1573 salii
869 1498 954 1572 vino
972 1503 1008 1572 et
1025 1497 1118 1592 cibo,
1136 1498 1348 1572 contulero
1366 1504 1479 1593 Teseo,
1494 1499 1597 1595 idest,

427 1620 738 1716 impugnaverunt
757 1611 808 1712 (¹),
839 1620 895 1691 coi
929 1619 1038 1711 doppi
1068 1621 1165 1711 petti,
1196 1617 1297 1712 idest,
1327 1639 1413 1693 cum
1448 1626 1598 1715 pectore

426 1743 590 1816 bumano
615 1745 653 1815 et
677 1739 823 1835 equino.
850 1740 894 1813 Et
918 1739 977 1814 bic
1003 1749 1088 1816 notu
1113 1739 1213 1834 quod
1247 1739 1284 1813 in
1308 1740 1477 1814 convivio
1503 1741 1599 1814 Cen-

427 1867 623 1936 taurorum
649 1881 672 1934 a
697 1859 840 1936 Baccbo
862 1860 1097 1934 concurritur
1112 1859 1160 1935 ad
1177 1861 1342 1954 llartem,
1362 1867 1403 1933 ut
1421 1861 1597 1934 misceant

425 1980 555 2056 vinum
581 2001 667 2055 cum
694 1981 884 2076 sauguine,
911 1980 1010 2074 quod
1040 1981 1237 2055 noluerant
1261 1981 1452 2076 lymphare
1476 2001 1597 2076 equa,

425 2099 508 2176 ideo
525 2100 620 2175 bene
637 2100 735 2175 male
751 2105 896 2195 ceptam
921 2119 1009 2174 cum
1033 2100 1212 2197 sanguine
1235 2118 1457 2174 revomuere
1471 2100 1598 2174 ¹victo·

426 2219 641 2295 riam-E
661 2221 763 2311 oepit.
789 2219 854 2294 llic
879 2219 1009 2293 ultimo
1035 2225 1141 2316 poeta
1158 2219 1316 2294 adducto
1333 2221 1502 2314 exemplo
1527 2220 1599 2293 im-

419 2339 613 2415 moderate
630 2339 835 2435 potantium
849 2339 990 2433 vinum,
1005 2339 1067 2433 qui
1082 2344 1341 2436 pugnaverunt
1358 2359 1443 2413 cum
1465 2346 1595 2434 morte,

422 2458 571 2535 adducit
605 2460 816 2555 exemplum
847 2459 1090 2534 immoderate
1124 2459 1326 2533 bibentium
1357 2481 1505 2554 aquam,
1533 2461 1598 2554 qui

426 2578 582 2673 turpiter
607 2578 746 2654 exclusi
771 2586 856 2652 sunt
881 2598 904 2653 a
928 2599 1052 2674 pugna
1066 2569 1104 2670 (²)
1130 2585 1169 2652 et
1193 2578 1345 2667 victoria
1363 2579 1532 2675 gloriosa.
1553 2580 1598 2652 lit

425 2697 472 2773 ud
497 2698 768 2796 intelligendam
793 2698 937 2773 literam
965 2704 1020 2772 est
1045 2698 1148 2793 prius
1174 2699 1468 2794 memorandum,
1487 2699 1596 2794 quod,

426 2819 520 2895 sicut
545 2825 661 2917 potest
687 2819 813 2895 baberi
844 2839 890 2894 er
921 2819 1014 2892 libro
1043 2817 1213 2893 iudicum
1244 2825 1281 2894 et
1313 2820 1470 2915 tosepbo
1503 2820 1597 2894 libro
1711 2809 1713 2814 ’

425 2941 704 3035 Antiquitatum,
723 2961 809 3015 cum
836 2939 972 3015 hebrei
992 2946 1217 3036 urgerentur
1234 2940 1331 3016 tarne
1348 2947 1386 3017 et
1403 2942 1498 3015 bello
1517 2961 1598 3014 ma-

425 3061 659 3156 dianitarum,
677 3061 740 3156 qui
765 3060 828 3135 diu
853 3060 946 3135 irato
963 3060 1039 3134 Deo
1056 3068 1314 3155 oppresserant
1333 3081 1408 3152 eos,
1430 3060 1599 3136 conversi

424 3181 471 3257 ad
496 3181 693 3256 Dominum
719 3201 806 3255 cum
836 3165 1005 3275 precibus
1038 3185 1075 3254 et
1106 3179 1278 3276 lacrymis
1310 3179 1598 3254 misericordiam

424 3301 643 3397 petiverunt.
670 3301 771 3374 Tunc
803 3299 956 3397 angelus
982 3299 1126 3373 Domini
1151 3299 1321 3406 apparuit
1351 3299 1511 3374 Gedeoni
1533 3299 1598 3394 ju-

390 3473 409 3492 ..
424 3421 508 3498 veni
535 3421 711 3496 mandans
736 3427 777 3494 ut
803 3420 974 3496 liberaret
1001 3419 1091 3494 lilios
1116 3420 1240 3494 lsrael.
1268 3419 1312 3492 lit
1336 3440 1423 3493 cum
1448 3419 1598 3494 Gedeon

424 3549 681 3640 congregasset
704 3542 853 3640 triginta
872 3541 982 3616 millia
998 3539 1222 3637 judaeorum,
1240 3561 1325 3636 quae
1345 3543 1453 3614 turba
1479 3561 1599 3636 pauca

424 3664 616 3739 videbatur
637 3669 805 3760 respectu
823 3662 1119 3756 madianitarum,
1137 3662 1202 3756 qui
1227 3670 1419 3757 tamquam
1446 3664 1597 3738 locustae

423 3791 692 3879 cooperuerant
717 3790 868 3878 terram,
885 3782 1065 3857 Dominus
1089 3782 1275 3857 mandavit
1291 3782 1452 3858 Gedeoni
1474 3789 1514 3856 ut
1536 3803 1598 3858 re

425 3905 586 3979 mitteret
603 3904 746 3979 timidos
762 3895 812 3998 (³),
830 3909 866 3979 et
884 3901 1022 3978 reversi
1040 3909 1125 3976 sunt
1142 3902 1270 4000 viginti
1289 3903 1398 3976 millia
1416 3903 1595 3978 virorum.

424 4025 564 4100 lterum
588 4023 766 4099 Dominus
791 4023 917 4100 volens
942 4023 1009 4098 sibi
1036 4023 1226 4098 victoriam
1257 4044 1330 4098 uon
1365 4023 1505 4096 viribus
1530 4025 1599 4097 bo-

425 4145 568 4220 minum
593 4145 778 4241 imputari,
804 4143 990 4218 mandavit
1019 4143 1180 4219 Gedeoni
1206 4149 1248 4216 ut
1273 4143 1426 4218 duceret
1455 4165 1519 4218 eos
1550 4144 1601 4218 ed

424 4288 562 4363 aquam
582 4267 620 4340 iu
640 4265 761 4342 medio
777 4265 912 4341 ardore
928 4265 1036 4359 solis;
1055 4264 1172 4359 etqui
1190 4263 1357 4339 biberent
1377 4285 1464 4339 curu
1484 4286 1596 4338 manu

425 4386 576 4462 duceret
591 4375 628 4480 (⁸)
654 4405 801 4481 secum3
828 4385 891 4480 qui
916 4391 1043 4460 autem
1073 4382 1229 4481 genibus
1259 4384 1361 4458 llexis
1391 4385 1598 4476 lamberent

425 4527 531 4582 more
555 4528 702 4602 canum,
730 4506 933 4582 remitteret
950 4505 1116 4580 domum.
1134 4505 1216 4592 Quo
1233 4505 1341 4600 lacto,
1355 4505 1490 4579 inventi
1511 4511 1598 4580 sunt

425 4626 577 4702 trecenti
611 4633 755 4703 tautum
790 4646 904 4700 manu
938 4625 1117 4719 bibentes,
1150 4645 1238 4700 cum
1277 4624 1411 4719 quibus
1447 4625 1596 4700 Gedeon

425 4745 603 4821 transiens
619 4745 816 4822 Iordanem
834 4745 953 4841 prime
970 4744 1091 4841 vigilia
1110 4743 1226 4819 noctis
1242 4744 1372 4819 invasit
1387 4745 1594 4820 exercitum

425 4865 657 4940 inimicorum
682 4865 835 4964 singulis
858 4865 1087 4961 portantibus
1113 4864 1275 4962 singulas
1300 4867 1419 4960 tubas,
1446 4867 1595 4964 lagenas

487 5050 514 5113 (¹l
530 5050 562 5100 E.
578 5057 765 5114 pugnaverunt
853 5044 927 5116 (¹)'E.
944 5063 1029 5114 pugna
1045 5063 1107 5100 cum
1123 5050 1239 5102 victorin.
1328 5048 1355 5113 (⁸)
1371 5053 1426 5110 tlt,
1443 5050 1595 5105 timidiores,

488 5127 515 5190 (⁸)
531 5128 562 5179 lt.
579 5128 687 5180 duceret
701 5129 759 5181 illos
774 5141 872 5182 secum
882 5155 912 5167 —
923 5132 977 5190 11⁷,
994 5128 1133 5178 adduceret
1150 5140 1247 5178 secum
1278 5157 1286 5169 ,
