4575 6842
697 941 768 1008 1tt
1053 948 1258 1006 cousuruu
1282 949 1506 1006 runeuronu

692 1097 802 1170 bilem
829 1094 877 1170 ad
902 1093 1025 1169 omnia
1046 1096 1126 1192 jam
1158 1095 1266 1191 dicta,
1292 1095 1429 1168 turbato
1460 1115 1509 1168 uu
1540 1115 1644 1186 porc,
1670 1116 1776 1170 more
1805 1115 1865 1170 sa·

691 1215 832 1311 pientis,
858 1219 968 1290 dosa.-
992 1235 1079 1289 cum
1105 1216 1254 1310 aliquali
1279 1214 1544 1312 indignatione:
1569 1235 1613 1288 or
1640 1219 1730 1302 cedi,
1753 1220 1865 1310 figito,

693 1344 751 1410 tra
776 1340 936 1410 beatrice
961 1358 979 1408 e
1004 1344 1035 1409 te
1059 1332 1080 1410 e*
1102 1344 1220 1428 questo
1246 1357 1361 1429 muro,
1390 1335 1494 1430 quasi
1520 1335 1627 1430 dicat,
1646 1336 1740 1412 inter
1768 1345 1804 1413 te
1829 1345 1866 1412 et

693 1457 956 1532 beatitudinem
973 1450 1010 1547 (¹)
1037 1461 1091 1531 est
1116 1456 1184 1530 iste
1210 1477 1346 1550 parvus
1370 1476 1500 1528 murus
1518 1454 1666 1551 igneus;
1686 1457 1791 1551 quasi
1812 1458 1866 1532 di-

693 1583 771 1652 cat:
799 1578 891 1670 vide,
917 1577 1012 1650 bone
1037 1576 1099 1670 lili,
1123 1576 1153 1650 si
1179 1597 1246 1672 pro
1272 1575 1486 1651 brevissima
1512 1595 1620 1670 poena
1651 1577 1741 1650 velis
1767 1595 1866 1652 nune

694 1698 849 1792 perdere
879 1704 931 1771 tot
958 1697 1100 1769 labores
1126 1703 1164 1770 et
1189 1696 1354 1790 sudores,
1384 1716 1477 1790 quos
1508 1696 1620 1770 tulisti
1649 1717 1715 1790 per
1746 1703 1864 1772 totum

694 1817 877 1893 internum
913 1823 950 1891 et
984 1817 1252 1912 purgatorium.
1267 1858 1316 1872 -
1333 1821 1445 1891 Come.
1477 1815 1543 1891 llic
1572 1824 1680 1911 poeta
1710 1817 1866 1893 ostendit

694 1937 881 2032 quomodo
912 1937 1031 2011 victus
1056 1937 1102 2012 sit
1131 1937 1216 2010 lorti
1243 1944 1465 2032 argumento
1490 1935 1626 2032 Virgilii
1657 1957 1724 2030 per
1753 1957 1864 2010 unam

689 2055 988 2152 jocundissimam
1008 2055 1333 2149 comparationem.
1351 2055 1405 2128 Ad
1422 2055 1529 2130 cuius
1546 2055 1790 2151 cognitionem
1809 2061 1864 2129 est

693 2177 813 2272 primo
832 2176 1020 2250 sciendum
1039 2174 1138 2268 quod
1157 2175 1243 2249 olim
1262 2176 1298 2249 in
1322 2197 1458 2272 magna
1483 2175 1679 2272 Babylonia
1705 2175 1864 2271 assyrio-

694 2318 778 2371 rum
797 2296 864 2369 luit
880 2294 1001 2392 puella
1019 2295 1243 2389 pulcerrima
1270 2295 1418 2371 nomine
1434 2297 1551 2392 Tysbe
1568 2287 1687 2370 vicina
1704 2297 1862 2392 Pyramo

692 2437 866 2492 amoroso
894 2416 1024 2513 juveni
1056 2417 1295 2514 contiguitate
1330 2417 1486 2510 domus3
1517 2417 1581 2510 qui
1611 2418 1753 2492 ratione
1777 2416 1866 2492 vici-

693 2537 764 2611 niae
789 2537 999 2611 babuerunt
1023 2558 1045 2610 a
1072 2537 1207 2611 teneris
1223 2538 1327 2611 annis
1353 2537 1568 2613 familiarem
1581 2529 1618 2630 (¹)
1638 2544 1674 2612 et
1692 2538 1861 2612 blandam

693 2657 1009 2732 conversationem
1036 2657 1082 2732 ad
1108 2657 1276 2731 invicem.
1302 2659 1401 2732 luter
1427 2679 1519 2753 quus
1544 2665 1731 2732 crescente
1756 2662 1865 2732 aetatc

692 2776 808 2852 crevit
833 2777 982 2850 flamma
1013 2777 1151 2850 amoris
1176 2776 1372 2852 incendens
1398 2798 1528 2852 eorum
1555 2776 1775 2872 praecordia3
1798 2775 1863 2850 sed

694 2899 866 2994 erigente
898 2904 1007 2971 aetate
1030 2897 1156 2972 adulta
1182 2898 1299 2994 Tysbe
1324 2919 1345 2972 a
1372 2896 1585 2992 parentibus
1610 2898 1721 2993 eoepit
1746 2896 1864 2974 teneri

692 3020 789 3092 intra
814 3018 967 3092 domum
994 3023 1095 3092 tanto
1122 3018 1252 3091 maiori
1279 3019 1348 3092 sub
1374 3018 1549 3111 custodia,
1567 3023 1705 3112 quanto
1727 3015 1864 3097 sormo-

693 3139 768 3212 sior
792 3143 884 3212 erat.
917 3136 1022 3224 Quod
1047 3136 1202 3212 moleste
1235 3137 1393 3212 ferentes
1424 3143 1593 3231 uterque,
1619 3157 1749 3212 amore
1783 3155 1863 3210 ma-

692 3258 818 3353 gistro,
840 3256 1060 3330 invenerunt
1081 3256 1269 3350 rimulam,
1286 3257 1322 3330 in
1343 3257 1530 3331 communi
1556 3256 1697 3351 pariete
1722 3257 1758 3330 in
1783 3256 1864 3330 loeo

692 3375 901 3452 abscondito
926 3395 993 3470 per
1017 3396 1130 3469 quam
1158 3384 1289 3452 mutua
1315 3383 1412 3471 vota,
1438 3376 1591 3472 suspiria
1625 3383 1663 3451 et
1691 3375 1863 3472 supplicia

691 3497 829 3580 amoris
853 3497 937 3570 binc
962 3495 1045 3570 inde
1070 3496 1286 3590 pandebant.
1309 3497 1469 3572 Tandem
1492 3497 1768 3592 prohibentibus
1784 3497 1863 3570 illos

691 3619 775 3715 lege
799 3617 975 3713 copulari,
1004 3617 1308 3714 excogitaverunt
1338 3618 1476 3712 locum,
1503 3617 1566 3692 ubi
1599 3638 1704 3692 more
1733 3639 1864 3693 aman·

693 3737 784 3812 tium
811 3745 958 3832 possent
982 3737 1060 3812 sine
1086 3737 1208 3812 medio
1233 3745 1271 3812 et
1295 3738 1420 3812 animo
1446 3745 1484 3812 et
1507 3758 1664 3832 corpore
1680 3737 1862 3813 coniuncti

693 3857 772 3933 lieri
797 3856 905 3932 idem.
932 3858 1060 3950 ltaque
1085 3857 1170 3932 dato
1195 3858 1323 3934 ordine
1356 3865 1398 3932 ut
1429 3858 1475 3932 de
1509 3863 1617 3933 nocte
1643 3858 1865 3933 clandestine

693 3977 831 4075 egressi
855 3978 1009 4053 domum
1034 3985 1071 4052 et
1095 3979 1229 4052 urbem
1256 3978 1495 4053 convenirent
1521 3979 1557 4052 in
1587 3999 1742 4054 nemore
1766 3980 1864 4076 apud

693 4099 831 4174 lentem
851 4098 1012 4173 vicinum
1030 4098 1199 4193 sepulcro
1218 4099 1315 4195 regis
1331 4098 1423 4192 Nini,
1446 4098 1508 4172 ubi
1525 4098 1620 4174 alter
1637 4101 1864 4194 praeveniens

692 4220 850 4294 alterum
877 4225 1099 4312 expectaret.
1118 4219 1237 4314 Tysbe
1259 4217 1445 4292 ardentior
1471 4218 1589 4312 prima
1615 4217 1715 4292 venit
1738 4218 1784 4293 ad
1809 4219 1866 4294 lo·

692 4361 792 4434 cum,
817 4348 855 4415 et
879 4340 928 4414 ibi
953 4339 1091 4413 solicite
1116 4346 1314 4432 expectans
1340 4338 1417 4413 visa
1443 4339 1559 4413 leaena
1586 4359 1669 4433 quae
1695 4339 1864 4414 veniebat

692 4461 738 4535 ad
758 4481 894 4556 aquam
913 4459 960 4534 ad
977 4459 1263 4556 extinguendam
1282 4459 1376 4532 sitim
1396 4460 1537 4555 trepide
1553 4459 1696 4556 lugiens
1715 4459 1865 4556 delapso

691 4579 837 4675 palliolo
862 4580 967 4654 latuit
993 4586 1073 4675 post
1098 4579 1320 4674 sepulcrum.
1344 4580 1473 4654 Le‘ena
1497 4577 1646 4674 vallium
1673 4579 1863 4656 inventum

692 4719 759 4784 ore
771 4710 809 4778 et
823 4701 1007 4797 unguibus
1019 4702 1186 4776 lacerans
1201 4700 1397 4774 maculavit
1415 4700 1594 4796 sanguiue
1610 4719 1731 4776 cervae
1749 4722 1860 4795 quam

693 4820 804 4915 paulo
827 4825 914 4901 ante
938 4827 1143 4896 voraverat.
1164 4821 1207 4894 Et
1231 4840 1317 4894 ecce
1343 4821 1525 4916 Pyramus
1550 4819 1689 4894 tardior
1716 4820 1862 4896 devenit

755 5075 784 5142 (¹)
801 5078 831 5131 E·
847 5079 999 5132 uatum
1248 5077 1276 5142 l'l
1292 5079 1322 5132 E.
1339 5079 1548 5134 familiaritatem.
