4575 6842
786 980 926 1037 esurus
951 980 1190 1039 narsusruus..
1344 960 1348 965 ’
1491 969 1563 1037 att

393 1125 456 1201 stis
489 1126 714 1201 constellatio
750 1126 955 1223 dirigebant
989 1145 1119 1201 omnes
1152 1131 1283 1201 euntes
1311 1126 1418 1221 Juxta
1458 1127 1564 1201 istam

391 1267 542 1341 aquam,
567 1253 607 1323 et
630 1266 760 1322 omnes
785 1247 1036 1340 sequebantur
1066 1265 1198 1319 eorum
1231 1252 1375 1321 motum
1408 1249 1464 1323 vel
1490 1253 1566 1322 sta·

392 1373 484 1442 tum.
510 1366 615 1441 blodo
639 1366 685 1442 ad
713 1366 939 1462 propositum
967 1366 1052 1440 dicit
1077 1371 1197 1460 poeta,
1215 1366 1315 1459 quod
1341 1372 1416 1440 tota
1438 1366 1566 1441 militia

392 1486 451 1563 illa
476 1485 636 1561 firmavit
662 1506 714 1580 se,
741 1485 892 1560 firmatis
917 1485 985 1559 illis
1009 1484 1237 1561 candelabris
1262 1506 1347 1580 quae
1372 1492 1563 1582 tamquam
1695 1586 1705 1599 ἱ

393 1608 496 1705 signa
522 1607 787 1703 precedebant.
806 1608 912 1681 Nunc
928 1626 1072 1703 expone
1089 1612 1127 1682 ot
1143 1613 1318 1681 construe
1334 1605 1386 1681 sic
1404 1606 1562 1701 literam,

393 1748 477 1822 que
502 1732 557 1801 eet
582 1725 759 1821 intricata,
786 1733 823 1801 et
848 1726 966 1823 incipe
996 1726 1066 1801 ibi:
1099 1732 1153 1801 La
1181 1734 1282 1818 pene
1311 1748 1449 1818 omncs,
1481 1748 1566 1823 quse

394 1849 513 1923 levata
545 1866 657 1942 supra
692 1846 849 1921 fallacias
884 1846 1010 1922 mundi
1043 1846 1150 1922 docet
1180 1866 1330 1923 omnem
1356 1848 1563 1941 veritatem,

392 1968 486 2045 sieut
509 1972 609 2063 patet
633 1966 671 2041 in
695 1966 796 2041 libris
820 1967 955 2062 Bibliae,
986 1975 1111 2041 veneto
1132 1972 1253 2063 pn‘ma
1278 1974 1338 2041 tra
1361 1972 1389 2043 u
1410 1971 1565 2062 prisone,

392 2089 493 2182 ldest,
513 2108 596 2183 quae
613 2093 852 2183 praecesserat
869 2109 1024 2163 currum
1044 2095 1204 2165 tractum
1217 2110 1238 2163 a
1253 2090 1454 2186 gryphone,
1470 2092 1568 2183 sol-

388 2212 470 2302 mse
490 2213 621 2304 sermo,
652 2208 754 2301 idest,
780 2208 974 2284 arrestavit
1007 2230 1047 2284 se
1081 2208 1247 2304 tirmiter,
1274 2215 1315 2283 ut
1348 2209 1562 2305 praedictum

392 2337 447 2407 est
471 2330 509 2404 in
534 2328 606 2403 tine
630 2328 867 2424 precedentis
892 2329 1062 2425 capituli,
1089 2338 1123 2405 et
1145 2350 1234 2421 esso,
1256 2330 1403 2424 scilicet,
1420 2330 1565 2427 grypho

391 2450 454 2546 qui
481 2456 537 2525 est
561 2449 735 2543 Christus,
763 2450 857 2522 vobs
881 2444 920 2523 sd
942 2452 980 2523 at
1003 2470 1125 2541 carro,
1152 2449 1303 2524 firmans
1328 2470 1368 2525 se
1392 2450 1452 2544 ibl,
1469 2470 1568 2525 coum

391 2590 415 2642 u
438 2590 504 2643 sua
518 2591 619 2662 pace,
637 2568 845 2645 custodiens
865 2568 1056 2643 ecclesiam
1075 2576 1204 2643 contra
1222 2570 1345 2644 omnia
1363 2571 1475 2664 bella3
1493 2570 1564 2644 boc

392 2695 518 2765 autem
543 2689 627 2764 iecit
651 2710 743 2785 gens
763 2688 829 2763 ista
847 2697 956 2783 tunc3
976 2688 1051 2763 redi
1073 2710 1197 2785 supra,
1223 2693 1366 2782 quando
1388 2693 1417 2762 it
1439 2697 1566 2765 sedet·

392 2812 497 2899 tion,
516 2808 579 2902 qui
605 2814 809 2884 constater
826 2816 965 2904 septam
984 2810 1211 2884 candelabris
1227 2810 1452 2905 ardentibus,
1469 2811 1564 2885 sicut

392 2928 615 3004 constellatio
646 2949 744 3003 ursae
774 2935 916 3004 constat
947 2950 993 3005 ex
1027 2935 1166 3025 septem
1204 2930 1315 3005 stellis
1345 2932 1562 3025 lucentibus,

392 3052 448 3124 det
468 3052 586 3143 palmo
610 3052 708 3141 uelo,
733 3048 878 3145 scilicet,
905 3070 1093 3147 empyreo,
1119 3051 1207 3144 quia
1233 3051 1333 3126 venit
1352 3051 1564 3127 immediate

391 3191 414 3244 a
438 3170 526 3263 Deo,
554 3168 617 3242 ubi
642 3175 767 3244 noster
791 3171 1003 3264 septemtrio
1020 3178 1075 3245 est
1095 3170 1132 3245 in
1149 3176 1282 3245 octavo
1301 3173 1409 3265 coelo,
1427 3154 1575 3247 scilicet*

391 3289 624 3365 firmamento
637 3314 647 3383 3
674 3294 717 3363 et
736 3289 795 3364 bic
819 3290 947 3385 supple
976 3311 1094 3365 unum
1127 3292 1297 3385 verbum,
1322 3295 1487 3383 s’affissc.
1519 3292 1562 3365 lit

389 3410 485 3505 dicit,
510 3412 582 3503 cte,
608 3410 710 3504 idest,
743 3410 806 3504 qui
839 3411 1051 3505 septemtrio
1085 3411 1240 3507 Spiritus
1264 3412 1390 3506 sancti,
1421 3408 1468 3486 ud
1489 3414 1564 3485 mot

388 3552 490 3625 sappo
514 3551 639 3605 occaso
663 3526 825 3622 adorto,
859 3530 946 3625 quia
972 3551 1162 3625 uunquam
1190 3532 1318 3607 babuit
1341 3532 1560 3627 principium

388 3672 510 3748 neque
538 3652 659 3747 linem,
680 3657 717 3727 et
742 3672 933 3745 nunquam
959 3652 1166 3726 occultatur
1186 3652 1312 3727 videre
1332 3652 1480 3747 volenti,
1496 3652 1561 3727 sed

387 3780 442 3848 est
458 3779 646 3870 perpetum
664 3772 909 3868 apparitionis,
927 3772 1021 3846 sicut
1042 3777 1078 3847 et
1103 3792 1239 3846 currus
1259 3772 1373 3847 nostri
1390 3774 1483 3869 poli;
1504 3770 1560 3865 ad,

389 3893 527 3989 supple,
552 3892 667 3987 scivit,
694 3896 769 3967 ueto
793 3894 828 3966 d'
841 3895 937 3965 mua
965 3891 1101 3985 oebbiu,
1129 3894 1189 3965 cle
1217 3894 1256 3965 dt
1279 3895 1392 3985 colpe.
1423 3892 1561 3967 Sensus

388 4015 566 4110 estquod
598 4014 698 4089 nulla
728 4012 844 4088 nubes
876 4013 935 4088 vel
967 4013 1101 4088 nebula
1131 4018 1251 4108 potest
1284 4013 1428 4108 eripere
1457 4012 1563 4086 nobis

389 4140 624 4231 conspectum
639 4134 740 4208 istius
756 4131 1024 4230 septemtrionis
1039 4132 1086 4209 ad
1104 4133 1256 4207 modum
1276 4153 1352 4229 quo
1369 4132 1476 4227 eripit
1493 4153 1562 4207 no-

388 4257 443 4333 bis
468 4255 587 4330 risum
613 4255 794 4331 eoelorum
812 4260 850 4330 et
867 4254 1068 4347 stellarum,
1091 4254 1157 4327 nisi
1177 4255 1255 4329 sola
1275 4256 1382 4349 culpa
1408 4251 1559 4349 peceati,

389 4378 474 4472 quia
501 4375 706 4473 ignorantia
730 4375 867 4471 peccati
890 4380 946 4451 est
966 4374 1151 4470 quoddam
1169 4375 1294 4449 velum
1320 4376 1416 4450 inter
1440 4375 1559 4449 Deum

389 4503 426 4572 et
450 4496 647 4571 bominem.
676 4496 719 4569 lit
744 4496 860 4592 tangit
883 4495 1058 4569 virtutem
1093 4500 1131 4570 et
1163 4493 1325 4569 officium
1358 4494 1468 4569 buius
1500 4512 1563 4567 sc·

388 4616 624 4713 ptemtrionis,
651 4616 793 4711 dicens3
819 4637 839 4688 e
862 4618 922 4688 cte
947 4620 1051 4709 saecu
1083 4610 1121 4705 a,
1156 4615 1258 4710 idest,
1289 4616 1326 4690 in
1355 4616 1414 4690 illa
1445 4615 1560 4711 sylva,

386 4740 549 4813 θίθεθθηο
575 4745 716 4811 accorto
742 4739 779 4810 dt
802 4756 866 4809 suo
891 4736 1033 4828 dovera,
1063 4734 1165 4828 idest,
1192 4734 1315 4831 debiti,
1341 4735 1439 4830 quia,
1465 4734 1563 4809 scili-

385 4863 444 4932 cet
460 4857 565 4932 docet
584 4876 892 4952 unumquemque
910 4855 998 4949 quid
1014 4856 1137 4931 facere
1154 4855 1298 4950 debeat,
1317 4862 1356 4931 et
1380 4854 1502 4953 dirigit
1522 4855 1560 4928 in

388 4976 498 5052 tinem
517 4998 627 5050 suum
647 4997 751 5051 more
769 4976 883 5050 nostri
900 4975 1189 5071 septemtrionis3
1203 4976 1301 5054 unde
1315 4976 1412 5071 dicit,
1429 4996 1525 5052 conte
1536 4978 1563 5050 'l

384 5093 446 5193 ptd
470 5098 586 5192 bosso,
614 5097 761 5192 scilieet,
778 5096 989 5193 septemtrio
1015 5103 1139 5172 noster
1157 5097 1221 5173 ubi
1239 5102 1294 5173 est
1311 5102 1558 5191 tramontana,
