4575 6842
754 959 894 1015 caurus
918 961 1109 1018 mcxsmus
1132 963 1277 1018 snxrus.
1528 950 1597 1020 135

422 1105 599 1201 difficilis3
625 1112 664 1182 et
686 1105 876 1180 sententiaa
891 1103 994 1179 istius
1011 1106 1118 1180 bonae
1137 1113 1255 1200 erant,
1273 1107 1323 1182 ita
1345 1109 1444 1202 qnod
1461 1109 1598 1185 Dantes

424 1246 525 1300 nunc
549 1232 694 1320 poterat
717 1223 841 1300 dicere
870 1223 918 1298 de
947 1223 1050 1298 dictis
1078 1225 1226 1300 Arnaldi
1258 1225 1357 1320 illud,
1384 1228 1483 1322 quod
1508 1229 1596 1304 olim

424 1344 598 1442 Virgilius
622 1345 740 1420 iertur
764 1344 898 1419 dirime
922 1344 969 1419 de
993 1343 1134 1440 scriptis
1157 1344 1274 1439 Ennii,
1292 1347 1355 1440 qui
1382 1347 1487 1422 dixit:
1507 1354 1600 1441 Lego

426 1485 555 1540 mcum
577 1467 617 1538 io
639 1472 793 1540 stercore
818 1467 933 1538 ama.
951 1465 997 1538 Et
1021 1463 1106 1539 iacit
1131 1466 1379 1560 parenthesim
1404 1466 1546 1542 dicens:
1569 1475 1602 1542 et

427 1577 560 1678 addito,
585 1585 678 1660 idest
693 1583 806 1681 digito
830 1583 998 1679 ostendit,
1020 1605 1072 1658 aar
1093 1588 1206 1678 spirto
1230 1588 1392 1678 innanzi,
1410 1586 1474 1681 qui
1501 1609 1599 1682 prae-

427 1707 580 1783 cedebat
604 1727 704 1782 eum.
731 1706 776 1780 Et
799 1705 994 1781 confirmat
1027 1705 1145 1781 Guido
1184 1708 1283 1801 quod
1316 1707 1417 1803 dixit,
1451 1708 1597 1783 dicens:

428 1829 489 1904 ille
511 1827 703 1920 Arnaldns,
727 1820 908 1902 sonercbid
932 1831 1018 1918 utta,
1036 1828 1138 1923 idest,
1157 1829 1344 1924 superavit
1369 1835 1407 1904 et
1432 1829 1598 1923 excessit,

428 1951 521 2024 verat
543 1951 704 2041 d’omor,
732 1962 819 2021 nam
845 1967 973 2022 versus
995 1949 1168 2044 vulgares
1192 1949 1436 2044 principaliter
1462 1948 1599 2024 inventi

427 2076 513 2144 sunt
528 2074 677 2164 propter
697 2066 888 2142 materiam
910 2067 1060 2159 amoris,
1085 2089 1105 2141 e
1120 2090 1229 2162 prose
1245 2072 1284 2144 di
1298 2074 1477 2162 romanat,
1495 2071 1598 2165 idest,

428 2187 659 2284 vulgarium3
689 2187 789 2263 unde
820 2187 941 2283 gallici
965 2188 1089 2262 omnia
1121 2190 1288 2286 vulgaria
1320 2190 1504 2286 appellant
1536 2212 1599 2265 ro-

428 2307 565 2383 mantia
573 2332 584 2402 3
609 2307 708 2402 quod
732 2313 789 2382 est
812 2307 932 2383 adbuc
957 2306 1103 2404 signum
1124 2308 1304 2384 idiomatis
1325 2311 1480 2404 romani,
1499 2312 1599 2406 qnod

427 2428 563 2504 imitari
589 2427 710 2503 conati
729 2434 926 2502 sunt-ll
940 2431 1052 2502 lardo
1067 2431 1135 2502 dir.
1158 2429 1224 2503 llic
1239 2429 1357 2504 Gnido
1374 2430 1600 2508 Guinicellus

429 2551 555 2626 rolens
580 2548 775 2624 ostendere
790 2548 991 2623 Arnaldum
1014 2567 1094 2623 esse
1111 2549 1497 2625 commendabiliorem
1526 2573 1599 2626 cae-

430 2670 529 2765 teris‚
555 2690 602 2744 ex
628 2666 874 2764 indignatione
889 2660 937 2760 (¹)¹
954 2666 1080 2744 irridet
1110 2669 1319 2764 opinionem
1349 2670 1598 2767 ignorantium

429 2787 704 2886 praeferentium
736 2787 934 2882 quemdam
968 2787 1083 2862 alium
1116 2789 1288 2884 gallicum
1318 2790 1385 2884 ipsi
1419 2791 1600 2885 Arnald03

431 2911 529 2986 unde
552 2909 661 2984 dicit:
688 2915 721 2982 ll
743 2911 853 2982 loscio
882 2911 941 2982 dir
969 2911 1021 2999 pli
1049 2911 1154 2999 atolti,
1181 2908 1244 3003 qui
1274 2915 1416 2986 temere
1448 2911 1601 3006 opinan-

432 3037 504 3124 tur,
536 3032 596 3102 cle
620 3031 700 3122 puel
730 3031 768 3102 di
800 3020 933 3100 Lcmosl
957 3030 1088 3101 crcdoo
1118 3030 1170 3100 clt'
1183 3031 1335 3122 conosi,
1368 3029 1469 3124 idest,
1500 3031 1600 3124 quod

430 3149 579 3246 quidam
608 3149 701 3224 alius
730 3147 898 3223 inventor
921 3146 1191 3222 lemovicensis
1220 3148 1374 3225 excedat
1397 3148 1599 3224 Arnaldum

429 3271 467 3344 in
491 3276 572 3346 arte
596 3268 748 3345 dicendi.
775 3269 846 3342 lste
880 3287 998 3342 novus
1022 3266 1192 3342 inventor
1218 3276 1369 3344 vocatus
1400 3277 1454 3345 est
1479 3272 1599 3346 Giral-

429 3390 498 3465 dns
522 3389 730 3483 Brunellns,
750 3389 813 3484 qui
839 3386 907 3460 iuit
931 3385 978 3462 de
1001 3387 1119 3482 patria
1142 3387 1432 3484 Lemovitarum,
1455 3391 1501 3466 de
1526 3412 1600 3485 qua

428 3509 558 3585 debus
596 3508 728 3582 nostris
765 3507 915 3582 inerunt
948 3508 1072 3602 plures
1102 3507 1301 3602 pontifices,
1327 3509 1529 3586 cardinales
1562 3517 1600 3586 et

429 3630 569 3726 praelati
595 3629 731 3725 magni,
757 3627 948 3703 ecclesiam
975 3627 1106 3701 Christi
1132 3628 1240 3701 nimis
1265 3629 1406 3704 lubrice
1438 3637 1599 3705 tractan-

432 3757 486 3825 tos
500 3740 549 3842 (²).
576 3748 619 3822 ut
644 3749 739 3823 bene
763 3748 827 3842 eis,
856 3747 886 3822 si
911 3753 1120 3843 purgantur
1144 3747 1183 3820 in
1208 3747 1277 3822 isto
1302 3749 1406 3844 igne:
1424 3757 1462 3824 et
1478 3757 1602 3825 osten-

431 3870 494 3963 dit,
520 3869 608 3963 qnid
633 3867 791 3944 moverit
820 3867 953 3963 vulgus
978 3865 1023 3942 ad
1048 3867 1161 3942 talem
1187 3867 1408 3962 opinionem,
1434 3875 1471 3944 et
1503 3869 1602 3964 dicit,

432 3989 532 4084 quod
558 3990 658 4064 nulla
685 3987 790 4082 ratio,
810 3987 874 4062 sed
889 3987 1009 4061 solum
1036 3986 1240 4060 multorum
1265 3987 1473 4063 affirmatio.
1500 3989 1602 4064 Unde

431 4108 536 4184 dicit:
561 4109 612 4184 illi
636 4108 737 4184 stulti
762 4109 983 4204 ignorantes,
1008 4107 1161 4178 dlizzon
1184 4107 1320 4198 lioolti,
1346 4106 1438 4181 idest
1462 4110 1600 4202 oculos,

433 4227 538 4324 qnasi
567 4227 685 4304 dicat:
712 4231 967 4320 respexerunt,
995 4245 1020 4298 a
1048 4247 1131 4299 voce
1160 4220 1236 4318 pol.
1252 4228 1303 4300 cb'
1316 4229 1355 4300 ol
1386 4247 1484 4317 vero,
1510 4227 1602 4302 idest

432 4349 541 4424 famae
566 4348 683 4444 magis
714 4366 828 4441 quam
860 4345 1014 4420 veritati.
1045 4345 1130 4420 ldeo
1164 4345 1342 4420 damnans
1372 4346 1473 4440 talea,
1499 4347 1601 4421 dicit:

433 4491 452 4542 e
475 4461 547 4542 cosi
567 4472 710 4564 [amon
732 4487 799 4540 suo
823 4468 998 4560 opinione,
1023 4472 1061 4540 et
1085 4463 1318 4560 pertinaciter
1337 4471 1463 4540 tenent
1480 4473 1518 4540 et
1536 4465 1603 4541 de·

434 4589 596 4683 lendunt,
616 4592 740 4682 pomo
758 4589 810 4660 cb’
823 4594 900 4660 orte
925 4606 948 4659 o
972 4589 1103 4678 copton
1121 4607 1190 4678 per
1215 4588 1271 4660 lor
1289 4589 1318 4659 ε’
1331 4589 1462 4660 ascolti.
1480 4587 1525 4660 Et
1546 4585 1604 4660 bic

433 4715 521 4784 nota
545 4709 641 4784 bene
663 4707 894 4784 remssimam
920 4705 1138 4780 sententiam
1162 4705 1275 4780 nostri
1295 4713 1425 4801 poeta,
1443 4706 1505 4801 qui
1526 4713 1604 4782 tam

429 4811 531 4926 juste
556 4828 698 4902 mordet
724 4828 858 4924 vulgus
874 4826 1056 4900 insanum.
1074 4825 1166 4899 Nam
1194 4825 1229 4898 in
1256 4825 1357 4900 omni
1382 4825 1605 4920 proiessione

498 5089 525 5152 υ)
542 5092 596 5150 117,
612 5088 747 5140 dmirione.
996 5085 1024 5146 (¹)
1039 5083 1066 5135 S.
1082 5095 1098 5134 e
1114 5087 1169 5144 ill,
1186 5086 1213 5134 et
1228 5081 1361 5134 luxurioso
1377 5085 1524 5132 arctantes
