4575 6842
724 986 862 1045 caurus
886 988 1101 1045 aaronsnrus
1124 990 1289 1045 ammos.
1513 974 1585 1044 283

415 1152 500 1227 quae
526 1132 692 1209 similiter
716 1132 890 1208 dicuntur
912 1133 1012 1208 nasci
1037 1154 1084 1208 er
1109 1134 1241 1209 eodem
1267 1134 1377 1209 tonte.
1400 1133 1454 1208 hd
1478 1132 1585 1209 cuius

414 1252 688 1350 intelligentiam
714 1260 770 1329 est
789 1252 952 1329 breviter
977 1252 1166 1328 sciendum
1188 1254 1289 1347 quod
1307 1253 1423 1350 Tigris
1448 1260 1487 1329 et
1509 1254 1586 1328 llu-

412 1374 571 1469 phrates,
608 1374 702 1449 sicut
741 1380 922 1451 testantur
959 1373 1149 1448 clarissimi
1186 1380 1355 1467 autores,
1393 1374 1584 1469 Salustius,

413 1494 549 1570 Plinius
579 1502 615 1570 et
648 1494 709 1569 alii
735 1492 852 1588 multi,
880 1500 1031 1569 manant
1056 1515 1102 1570 ex
1136 1515 1213 1569 uno
1243 1500 1370 1569 monte
1401 1493 1585 1569 Armeniae

413 1615 573 1711 maioris,
596 1621 633 1690 et
658 1636 705 1691 ex
731 1613 860 1690 eodem
888 1614 988 1689 sonte
1011 1636 1035 1689 a
1061 1620 1166 1711 parte
1191 1612 1380 1688 meridiei:
1406 1620 1444 1689 et
1468 1614 1585 1710 Tigris

414 1737 563 1832 quidem
592 1737 674 1832 plus
709 1734 854 1830 respicit
886 1735 1173 1831 septentrionem
1205 1740 1244 1809 et
1267 1733 1431 1809 decurrit
1463 1754 1585 1827 usque

413 1856 460 1931 ad
477 1854 715 1953 Babyloniam
738 1874 909 1951 magnam
930 1854 1097 1951 Assyrio,
1116 1854 1181 1931 sed
1202 1876 1276 1930 non
1293 1853 1405 1929 intrat
1424 1854 1583 1947 moenia3

414 1976 619 2072 Euphrates
643 1994 733 2049 vero
758 1974 854 2049 hene
878 1973 1082 2071 ingreditur
1111 1975 1308 2051 civitatem.
1347 1974 1418 2050 lsta
1454 1981 1581 2050 autem

414 2095 489 2171 duo
519 2093 672 2169 llumina
702 2080 873 2170 habentia
904 2115 1021 2168 unum
1051 2102 1165 2192 caput
1194 2095 1330 2170 iterum
1360 2094 1584 2169 conveniunt

413 2215 451 2289 in
477 2234 607 2308 unum,
633 2219 674 2287 ut
698 2212 783 2289 dicit
807 2212 955 2289 Boetius
985 2213 1022 2287 in
1054 2214 1182 2309 quinto
1194 2206 1244 2307 (¹).
1270 2214 1371 2290 Licet
1396 2220 1522 2289 autem
1548 2212 1586 2286 in

413 2355 517 2411 sacra
543 2334 731 2429 Scriptura
763 2332 931 2409 dicantur
962 2334 1051 2409 oriri
1085 2334 1131 2410 de
1162 2335 1331 2431 paradiso
1354 2333 1582 2428 deliciarum,

413 2455 483 2530 hoc
515 2460 633 2550 potest
665 2474 746 2529 esse
779 2452 826 2528 de
857 2454 977 2550 primo
1010 2461 1095 2529 ortu
1130 2454 1325 2551 incognito,
1359 2454 1423 2529 sed
1457 2460 1583 2549 postca

413 2576 517 2650 nohis
534 2581 710 2670 apparent
727 2574 846 2669 primo
864 2574 900 2648 in
917 2575 1101 2649 Armenia.
1120 2574 1173 2649 Ad
1190 2574 1335 2649 literam
1360 2594 1471 2670 ergo:
1498 2573 1583 2648 dicit

413 2700 542 2791 poeta:
568 2696 734 2768 Porvemi
757 2696 861 2767 ceder
877 2696 1025 2768 dinanzi
1040 2697 1091 2768 od
1108 2716 1195 2786 core,
1213 2693 1358 2788 scilicet,
1374 2700 1462 2769 ante
1486 2694 1582 2788 ipsas

414 2814 593 2910 dominas,
626 2820 773 2909 Eufrate
801 2837 820 2887 e
859 2817 957 2906 lipri
987 2818 1081 2888 mcr'r
1112 2818 1230 2889 d'urrc
1258 2820 1433 2911 fodcum
1459 2821 1496 2890 et
1521 2814 1579 2889 hic

415 2941 503 3010 nota
531 2936 631 3029 quod
661 2941 769 3031 poeta
806 2934 970 3029 loquitur
1006 2936 1149 3031 poetice
1185 2942 1223 3011 et
1261 2936 1459 3031 moraliter,
1495 2936 1582 3030 quia

415 3055 518 3153 lingit
540 3056 616 3130 duo
645 3054 797 3131 flumina
814 3060 971 3149 tantum,
990 3054 1135 3150 scilicet,
1152 3056 1304 3131 lethem
1330 3061 1366 3131 et
1392 3056 1521 3129 Eunoe
1545 3054 1582 3128 in

415 3176 483 3250 isto
508 3174 675 3271 paradiso
691 3173 918 3249 deliciarum.
936 3174 1124 3271 Scriptura
1155 3175 1255 3251 enim
1285 3181 1409 3250 sancta
1425 3166 1463 3267 (¹)
1479 3173 1582 3270 ponit

414 3302 575 3392 quatuor
608 3294 760 3387 llumina
794 3294 856 3389 ihi,
890 3295 1036 3391 scilicet,
1071 3296 1242 3391 praedicta
1272 3295 1407 3393 Tigrim
1438 3301 1476 3370 et
1508 3295 1584 3369 llu-

413 3418 595 3513 phratem,
613 3421 651 3490 et
674 3416 746 3490 alia
771 3414 857 3510 duo,
876 3416 1011 3492 scilicet
1027 3416 1150 3491 Nilum
1168 3423 1206 3491 et
1221 3417 1399 3513 Gangem.
1417 3416 1461 3489 Et
1477 3414 1582 3490 dicit:

413 3538 633 3629 adiportr‘rsi
642 3538 755 3629 pigri,
772 3537 877 3631 quasi
901 3536 1029 3611 amici:
1056 3543 1093 3613 et
1118 3543 1174 3637 est
1198 3538 1326 3633 pulcra
1353 3538 1578 3632 metaphora.

412 3656 499 3731 Vult
523 3657 621 3732 enim
647 3657 803 3733 innuere
816 3646 852 3750 (⁸)
881 3655 980 3751 quod
1005 3658 1083 3731 haec
1100 3658 1176 3732 duo
1194 3658 1346 3732 llumina
1363 3656 1584 3732 videbantur

413 3777 510 3852 male
543 3776 698 3852 libenter
723 3776 897 3853 recedere
921 3776 968 3850 ah
992 3776 1163 3869 invicem,
1189 3776 1282 3851 sicut
1315 3783 1416 3852 recte
1446 3776 1584 3852 iaciunt

414 3898 489 3973 duo
514 3897 622 3973 amici
648 3896 795 3992 quando
822 3896 997 3972 recedunt
1015 3916 1111 3971 unus
1128 3896 1176 3971 ab
1196 3897 1313 3971 altero
1330 3896 1417 3970 ituri
1437 3896 1484 3970 ad
1504 3898 1584 3972 loca

415 4018 632 4116 longinqua3
660 4037 744 4092 nam
771 4024 961 4113 umquam
988 4016 1062 4091 nati
1089 4037 1135 4092 ex
1161 4017 1291 4092 eodem
1313 4023 1422 4091 utero
1447 4016 1585 4090 amoris

415 4140 593 4214 recedunt
618 4139 769 4235 pigriter
795 4143 944 4213 etcum
971 4136 1141 4234 lacrymis
1167 4157 1240 4211 non
1266 4135 1422 4211 revisuri
1451 4154 1493 4209 se
1516 4134 1584 4209 nisi

414 4265 498 4355 post
521 4260 674 4356 longum
701 4266 856 4353 tempus.
870 4298 920 4312 —
937 4262 967 4331 0
984 4260 1066 4331 loce.
1086 4259 1191 4332 Nunc
1215 4263 1322 4353 poeta
1346 4254 1448 4351 ponit
1473 4274 1580 4329 suam

414 4379 619 4455 orationem
636 4378 682 4454 ad
700 4379 903 4454 Beatricem
927 4383 1054 4473 petens
1074 4398 1159 4473 quae
1184 4376 1229 4451 sit
1253 4398 1351 4471 aqua
1370 4376 1459 4472 ista;
1487 4376 1584 4450 unde

415 4498 639 4593 stupetactus
656 4497 818 4573 novitate
836 4498 889 4572 rei
907 4496 1082 4572 mirabilis
1104 4497 1285 4571 exclamat
1305 4502 1454 4592 captans
1470 4497 1585 4571 hene·

414 4618 624 4711 volentiam,
648 4624 686 4693 et
706 4618 830 4693 dicens
854 4616 900 4691 ad
926 4638 1030 4692 eam:
1055 4620 1188 4708 Oiuce,
1205 4618 1361 4709 opiorio
1377 4617 1470 4688 dello
1485 4622 1587 4707 perne

412 4760 559 4833 amorim
592 4738 697 4832 quasi
722 4736 838 4813 dicat:
857 4758 880 4812 o
900 4737 1060 4831 Beatrix‚
1082 4736 1231 4812 scientia
1247 4736 1429 4810 luminosa
1447 4742 1485 4811 et
1505 4736 1586 4831 glo-

414 4863 511 4937 riosa
537 4881 621 4955 quae
646 4859 806 4933 illustras
831 4857 1038 4955 cognitione
1063 4858 1270 4933 divinorum
1300 4857 1462 4932 cultores
1490 4863 1583 4950 tuos,

478 5050 504 5111 ε’)
520 5048 552 5100 li.
568 5048 595 5099 ln
610 5047 702 5112 quinto
717 5048 750 5098 de
766 5044 948 5098 consolatione.
965 5045 1045 5095 Licet.

478 5126 505 5188 e
521 5126 551 5176 E·
568 5138 649 5176 uera·
963 5120 991 5181 cr
1007 5124 1062 5182 ur,
1078 5120 1174 5173 aron.
