4575 6842
830 995 969 1052 murus
993 996 1165 1053 uerutus.
1516 987 1586 1054 497

411 1164 458 1217 ex
484 1143 565 1236 huc,
585 1134 717 1235 perone
738 1148 960 1234 qnnnomqne
984 1150 1102 1234 questo
1127 1163 1214 1215 areo
1229 1150 1354 1238 sueta,
1375 1144 1467 1219 idest
1484 1144 1584 1240 quie-

411 1262 498 1361 quid
524 1262 660 1337 ooelum
687 1260 809 1357 dirigit
834 1262 973 1336 virtute
997 1282 1078 1357 sua,
1099 1266 1186 1337 code
1210 1266 1363 1357 dr'rporto
1389 1285 1587 1359 apronve-

410 1388 494 1460 doto
515 1387 607 1478 βιῳ
624 1381 723 1457 nude
739 1380 826 1456 nihil
847 1388 903 1456 est
919 1381 1059 1456 bouum
1079 1382 1148 1457 nisi
1168 1404 1405 1479 percensum
1427 1384 1584 1479 finalem,

409 1505 504 1581 sicut
530 1525 592 1580 ars
617 1501 841 1577 medicinalis
866 1502 912 1577 ad
938 1502 1145 1597 sonitum,
1164 1509 1200 1579 et
1218 1504 1383 1580 militaris
1399 1504 1444 1580 ad
1471 1505 1587 1579 victo·

410 1624 516 1718 riam,
531 1645 554 1698 n
570 1621 689 1717 simili,
707 1614 737 1695 sl
752 1642 849 1695 rome
864 1642 968 1695 coron
983 1626 1021 1695 tn
1036 1644 1102 1697 suo
1117 1644 1227 1715 sepno
1243 1626 1384 1717 diretta,
1396 1622 1587 1719 quaedila-

410 1749 511 1820 tetur
535 1744 618 1839 plus
642 1747 680 1817 et
696 1741 819 1815 miuus
838 1741 1042 1815 secundum
1060 1742 1260 1836 potentiam
1280 1750 1423 1819 naturae
1436 1764 1524 1817 sune.
1538 1782 1587 1797 -

410 1868 455 1938 Se
466 1856 530 1937 eid.
544 1862 610 1937 llio
622 1861 775 1937 Carolus
792 1862 923 1959 probet
939 1862 1171 1957 praemissum
1189 1863 1406 1959 principium
1421 1883 1488 1958 per
1505 1864 1587 1957 hoo,

410 1985 510 2081 quod
535 1984 605 2059 isto
628 1982 816 2057 destructo
845 1989 1067 2077 sequeretur
1097 1982 1297 2057 destructio
1330 1990 1366 2057 et
1398 1982 1587 2079 perversio

410 2104 572 2181 universi
584 2096 638 2197 (⁴);
657 2102 758 2178 unde
776 2102 877 2177 dicit:
898 2106 942 2176 Se
958 2095 1013 2176 rid
1032 2124 1106 2177 non
1124 2108 1232 2198 fosse,
1250 2108 1475 2198 sequeretur
1491 2102 1586 2177 istud

410 2224 681 2319 inconveniens,
701 2228 729 2299 tl
746 2227 811 2297 ciet
825 2227 885 2298 elre
902 2230 937 2297 tu
954 2228 1138 2317 camnine,
1156 2224 1260 2319 idest,
1284 2244 1350 2320 per
1368 2224 1466 2319 quod
1484 2223 1585 2299 vadis

412 2344 619 2421 mentaliter
643 2343 925 2439 contemplando
952 2344 1131 2420 mirabilia
1157 2364 1270 2440 opera
1296 2344 1387 2440 eius,
1409 2346 1585 2439 modone-

396 2468 512 2540 'redde
534 2457 566 2539 sl
590 2468 616 2539 ll
638 2468 716 2540 suot
739 2468 852 2559 offelli,
870 2467 930 2540 olle
951 2486 1023 2539 nun
1038 2466 1206 2539 rwedder
1230 2468 1303 2538 arti
1326 2486 1386 2538 mu
1411 2458 1521 2539 nune.
1540 2465 1584 2537 Et

409 2587 542 2683 probat
567 2587 638 2660 hou
662 2605 744 2661 esse
768 2584 989 2680 impossibile
1015 2585 1158 2661 ratione
1182 2584 1481 2680 demonstrativa,
1499 2584 1584 2680 quia

414 2707 460 2782 ud
486 2706 559 2781 tale
585 2726 763 2801 magnum
779 2704 1040 2779 inconvenieus
1056 2709 1278 2799 sequeretur
1294 2704 1392 2780 aliud
1411 2704 1530 2779 maius
1550 2715 1587 2782 et

409 2826 509 2902 eliud
536 2823 753 2900 maximum.
780 2823 884 2899 Unde
908 2822 1016 2897 dicit:
1036 2844 1056 2897 e
1071 2820 1126 2897 oid
1141 2844 1235 2897 esser
1252 2844 1324 2897 non
1335 2815 1409 2916 pud
1425 2844 1462 2896 se
1476 2826 1586 2915 ptin-

411 2950 536 3039 teltetti,
562 2946 654 3021 idest
677 2944 937 3041 intelligentie,
962 2946 1022 3018 ote
1046 2964 1197 3018 rnuooon
1222 2950 1335 3039 queste
1365 2947 1470 3036 stelle,
1496 2944 1587 3019 idest

411 3068 522 3143 orbes
556 3067 786 3163 planetarum
818 3071 856 3140 et
886 3064 1087 3160 stellarum,
1119 3086 1193 3139 non
1220 3086 1286 3138 son
1319 3066 1468 3156 mauolt,
1494 3064 1586 3139 idest

410 3186 635 3281 defectivis
659 3206 786 3259 moneo
808 3188 837 3259 lt
855 3188 989 3278 primo,
1009 3184 1145 3259 scilicet
1161 3186 1272 3279 Dour,
1289 3185 1353 3279 qui
1371 3191 1425 3259 est
1443 3184 1584 3279 primns

409 3306 616 3382 intellectus
640 3311 679 3379 et
702 3304 844 3400 primus
870 3311 1003 3399 motor,
1028 3306 1088 3377 rte
1111 3326 1185 3379 non
1200 3307 1251 3396 qli
1265 3307 1312 3377 lu
1323 3308 1476 3400 perlati,
1496 3305 1587 3379 idest

340 3470 347 3480 ·
410 3447 485 3501 uun
509 3426 595 3501 lecit
618 3426 770 3521 angelos
794 3425 985 3519 perlectus,
1003 3425 1066 3519 qui
1087 3432 1214 3500 temen
1240 3431 1325 3500 sunt
1351 3426 1585 3522 perfectiores

410 3546 510 3621 omni
539 3553 723 3621 creatura.
756 3545 801 3617 lit
834 3544 922 3639 quin
956 3546 1026 3619 hoc
1057 3546 1203 3621 videtur
1233 3546 1318 3622 satis
1344 3546 1585 3640 declaratum,

409 3666 495 3742 dicit
519 3666 696 3740 Carolus:
723 3666 802 3737 vuo'
821 3672 857 3738 tn
881 3667 941 3738 elle
966 3672 1083 3757 questo
1114 3687 1212 3760 nuo,
1238 3667 1341 3763 idest,
1367 3667 1582 3762 principium

408 3788 714 3879 demonstratum,
734 3781 799 3879 piri
824 3789 850 3859 n·
872 3786 1125 3859 remonon?
1150 3786 1253 3881 idest,
1280 3788 1396 3885 magis
1421 3787 1585 3863 declare-

410 3912 474 3982 tur
498 3905 562 3981 tibi
587 3905 656 3980 ulia
684 3905 854 3979 ratione?
886 3906 929 3978 Et
954 3905 1055 4000 pouit
1085 3905 1357 4001 responsionem
1385 3928 1504 4002 suern,
1530 3906 1584 3981 di·

410 4049 521 4103 ceus:
546 4032 581 4100 et
601 4029 658 4100 in:
683 4025 822 4121 supple,
842 4025 928 4120 diri,
945 4047 1019 4099 oon
1043 4015 1117 4117 oid,
1134 4026 1239 4121 quusi
1256 4026 1364 4119 diret,
1382 4034 1484 4101 certe
1502 4027 1585 4102 nolo

410 4148 520 4222 aliam
546 4146 812 4243 probationem,
843 4142 905 4220 cdd
933 4146 1140 4239 impossibile
1169 4150 1304 4238 peppo,
1335 4146 1463 4242 supple
1491 4166 1583 4239 esse,

410 4270 471 4340 cte
495 4270 532 4340 tu
555 4272 687 4340 notua
703 4269 742 4339 in
758 4268 838 4359 quet
851 4260 931 4339 ol'e‘
942 4286 1035 4359 nopo
1050 4267 1198 4356 steneli,
1216 4265 1319 4361 idest,
1336 4265 1434 4361 quod
1452 4271 1582 4340 natura

410 4387 555 4464 deliciet
579 4386 617 4461 in
635 4386 849 4461 necessariis
866 4386 961 4461 siout
977 4392 1133 4461 testatur
1150 4386 1384 4481 philosophus
1403 4385 1439 4459 in
1461 4384 1585 4460 multis

410 4508 509 4583 loris
535 4508 581 4581 Et
604 4507 664 4581 hir
688 4511 774 4581 notu
800 4505 900 4600 quod
926 4513 1060 4580 nutura
1092 4525 1165 4580 uon
1197 4504 1317 4580 deficit
1346 4505 1382 4578 in
1417 4526 1585 4581 neeffle-

411 4628 485 4721 riis,
511 4626 597 4721 quin
623 4626 722 4701 dedit
745 4625 885 4700 homiui
903 4626 1082 4701 rutionern
1101 4645 1169 4721 per
1186 4644 1298 4720 quarn
1319 4632 1437 4721 potest
1456 4626 1585 4720 anqui-

411 4766 498 4821 rere
521 4766 671 4821 omnem
697 4754 831 4840 artem,
847 4752 885 4821 et
904 4766 971 4842 per
987 4764 1218 4839 munequens
1238 4745 1360 4820 omnia
1379 4745 1581 4821 necessario

410 4885 623 4961 procurare.
654 4866 699 4941 Et
732 4872 864 4942 natura
900 4887 1090 4961 nunquam
1121 4865 1271 4959 fallitur,
1304 4866 1388 4940 licet
1418 4885 1491 4940 uon
1520 4886 1584 4941 ro-

473 5126 503 5191 d)
518 5127 549 5178 ll.
564 5128 678 5178 murrii
694 5129 785 5179 muudi
794 5144 802 5191 ;
819 5128 896 5179 unde.

546 5234 585 5279 IV.
1422 5234 1449 5279 ³2
