4575 6842
731 952 802 1017 ml
1121 962 1326 1019 consuram
1351 963 1517 1018 enunmsr

727 1108 787 1204 pli,
813 1109 843 1182 si
870 1108 952 1203 quis
977 1128 1133 1183 narrans
1159 1128 1271 1183 unam
1299 1128 1378 1183 rem
1405 1108 1606 1204 jocundam
1638 1128 1725 1183 cum
1757 1130 1902 1185 summa

726 1229 966 1305 delectatione
999 1234 1037 1304 et
1065 1228 1258 1304 dulcedine
1283 1229 1362 1325 jam
1399 1228 1552 1325 cepisset
1582 1228 1725 1305 animos
1750 1229 1904 1305 audien·

728 1350 833 1445 dum,
851 1356 888 1424 et
904 1348 1104 1423 dimitteret
1120 1348 1367 1423 narrationem
1384 1342 1423 1442 (⁴)
1440 1347 1661 1443 inchoatam,
1679 1355 1819 1444 quanto
1842 1368 1905 1423 ar·

724 1469 817 1545 dore
841 1470 1092 1545 desiderarent
1114 1468 1245 1544 audire
1270 1467 1487 1543 residuunt
1508 1468 1590 1544 ideo
1611 1469 1713 1545 dicit:
1740 1491 1847 1563 oper
1875 1477 1904 1544 te

727 1593 852 1664 codrot
871 1611 967 1664 como
987 1592 1037 1669 ,m'
1050 1611 1114 1663 eru
1129 1593 1168 1663 io
1183 1592 1274 1663 disto
1291 1591 1436 1664 dudire
1452 1592 1501 1663 da
1521 1593 1642 1686 quest,
1662 1590 1811 1685 scilicet,
1829 1591 1902 1687 spi-

728 1710 868 1804 ritibus,
895 1710 960 1805 qui
985 1708 1166 1785 iaciebant
1191 1709 1280 1784 mibi
1306 1715 1450 1785 tantum
1477 1709 1656 1807 gaudium
1682 1717 1719 1787 et
1745 1712 1900 1805 lestum3
1956 1771 1960 1779 .

727 1832 784 1903 lor
808 1834 1008 1905 condizioni
1030 1834 1177 1905 abactae
1201 1834 1275 1923 aaa
1295 1834 1390 1905 occdi
1410 1835 1501 1923 aaa,
1518 1832 1836 1929 intellectualibus
1854 1836 1904 1907 mi

723 1953 787 2044 sur
811 1954 993 2045 manifesti.
1008 1992 1058 2005 -
1074 1955 1114 2025 0.
1141 1951 1247 2025 Nunc
1264 1956 1374 2025 autor
1393 1951 1592 2025 introducit
1612 1951 1713 2025 illum
1731 1952 1900 2048 spiritum

725 2070 1038 2165 gloriosissimum,
1065 2072 1130 2165 qui
1156 2072 1356 2167 exorditur,
1384 2078 1520 2165 narrat,
1547 2078 1584 2146 et
1609 2071 1718 2147 ollert
1748 2094 1789 2149 se
1819 2072 1898 2168 sibi,

725 2187 868 2263 diceus:
899 2194 1029 2266 Odere
1051 2199 1150 2283 acto,
1176 2191 1279 2284 idest,
1303 2211 1327 2265 o
1351 2192 1497 2285 Dentes,
1516 2198 1601 2265 nate
1622 2191 1659 2266 iu
1679 2192 1777 2267 bona
1794 2193 1896 2287 born,

724 2329 749 2380 u
773 2311 1150 2405 necromantica,
1172 2309 1304 2405 divina,
1331 2314 1478 2385 cmmode
1502 2313 1607 2385 voda
1623 2313 1648 2384 ti
1665 2314 1772 2405 bord,
1796 2312 1899 2407 idest,

724 2427 840 2523 sedes,
865 2432 924 2504 del
945 2434 1076 2525 tobosa
1107 2434 1273 2522 cernale,
1303 2430 1405 2526 idest,
1437 2430 1695 2526 triumphantis
1724 2432 1897 2528 ecclesia,

723 2552 845 2623 ’acori
867 2554 927 2625 cte
944 2556 981 2626 tu
999 2555 1132 2626 millaio
1148 2552 1399 2643 subdendam,
1417 2552 1521 2646 quasi
1542 2550 1637 2625 dicat
1662 2551 1699 2626 iu
1724 2551 1797 2627 vita
1814 2559 1901 2629 ante

726 2677 896 2767 mortem,
931 2673 1029 2767 quod
1056 2673 1146 2747 nulli
1172 2672 1244 2746 alio
1270 2690 1437 2766 unquam
1462 2661 1640 2747 concessit
1670 2672 1731 2747 tali
1762 2674 1896 2770 modo;

723 2794 786 2864 not
808 2813 904 2865 semo
928 2795 1040 2867 cocart
1062 2795 1121 2867 det
1143 2794 1246 2884 lucu,
1271 2792 1417 2886 scilicet,
1443 2790 1577 2886 divino,
1603 2793 1663 2864 olto
1681 2812 1750 2885 per
1774 2799 1859 2869 tutto
1876 2796 1902 2868 ’t

723 2913 789 2984 ciet
809 2915 842 2984 a·
865 2916 1004 3006 spuzio,
1039 2912 1143 3007 idest,
1174 2931 1250 3006 quo
1278 2931 1407 3005 omnes
1436 2910 1520 2986 coeli
1550 2911 1755 3007 replentur3
1781 2918 1818 2988 et
1847 2913 1899 2988 sic

723 3032 919 3126 respondet
942 3033 989 3107 de
1012 3031 1280 3108 conditionibus
1305 3032 1351 3107 de
1376 3031 1511 3126 quibus
1536 3037 1646 3106 autor
1670 3030 1899 3108 desiderabat

722 3152 827 3228 scire.
854 3153 898 3226 Et
922 3152 1025 3228 dicit:
1052 3175 1071 3227 e
1090 3145 1194 3247 perd,
1222 3174 1259 3226 se
1283 3154 1376 3246 aad,
1396 3152 1426 3227 si
1451 3172 1518 3248 pro
1544 3152 1641 3248 quia,
1664 3156 1702 3228 di
1716 3156 1777 3228 not
1801 3156 1900 3229 oldu-

721 3275 816 3365 rtrtt,
842 3274 906 3368 qui
931 3274 1101 3349 ridemur
1126 3273 1190 3348 tibi
1220 3274 1270 3349 ita
1299 3273 1400 3362 clari,
1435 3294 1459 3346 u
1488 3280 1546 3347 tuo
1571 3277 1695 3366 placer
1726 3278 1752 3349 u·
1778 3279 1894 3372 aazia,

721 3392 807 3487 quia
833 3394 988 3469 libenter
1014 3394 1164 3469 babebis
1190 3400 1368 3490 optatum.
1396 3394 1439 3467 Et
1464 3392 1647 3469 concludit
1671 3400 1800 3470 autor:
1826 3392 1897 3471 cosi

720 3516 770 3587 du
792 3535 842 3587 uu
866 3517 904 3589 di
927 3518 1031 3607 palti
1050 3518 1152 3608 spirtu·
1169 3517 1236 3608 pti,
1253 3514 1400 3609 scilicet,
1418 3535 1441 3590 a
1462 3514 1590 3609 spiritu
1611 3514 1814 3611 iustiniani,
1832 3517 1897 3611 qui

719 3633 787 3708 luit
806 3635 929 3730 iustus
954 3643 992 3710 et
1016 3635 1110 3731 plue,
1128 3638 1219 3711 detto
1236 3637 1286 3707 mi
1298 3637 1339 3728 su
1348 3660 1363 3727 ;
1381 3656 1400 3706 c
1419 3636 1468 3707 da
1486 3637 1658 3726 Beatus,
1676 3635 1806 3711 deinde
1822 3642 1899 3713 sta·

719 3753 785 3828 tim
810 3754 948 3830 dictum
975 3754 1061 3829 tuit:
1093 3757 1140 3829 di'
1163 3756 1209 3828 di'
1225 3756 1469 3845 domum,
1498 3752 1585 3847 quia
1617 3755 1774 3849 prompti
1800 3762 1897 3851 suut,

719 3876 852 3973 ceredi
867 3894 964 3948 come
974 3896 1001 3948 u
1017 3878 1090 3965 Dii,
1108 3875 1197 3969 quia
1217 3874 1337 3950 omnis
1354 3874 1485 3949 beatus
1500 3872 1592 3949 deus
1609 3873 1896 3972 participatione,

720 4012 790 4069 neo
815 4000 934 4090 potest
957 3996 1082 4072 dicere
1106 3996 1250 4071 falsum.
1265 4000 1379 4069 -Io.
1398 3995 1463 4069 llic
1484 4000 1595 4069 autor
1619 3994 1720 4090 ponit
1745 4014 1897 4093 respon-

720 4114 861 4189 sionem
888 4134 995 4191 suam
1020 4116 1067 4190 ad
1091 4116 1273 4211 spiritum,
1306 4122 1343 4191 et
1373 4115 1493 4210 primo
1524 4135 1565 4190 se
1590 4122 1743 4191 excusat
1766 4116 1795 4189 si
1821 4137 1896 4193 nou

719 4235 906 4332 cognoscit
931 4256 1031 4330 eum,
1049 4236 1193 4312 dicens:
1220 4239 1261 4309 lo
1287 4238 1409 4327 ceppio
1426 4236 1491 4309 bert
1506 4230 1536 4309 ri
1553 4257 1650 4310 conte
1667 4242 1702 4310 tu
1721 4239 1895 4331 tunam,

719 4355 822 4451 idest,
848 4355 993 4452 valaris,
1022 4358 1080 4431 oet
1108 4358 1259 4449 proprio
1291 4358 1393 4449 lame,
1419 4357 1519 4451 quod
1552 4364 1607 4433 est
1639 4358 1896 4455 clarissimum,

718 4478 822 4549 eote
846 4479 946 4568 dupli
969 4478 1064 4551 occdi
1091 4480 1120 4551 tt
1153 4479 1285 4569 ouum,
1311 4477 1415 4572 quasi
1448 4498 1495 4553 ex
1530 4478 1675 4555 duobus
1705 4478 1896 4575 sideribus,

714 4597 876 4689 perot’oi
899 4618 1083 4690 commeo,
1100 4596 1204 4692 idest,
1225 4591 1491 4694 resplendebat
1514 4621 1611 4674 conte
1627 4607 1664 4676 tu
1682 4602 1767 4693 ndi,
1794 4600 1895 4697 idest,

718 4714 872 4811 letarls5
899 4739 960 4791 otc
983 4739 1057 4793 oon
1080 4739 1121 4792 so
1145 4720 1201 4791 cli
1225 4725 1261 4792 tu
1285 4720 1346 4810 se',
1372 4721 1494 4795 aalma
1518 4722 1647 4813 ἀερηα,
1673 4721 1741 4798 ista
1765 4722 1895 4820 gloria,

717 4834 765 4912 od
779 4835 911 4932 perctd
927 4841 1013 4932 appi
1032 4842 1061 4913 tt
1081 4840 1200 4931 prado
1223 4840 1315 4915 detta
1333 4860 1453 4933 spera,
1471 4841 1618 4938 scilicet,
1636 4843 1820 4939 Mercurii,
1837 4846 1897 4918 cle

785 5097 814 5162 (¹)
828 5102 853 5159 t,
868 5097 1023 5149 orationem.
