4575 6842
715 962 853 1018 caurus
878 961 1070 1020 vrunsnrus
1095 963 1238 1018 namus.
1514 954 1556 1019 11

388 1107 473 1182 licet
497 1109 596 1204 velit,
613 1114 738 1183 tamen
764 1127 837 1180 non
862 1106 1043 1182 desiderat
1064 1106 1264 1182 ascendere
1288 1114 1375 1200 ante
1398 1109 1559 1184 debitam

390 1228 693 1323 satisfactionem
719 1233 755 1303 et
780 1246 868 1302 ecce
892 1247 1064 1301 causam:
1090 1229 1163 1317 cle,
1188 1225 1292 1321 idest,
1318 1226 1416 1322 quia,
1443 1231 1480 1302 lo
1505 1231 1562 1303 dt·

390 1351 474 1422 oioa
498 1351 660 1440 pastum
681 1368 773 1440 porte
798 1348 838 1418 al
859 1354 1044 1438 tormento,
1070 1346 1184 1443 ipsam
1210 1346 1373 1422 animam
1405 1368 1562 1442 peccan-

390 1468 446 1564 tis,
472 1489 539 1542 con
562 1471 614 1542 tul
637 1471 768 1559 oopliu,
798 1466 927 1542 eadem
961 1468 1151 1542 voluntate
1184 1467 1311 1562 libera,
1336 1489 1433 1542 conte
1457 1473 1499 1562 su
1523 1472 1563 1542 ol

382 1609 535 1682 pcccur:
558 1588 606 1664 de
631 1588 692 1663 tali
718 1588 907 1663 voluntate
930 1587 1074 1662 dicetur
1091 1587 1184 1662 inira
1201 1588 1360 1685 capitulo
1378 1589 1562 1664 xxtii-

386 1715 432 1783 nt
453 1712 499 1782 io.
525 1708 591 1783 llic
622 1708 757 1783 Statius
792 1706 986 1782 confirmat
1022 1706 1121 1802 quod
1159 1707 1248 1782 dixit
1280 1710 1452 1805 exemplo
1488 1709 1559 1804 sui,

386 1836 424 1905 et
449 1829 500 1904 sic
527 1829 732 1904 manifestat
763 1851 869 1904 suam
901 1828 1167 1904 liberationem.
1193 1829 1285 1902 Dicit
1314 1849 1425 1926 ergo:
1456 1835 1501 1904 Et
1524 1832 1560 1902 io

385 1952 446 2024 cite
469 1971 535 2023 roo
558 1953 708 2042 mactato
734 1971 758 2022 u
783 1957 902 2043 questo
926 1953 1060 2041 duplic,
1080 1949 1184 2039 idest,
1206 1970 1276 2046 ego
1302 1950 1366 2044 qui
1391 1949 1557 2024 subiacui

385 2072 472 2147 huic
497 2072 675 2147 dolorosae
700 2089 819 2165 poenae
844 2090 1057 2166 avarorum,
1091 2074 1307 2162 dnpueceato
1332 2074 1420 2144 uam
1443 2064 1557 2163 epiri,

385 2192 481 2267 ultra
508 2196 683 2285 quartum
711 2191 952 2265 centesimum
978 2211 1118 2264 annum
1145 2211 1221 2284 quo
1243 2195 1394 2267 steterat
1410 2211 1478 2286 pro
1494 2210 1559 2264 ac·

384 2311 476 2386 cidia
502 2312 538 2384 in
564 2316 698 2404 quarto
724 2309 876 2404 circulo,
903 2315 944 2383 ut
973 2309 1116 2384 dicetur
1147 2309 1251 2405 inira,
1273 2331 1345 2403 pur
1376 2332 1434 2384 mo
1457 2313 1557 2384 rendi

385 2432 496 2506 libero
521 2420 662 2503 colonici
687 2433 725 2503 di
749 2431 889 2520 miptior
906 2431 1033 2521 ruptio,
1051 2429 1154 2522 idest,
1174 2429 1391 2504 ascendendi
1413 2429 1460 2504 ad
1478 2450 1558 2504 me·

295 2555 297 2559 ’
357 2575 362 2586 ·
385 2549 514 2625 liorem
536 2557 573 2624 et
594 2550 822 2644 superiorem
840 2549 1010 2645 gradum.
1027 2549 1072 2624 lit
1088 2549 1272 2624 concludit
1289 2548 1435 2643 Statius,
1457 2549 1555 2644 quod

385 2671 445 2746 ille
469 2678 609 2744 tremor
637 2669 770 2743 montis
795 2674 831 2743 et
856 2669 995 2744 clamor
1021 2669 1216 2764 spirituum
1247 2669 1364 2744 lactus
1389 2676 1445 2744 est
1470 2691 1556 2764 pro-

385 2799 467 2887 pter
492 2812 591 2866 eum.
622 2790 714 2865 Dicit
747 2810 857 2885 ergo:
878 2783 968 2883 perd
998 2793 1128 2864 scutati
1160 2793 1188 2864 il
1215 2797 1373 2883 temolo,
1403 2812 1422 2864 c
1451 2793 1477 2863 li
1503 2793 1558 2884 pti

383 2914 510 3005 spiriti,
536 2911 681 3005 scilicet,
707 2931 920 3006 avarorum,
946 2911 1011 3005 qui
1040 2911 1191 2986 luerunt
1223 2911 1262 2984 in
1293 2911 1365 2986 vita
1393 2911 1495 3007 impii
1519 2917 1558 2986 et

384 3031 474 3106 alios
500 3031 658 3126 spiritus,
680 3053 748 3126 per
778 3034 813 3104 lo
844 3038 958 3104 mortte
988 3033 1118 3106 render
1136 3031 1226 3106 'lude
1259 3054 1283 3105 u
1311 3035 1390 3125 puel
1408 3021 1558 3124 tityrum,

383 3152 563 3227 dicentes:
582 3151 705 3226 Gloria
722 3152 759 3224 in
776 3152 928 3227 excelsis
945 3151 1033 3246 Deo,
1051 3155 1110 3226 cltc
1127 3161 1216 3226 tosto
1230 3174 1273 3226 su
1288 3156 1438 3245 plicuit,
1452 3154 1554 3248 idest,

384 3259 519 3370 dirigat
543 3272 589 3346 ad
615 3272 823 3368 superiores
843 3270 980 3369 gradus
997 3271 1091 3345 sicut
1109 3293 1170 3346 me
1187 3273 1345 3348 inviavit.
1363 3275 1407 3348 nt
1424 3273 1555 3347 ultimo

385 3396 493 3487 poeta
519 3392 620 3486 ponit
652 3391 824 3466 ellectum
856 3391 1098 3486 responsionis
1128 3392 1232 3495 iactae
1260 3414 1284 3468 a
1315 3393 1439 3487 Statio,
1465 3393 1553 3488 quia

387 3512 562 3586 remansit
587 3511 792 3606 quietatum
819 3511 1040 3586 desideriunt
1067 3511 1147 3586 eius
1171 3511 1332 3586 omnino.
1356 3512 1447 3586 Dicit
1464 3533 1554 3609 ergo

384 3630 652 3706 continuative:
679 3624 749 3704 cusi
773 3633 824 3723 pli
847 3634 950 3722 disse,
968 3631 1103 3705 Statius
1116 3631 1285 3728 Virgilio,
1304 3655 1322 3705 e
1338 3653 1410 3706 oon
1434 3637 1554 3727 caprei

382 3752 442 3825 dir
467 3760 596 3844 quantu
621 3755 669 3824 mi
690 3757 764 3846 fece
785 3755 920 3845 prodc;
938 3751 1042 3845 quasi
1068 3751 1183 3827 dicat:
1202 3753 1308 3827 nimis
1326 3754 1479 3848 proiecit
1494 3754 1551 3826 siti

384 3891 478 3946 meae
504 3873 673 3967 naturali,
699 3873 746 3948 de
771 3893 845 3966 qua
869 3873 1007 3948 dictum
1038 3879 1093 3948 est
1123 3872 1160 3945 in
1190 3873 1365 3968 principio
1394 3875 1553 3970 capituli.

383 3993 460 4066 lloc
497 4000 623 4068 autem
661 3993 821 4068 declarat
858 4015 924 4089 per
963 3994 1216 4088 metaphoram
1256 3994 1553 4089 propriissimum,

384 4111 507 4188 dicens
532 4114 650 4188 clare:
675 4105 762 4207 perd
792 4117 851 4187 cite
881 4118 912 4188 si
943 4116 1034 4205 poda
1059 4120 1156 4186 tuoto
1189 4117 1247 4188 del
1273 4115 1353 4188 bere
1382 4112 1558 4207 quantoe*

383 4235 523 4323 prande
547 4236 583 4306 lu
607 4242 685 4307 sete.
706 4235 751 4308 Et
772 4233 831 4308 bic
849 4239 934 4308 nota
951 4233 1050 4328 quod
1067 4233 1166 4328 potio
1186 4239 1242 4308 est
1260 4240 1367 4329 grata
1385 4255 1459 4308 non
1476 4240 1553 4308 tarn

383 4372 431 4428 err
457 4354 632 4448 qualitate
662 4353 747 4448 vini,
778 4376 889 4449 quarn
922 4375 966 4430 ex
997 4354 1230 4449 dispositione
1259 4353 1433 4449 bibentis;
1459 4355 1554 4430 sicut

382 4474 499 4571 gratia
525 4474 682 4570 exempli
708 4475 843 4550 Xerses
868 4475 1140 4571 potentissimus
1168 4495 1233 4550 rex
1258 4496 1464 4571 persarum,
1489 4475 1553 4568 qui

382 4613 469 4668 cum
489 4594 745 4669 innumerabili
764 4595 930 4670 exercitu
948 4595 1079 4670 invasit
1090 4595 1268 4670 Graeciam
1283 4595 1373 4668 dum
1387 4596 1505 4671 viliter
1516 4587 1553 4686 (¹)

383 4695 585 4789 debellatus
610 4715 766 4811 turpiter
791 4722 829 4790 et
854 4715 993 4811 trepide
1018 4716 1175 4812 lugeret,
1200 4715 1278 4790 visa
1301 4715 1339 4789 in
1370 4716 1429 4791 via
1454 4737 1553 4811 aqua

383 4833 540 4928 turbida,
563 4833 698 4929 ioetida,
718 4835 841 4910 statim
858 4835 1052 4910 declinavit
1069 4835 1116 4910 ad
1134 4841 1273 4910 terram
1292 4842 1330 4909 et
1348 4835 1458 4932 coepit
1473 4836 1555 4911 avi-

448 5093 475 5157 (¹]
492 5093 522 5144 Ε.
539 5093 656 5146 viriliter.
