4575 6842
690 953 761 1022 386
1080 964 1285 1022 commun
1308 963 1475 1020 annonast

689 1109 823 1186 lormat
851 1129 892 1186 se
912 1110 1001 1204 Deo,
1015 1103 1137 1204 diuisi,
1152 1130 1239 1184 cum
1258 1129 1334 1204 quo
1350 1109 1449 1184 Deus
1464 1107 1686 1203 loquebatur
1705 1107 1798 1184 iaoie
1812 1106 1859 1183 ad

687 1230 830 1326 taciem,
848 1233 999 1321 Samuel,
1018 1231 1195 1326 propbeta
1220 1251 1389 1327 magnus,
1411 1229 1475 1324 qui
1496 1228 1641 1302 inunxit
1661 1228 1776 1303 David
1801 1248 1861 1303 re-

687 1372 785 1448 gom,
816 1353 938 1443 equel
964 1352 1140 1424 Giooom
1164 1352 1250 1442 quot
1269 1351 1426 1442 prender
1455 1351 1585 1439 mooli,
1609 1347 1758 1443 seilicet,
1784 1354 1860 1422 tam

689 1471 898 1567 Baptistam,
917 1491 1029 1564 quam
1047 1470 1330 1566 Evangelistam‚
1347 1470 1394 1544 de
1411 1489 1571 1564 quorum
1589 1469 1705 1543 altero
1722 1468 1860 1544 dietum

691 1600 747 1666 est
761 1596 853 1666 inter
864 1598 967 1666 notos
980 1592 1162 1664 mulierum
1173 1597 1255 1684 eto,
1267 1591 1361 1666 alter
1374 1609 1464 1665 vero
1481 1589 1652 1664 recubuit
1667 1609 1780 1685 supra
1798 1609 1863 1685 po-

692 1717 773 1785 ctus
790 1710 946 1804 Domini,
964 1713 999 1784 io
1015 1713 1197 1804 diemout
1212 1713 1347 1801 Morio,
1361 1709 1465 1804 quasi
1482 1709 1589 1805 dicat,
1607 1711 1718 1784 etiam
1736 1709 1861 1805 llario,

693 1850 776 1924 quae
802 1837 857 1905 est
887 1829 1079 1926 gloriosior
1113 1831 1150 1904 in
1183 1830 1279 1904 ooelo
1307 1828 1487 1924 praedictis
1512 1849 1585 1904 non
1617 1829 1763 1922 babent,
1790 1851 1862 1904 ooo

691 1953 809 2024 tommo
833 1954 847 2023 i
871 1953 950 2024 toro
973 1953 1110 2042 scamni,
1136 1951 1239 2044 idest,
1263 1949 1401 2048 gradus
1430 1949 1569 2046 gloriae,
1593 1952 1632 2022 im
1660 1954 1754 2024 otoo
1777 1955 1863 2027 mitto

690 2074 750 2144 cte
774 2073 888 2163 quenti
909 2073 1035 2164 spuit,
1060 2071 1272 2164 mulierum,
1297 2073 1357 2143 ote
1381 2090 1439 2142 mo
1463 2073 1486 2142 t
1498 2073 1686 2162 oppam,
1712 2071 1749 2144 in
1778 2093 1864 2147 oon-

692 2211 781 2286 poro
806 2192 915 2284 lune,
940 2187 986 2266 ue*
1007 2193 1126 2266 tommo
1142 2194 1202 2264 olt'
1216 2213 1311 2265 esser
1334 2193 1391 2264 lor
1408 2186 1469 2283 piu
1493 2210 1516 2263 o
1541 2211 1620 2266 mem
1639 2195 1740 2282 ommi,
1756 2193 1863 2286 quasi

693 2311 806 2386 dicat:
832 2311 926 2386 siout
951 2330 1025 2385 non
1050 2310 1404 2386 circumscribuntur
1430 2310 1522 2404 loco,
1548 2311 1599 2384 ita
1624 2330 1692 2386 neo
1718 2317 1864 2406 tempus

694 2431 809 2505 currit
826 2431 888 2524 eis,
912 2431 975 2504 ubi
1000 2439 1056 2505 est
1079 2431 1264 2506 aeternitas
1290 2430 1575 2506 interminabilia
1603 2431 1647 2504 lit
1673 2432 1794 2505 subdit
1804 2426 1866 2524 (¹):

695 2571 755 2624 mo
780 2555 853 2624 tutti
873 2555 988 2646 sommo
1017 2553 1102 2625 bello
1131 2555 1159 2625 il
1180 2555 1300 2644 mimo
1330 2554 1424 2643 otro,
1450 2551 1596 2645 scilieet
1622 2552 1759 2626 ooelum
1785 2573 1868 2627 em-

697 2693 865 2768 pyreum,
883 2695 902 2746 o
920 2675 990 2745 iton
1008 2675 1105 2747 dolce
1121 2674 1205 2761 vitu,
1223 2671 1370 2765 scilieet,
1391 2671 1548 2766 beatam,
1566 2675 1867 2766 dilsmmtemmte,

697 2792 900 2867 secundum
926 2793 1007 2887 plus
1032 2797 1069 2867 et
1095 2792 1217 2866 minus
1240 2791 1386 2888 gloriae3
1411 2791 1509 2866 undo
1534 2791 1636 2867 dicit:
1651 2813 1717 2884 per
1742 2797 1870 2866 sentire

694 2907 756 3006 piu
780 2934 799 2986 e
823 2933 902 2986 mm
927 2916 949 2986 t’
958 2920 1077 2987 etetmo
1092 2915 1204 3005 epiro,
1222 2911 1326 3004 idest,
1345 2911 1502 3007 gratiam
1520 2909 1633 2986 sancti
1648 2912 1869 3008 Spiritus.-

703 3035 812 3122 Quim'.
839 3033 904 3108 llio
929 3033 1075 3108 Beatrix
1099 3033 1260 3128 assignat
1284 3052 1435 3106 oausam
1453 3052 1572 3126 quare
1587 3033 1721 3107 animae
1745 3041 1869 3110 osten-

698 3155 833 3230 dantur
859 3155 903 3240 inv
920 3154 1066 3248 propria
1092 3154 1209 3244 stella,
1233 3153 1377 3228 dicens:
1400 3155 1502 3240 Ouioi
1523 3156 1556 3225 oi
1579 3161 1751 3247 mostroo,
1777 3173 1870 3249 pnae·

698 3274 781 3350 dicti
799 3274 946 3369 spiritus
963 3273 1000 3346 in
1017 3273 1084 3346 ista
1102 3273 1206 3347 stella
1226 3271 1363 3366 intima,
1382 3293 1455 3345 mon
1470 3266 1599 3364 perotd
1611 3281 1730 3364 questo
1749 3293 1869 3367 opero,

697 3393 843 3488 scilicet,
869 3392 1019 3486 lunaris,
1045 3395 1251 3466 uasorum
1276 3395 1368 3482 loro,
1394 3392 1496 3484 idest,
1523 3392 1703 3467 destinata
1724 3395 1783 3468 vel
1807 3393 1873 3468 de-

699 3517 826 3608 putata
851 3512 923 3606 eis3
950 3532 1009 3585 mo
1031 3533 1097 3604 per
1121 3532 1229 3603 senno
1261 3513 1355 3585 delto
1385 3514 1546 3603 celestiul
1578 3513 1724 3608 scilicet,
1755 3532 1872 3609 spera,

700 3634 759 3709 vel
789 3636 951 3726 spiritual
985 3635 1015 3705 o’
1027 3635 1074 3706 lto
1107 3653 1186 3706 mon
1218 3634 1337 3723 solitu,
1367 3631 1470 3726 idest,
1505 3633 1685 3707 minorem
1716 3633 1873 3730 gradum

701 3753 931 3830 beatitudinis
949 3753 987 3826 in
1003 3752 1189 3848 paradiso;
1210 3753 1316 3846 quasi
1332 3751 1429 3827 dicat
1449 3773 1525 3827 uno
1542 3753 1670 3847 verbo,
1692 3753 1757 3827 ista
1777 3752 1875 3827 fictio

703 3873 785 3948 ideo
811 3874 905 3948 iacta
931 3880 986 3948 ost
1013 3873 1059 3947 ad
1092 3871 1319 3947 innuendum
1350 3873 1421 3947 sub
1453 3859 1573 3968 ligura
1606 3872 1871 3948 distinctionem

702 3991 887 4091 graduum
913 3993 948 4066 in
975 4013 1151 4086 supremo
1175 3992 1281 4067 ooelo.
1307 3993 1352 4066 Et
1381 4012 1468 4067 ecce
1493 4013 1664 4067 oausam:
1691 3992 1778 4087 quia
1802 3984 1876 4066 cosi

700 4117 832 4208 partor
850 4117 1025 4187 commonui
1040 4117 1079 4187 ot
1098 4120 1218 4186 vostro
1237 4115 1402 4203 moenaio,
1419 4111 1565 4205 seilicet,
1584 4114 1757 4207 numano,
1775 4111 1875 4206 quod

703 4256 777 4309 non
802 4235 898 4329 capit
923 4233 1121 4328 spiritualia
1146 4233 1270 4325 aliter3
1296 4231 1395 4307 unde
1419 4231 1524 4306 dicit:
1543 4224 1631 4324 perd
1650 4235 1710 4305 obe
1730 4235 1807 4306 solo
1825 4235 1877 4306 du

702 4363 841 4431 ammoto
857 4357 1036 4448 apprendo
1054 4347 1108 4426 md
1124 4356 1184 4427 olto
1197 4359 1239 4447 so
1250 4355 1375 4446 posoio
1391 4356 1593 4428 d'tutetletto
1612 4356 1751 4447 denum
1771 4353 1876 4447 quasi

704 4477 798 4551 dioat
810 4467 868 4568 (²):
894 4475 980 4569 quia
1007 4472 1126 4547 omnis
1144 4479 1267 4548 nostra
1285 4472 1443 4568 oognitio
1461 4472 1679 4548 intellectiva
1698 4472 1879 4567 dependet

703 4619 726 4672 a
743 4596 912 4672 sensitiva
929 4594 1053 4688 aliquo
1071 4593 1201 4687 modo;
1221 4593 1318 4668 unde
1336 4613 1409 4668 non
1430 4613 1626 4688 possumus
1643 4593 1710 4667 nisi
1728 4613 1775 4668 ex
1792 4613 1879 4668 sen-

704 4716 866 4790 sibilibus
890 4715 1089 4790 ascendere
1115 4713 1161 4788 ad
1189 4713 1352 4789 notitiam
1378 4721 1647 4809 separatorum,
1670 4713 1768 4788 oinoa
1793 4733 1879 4808 qua

706 4836 880 4931 sapientia
896 4837 1054 4910 totaliter
1070 4840 1260 4928 versatum
1278 4834 1377 4910 unde
1401 4834 1487 4908 nibil
1511 4855 1707 4930 possumus
1723 4834 1876 4928 discere,

771 5094 798 5158 (¹)
816 5095 846 5146 E.
863 5094 949 5144 subdit
965 5093 1060 5144 dioeno.
1324 5091 1354 5154 θ)
1370 5094 1401 5144 Ε.
1418 5095 1498 5145 dicatt
1514 5095 1607 5146 omnio.
