4575 6842
696 936 768 1018 298
1088 949 1292 1005 couenruu
1317 948 1486 1003 raurorsr

695 1094 793 1168 cioso
821 1092 937 1188 valde,
963 1114 1060 1167 come
1084 1096 1257 1185 dimandi,
1276 1052 1386 1186 idest,
1412 1092 1507 1167 sicut
1523 1090 1639 1188 exigis
1656 1097 1694 1168 et
1711 1094 1868 1188 requiris

695 1212 884 1288 bominem
910 1212 1167 1308 sufficientem,
1194 1235 1218 1287 o
1241 1216 1313 1287 dur
1338 1216 1494 1287 canoto
1513 1214 1645 1305 ottoro,
1670 1213 1774 1308 idest,
1791 1213 1874 1288 lau-

694 1354 779 1408 rum
806 1332 979 1408 arborem
1001 1332 1170 1409 dilectam
1189 1334 1352 1429 Apollini.
1371 1334 1424 1408 Ad
1442 1334 1542 1428 quod
1562 1333 1751 1409 sciendum
1773 1333 1872 1429 quod

694 1453 823 1528 laurus
847 1452 943 1528 dicta
970 1461 1025 1529 est
1050 1475 1073 1528 a
1098 1453 1208 1528 laude
1225 1473 1291 1549 per
1308 1475 1422 1547 quam
1442 1453 1602 1549 intellige
1618 1453 1786 1528 lauream
1808 1473 1873 1527 co·

696 1576 839 1669 ronam,
874 1595 949 1669 qua
978 1574 1208 1649 ornabantur
1234 1580 1363 1669 poetae,
1400 1579 1442 1648 ut
1474 1573 1612 1668 patebit
1637 1573 1748 1669 paulo
1773 1577 1873 1668 post;

697 1716 811 1790 quam
837 1700 944 1769 vocat
968 1701 1144 1789 amatam,
1167 1693 1257 1788 'quia
1292 1694 1437 1789 respicit
1467 1694 1514 1769 ad
1541 1693 1723 1769 fictionem
1758 1714 1871 1788 quam

696 1816 813 1911 tangit
833 1815 944 1911 paulo
960 1821 1051 1910 post.
1070 1815 1162 1889 Nam
1182 1814 1309 1911 Apollo
1326 1814 1460 1889 dicitur
1475 1814 1667 1889 adamasse
1683 1814 1872 1910 Daphnem

698 1936 808 2010 liliam
837 1935 947 2011 Peuci
972 1934 1145 2027 lluminis,
1171 1956 1256 2029 quae
1281 1955 1460 2010 conversa
1484 1933 1617 2009 dicitur
1647 1934 1685 2009 iu
1710 1935 1872 2028 laurum,

697 2056 804 2131 cuius
828 2056 1017 2131 frondibus
1042 2055 1235 2130 adornavit
1254 2054 1433 2130 citharam
1459 2058 1497 2129 et
1521 2054 1734 2150 pharetram
1751 2075 1871 2128 suam.

697 2176 820 2251 Poctae
845 2175 944 2250 enim
969 2175 1177 2250 attribuunt
1208 2174 1361 2270 Apollini
1393 2175 1511 2271 lyram
1544 2180 1685 2269 septem
1718 2173 1876 2248 chorda-

697 2318 795 2391 rum,
822 2295 909 2390 quia
940 2297 995 2371 sol
1020 2302 1074 2371 tot
1098 2317 1293 2391 sperarum
1321 2295 1527 2371 coelestium
1553 2302 1678 2370 motus
1702 2295 1874 2371 modera-

697 2422 769 2492 tur.
796 2417 974 2492 pharetra
1000 2438 1090 2493 vero
1116 2424 1172 2493 est
1189 2417 1243 2493 vis
1260 2424 1298 2492 et
1317 2417 1434 2492 virtus
1452 2416 1640 2491 radiorum
1663 2416 1760 2511 solis,
1778 2437 1873 2512 quos

697 2544 873 2634 tanquam
894 2539 1021 2637 jacula
1054 2538 1164 2613 mittit
1195 2530 1283 2631 etd)
1318 2538 1443 2617 omnia
1471 2542 1663 2634 penetrat;
1697 2536 1796 2611 unde
1827 2536 1874 2613 ad

696 2659 903 2735 habendam
938 2658 1153 2755 sapientiam
1185 2678 1252 2733 rex
1286 2658 1461 2754 Pyrrhus,
1494 2663 1536 2731 ut
1566 2657 1691 2732 scribit
1725 2656 1874 2752 Plinius,

696 2779 863 2877 gestabat
886 2778 924 2852 in
953 2777 1065 2875 digito
1090 2779 1260 2853 achatem
1292 2777 1448 2874 lapidem
1478 2777 1517 2851 iu
1550 2798 1627 2873 quo
1659 2776 1875 2852 mirabiliter

697 2903 804 2975 erant
828 2898 979 2994 sculptae
1005 2919 1139 2974 novem
1165 2918 1282 2973 musae
1307 2902 1344 2973 et
1368 2898 1496 2993 Apollo
1521 2896 1613 2973 deus
1634 2896 1820 2993 sapientiae
1838 2896 1875 2969 in

669 3026 671 3029 ’
698 3004 813 3094 manu
839 3024 967 3093 tenens
993 3018 1184 3093 citharam.
1197 3021 1381 3092 -lusino
1406 3038 1431 3091 α
1455 3021 1523 3111 qui.
1555 3018 1621 3093 llic
1651 3024 1760 3113 poeta
1784 3016 1876 3092 assi·

697 3126 786 3237 gnat
810 3158 961 3213 causam
987 3137 1167 3232 petitionis
1192 3137 1297 3212 lactae
1321 3156 1388 3234 per
1418 3157 1519 3232 eum,
1552 3144 1590 3212 et
1618 3139 1699 3212 vult
1728 3142 1877 3213 seuten-

697 3258 829 3334 tialiter
854 3257 989 3352 dicere,
1004 3258 1114 3353 guod
1138 3278 1193 3333 ex·
1212 3258 1358 3333 duobus
1383 3257 1449 3332 diis
1471 3264 1664 3355 poetarum
1683 3280 1781 3333 uuus
1797 3258 1876 3333 sul·

697 3380 781 3456 lecit
817 3380 884 3455 sibi
923 3378 959 3453 iu
997 3380 1142 3454 duobus
1180 3379 1307 3475 primis
1341 3380 1591 3455 voluminibus
1630 3379 1873 3474 facilioribus,

697 3521 797 3576 nuuc
823 3520 913 3576 vero
939 3498 976 3573 in
1002 3499 1070 3573 isto
1090 3500 1197 3575 tertio
1214 3500 1425 3575 difficillimo
1441 3492 1479 3593 (¹)
1497 3500 1633 3597 indiget
1649 3500 1776 3575 lavore
1792 3520 1876 3574 am-

697 3621 844 3697 borum.
870 3619 924 3693 Ad
950 3618 1056 3694 cuius
1081 3619 1197 3694 literae
1223 3619 1497 3717 intelligentiam
1521 3624 1667 3717 oportet
1691 3618 1873 3716 praescire,

698 3742 797 3837 quod
822 3741 1005 3815 Parnasus
1026 3746 1081 3814 est
1098 3760 1205 3814 mons
1224 3740 1375 3814 Graeciae
1392 3739 1429 3813 in
1449 3740 1601 3837 regione
1616 3738 1765 3833 Beotiae,
1786 3738 1875 3812 olim

697 3850 974 3956 famosissimus,
1009 3865 1086 3936 toto
1119 3862 1211 3935 orbe
1241 3868 1427 3936 terrarum
1461 3860 1668 3936 celebratus
1700 3860 1875 3937 carmini-

697 3982 768 4058 bus
785 3982 953 4057 omnium
971 3987 1178 4078 poctarum,
1200 3982 1311 4057 etiam
1326 3972 1364 4075 (θ)
1385 3981 1644 4057 historicorum
1666 3981 1874 4057 testimonio

700 4088 926 4197 no'tissimus3
944 4102 1008 4195 qui
1025 4101 1224 4176 altissimus
1247 4102 1294 4176 ad
1320 4103 1457 4177 coelum
1483 4101 1595 4177 babet
1618 4102 1694 4177 duo
1720 4122 1873 4198 cornua,

699 4224 736 4298 io
762 4225 880 4299 altero
905 4244 1067 4318 quorum
1094 4222 1285 4299 colebatur
1310 4221 1449 4318 Apollo,
1474 4222 1511 4296 in
1544 4223 1662 4298 altero
1695 4224 1872 4298 Bacchus.

697 4343 801 4420 Unde
826 4343 990 4418 lustinus
1024 4344 1210 4418 breviator
1242 4343 1350 4439 Trogi
1381 4342 1551 4441 religiose
1580 4344 1750 4419 describit
1778 4352 1874 4420 tem-

697 4465 800 4561 plum
826 4464 1011 4561 Apollinis,
1037 4463 1161 4540 dicens
1188 4464 1286 4559 quod
1311 4470 1367 4539 est
1392 4463 1551 4560 positum
1579 4465 1615 4537 in
1640 4470 1767 4540 monte
1782 4467 1874 4540 Par·

698 4592 789 4660 naso
814 4584 852 4659 in
878 4605 980 4681 saxo,
999 4585 1097 4679 quod
1116 4586 1296 4679 templum
1314 4590 1352 4659 et
1368 4584 1551 4659 civitatem
1571 4582 1775 4680 delphicam
1800 4606 1873 4661 nou

699 4706 798 4780 muri
823 4704 888 4780 sod
913 4705 1122 4801 praecipitia,
1151 4725 1218 4781 nec
1244 4704 1410 4801 praesidia
1440 4703 1649 4780 manufacta
1675 4705 1740 4781 sod
1765 4712 1873 4781 natu-

700 4828 791 4903 ralia
815 4825 1027 4921 delendunt,
1048 4826 1097 4902 ita
1124 4834 1167 4901 ut
1190 4826 1374 4902 incertum
1391 4824 1438 4899 sit
1454 4833 1582 4899 utrum
1599 4826 1871 4903 munimentum

762 5083 791 5151 (¹)
808 5085 838 5136 Ε.
854 5092 881 5137 et
897 5085 923 5136 lu
939 5086 1034 5137 omnia.
1160 5086 1226 5151 (ht,
1243 5086 1419 5138 didlclbori.¹
1521 5082 1633 5150 what
1647 5085 1840 5140 historicorum.
