4575 6842
723 968 794 1037 248
1083 979 1287 1037 couurruu
1313 979 1532 1037 rurorrorru

721 1146 874 1225 pomum
905 1124 1086 1221 optimum
1117 1132 1247 1203 contra
1278 1145 1430 1201 omnem
1462 1123 1538 1201 rim
1568 1123 1712 1217 veneni,
1739 1122 1839 1217 quod
1853 1115 1890 1213 (¹)

720 1248 830 1323 habet
848 1266 1019 1340 saporem
1039 1245 1147 1321 valde
1162 1266 1356 1341 umarum3
1374 1245 1474 1321 unde
1491 1251 1600 1321 curet
1615 1244 1737 1319 subito
1757 1262 1893 1338 pucros

722 1368 856 1464 quibus
880 1367 1051 1443 crudeles
1076 1387 1246 1442 novercae
1263 1366 1444 1442 dederunt
1462 1386 1648 1443 vencnum
1666 1365 1892 1462 pestiferum.

725 1491 769 1565 llt
792 1490 843 1564 sic
870 1489 951 1564 vide
979 1497 1160 1583 quantum
1189 1488 1303 1565 arbor
1328 1488 1407 1563 lraec
1430 1487 1676 1563 saluberrima
1700 1486 1896 1563 conveniet

725 1629 813 1685 cum
831 1608 966 1683 arbore
983 1608 1060 1682 teli:
1075 1608 1196 1685 differt
1213 1607 1393 1683 tamenin
1410 1608 1482 1682 hoc
1498 1607 1597 1701 quod
1613 1607 1726 1681 arhor
1739 1605 1895 1702 paradisi

725 1750 791 1825 per
808 1728 1036 1804 contrarium
1063 1736 1277 1804 nostrarum
1304 1728 1484 1804 arborum
1502 1746 1648 1823 semper
1667 1727 1895 1825 ingrossatur

725 1848 963 1926 ascendendo.
982 1848 1075 1923 Dicit
1090 1869 1202 1946 ergo:
1227 1852 1280 1923 La
1296 1851 1432 1923 ctioma
1449 1869 1530 1938 ora,
1551 1848 1653 1941 idest,
1674 1867 1811 1923 corona
1833 1868 1895 1921 ra·

727 1990 876 2045 morum
890 1968 999 2042 huius
1012 1968 1166 2061 arberte,
1179 1971 1238 2042 cire
1259 1974 1356 2042 tanto
1369 1963 1432 2061 piri
1443 1970 1475 2041 si
1486 1970 1610 2061 dilutc,
1626 1966 1728 2061 idest,
1741 1966 1895 2061 amplia·

725 2094 798 2181 tur,
812 2094 943 2181 quanto
953 2083 1014 2181 pot
1027 2084 1112 2178 esu,
1126 2088 1228 2182 idest,
1241 2087 1404 2163 ascendit
1415 2108 1578 2181 sursum,
1588 2092 1674 2181 sora
1690 2091 1895 2180 ammirato,

724 2215 819 2284 esset
843 2209 1003 2304 inspecta
1029 2229 1114 2283 cum
1141 2209 1395 2303 admiratione,
1416 2211 1512 2301 duat
1527 2210 1619 2300 Indi,
1638 2208 1741 2303 idest,
1760 2208 1809 2283 ab
1829 2208 1897 2283 illis

724 2331 771 2407 de
800 2329 912 2423 India,
937 2332 994 2403 net
1018 2330 1133 2403 bosclu'
1162 2333 1219 2403 lor
1245 2352 1312 2423 per
1343 2332 1494 2422 cltczza,
1524 2328 1629 2423 quusi
1658 2328 1765 2422 dicut,
1797 2328 1898 2422 quod

724 2451 785 2527 illa
809 2450 921 2526 arbor
947 2469 1030 2543 quae
1061 2455 1116 2525 est
1143 2451 1252 2525 altior
1286 2450 1324 2523 in
1353 2448 1453 2523 India
1486 2457 1543 2524 est
1574 2448 1697 2525 brevis
1727 2454 1896 2544 respectu

726 2570 839 2645 istius.
865 2570 908 2643 Et
934 2568 992 2644 hic
1017 2576 1102 2644 nota
1127 2570 1228 2663 quod
1253 2570 1332 2644 haec
1356 2576 1413 2644 est
1429 2569 1489 2643 illu
1509 2570 1622 2644 arbor
1638 2590 1661 2644 a
1679 2590 1751 2665 que
1773 2568 1897 2644 excisa

726 2690 794 2764 iuit
819 2690 878 2764 illa
903 2689 1026 2783 arbor,
1045 2689 1090 2763 de
1107 2710 1182 2782 que
1199 2689 1338 2764 dictum
1363 2696 1420 2765 est
1444 2689 1482 2762 irr
1506 2690 1646 2765 circulo
1665 2690 1895 2785 gulosorum,

727 2830 812 2905 quae
836 2809 948 2883 habet
972 2814 1114 2903 partem
1146 2808 1374 2904 superiorem
1404 2809 1622 2905 ampliorem
1652 2810 1739 2905 quia
1770 2808 1896 2904 recipit

728 2929 995 3005 nutrimentum
1030 2951 1052 3004 u
1084 2929 1190 3024 coelo,
1221 2930 1284 3004 ubi
1309 2930 1463 3005 arbores
1494 2936 1629 3005 nostrae
1663 2929 1843 3025 recipiunt
1872 2951 1896 3003 a

727 3055 837 3125 terra.
856 3049 949 3123 Nota
967 3048 1075 3123 etiarn
1103 3050 1163 3123 lric
1188 3048 1297 3143 quod,
1318 3055 1411 3125 teste
1426 3048 1578 3145 Seneca,
1592 3049 1764 3147 Virgilius
1780 3049 1898 3146 magis

727 3169 843 3245 voluit
876 3168 1058 3245 delectere
1090 3171 1267 3245 lectorem
1302 3190 1414 3263 quum
1448 3168 1584 3245 docere
1618 3169 1831 3267 agricolam.
1847 3210 1898 3225 -

728 3296 848 3367 Beato.
888 3290 953 3364 llic
990 3297 1097 3385 poeta
1127 3290 1214 3385 quie
1245 3289 1399 3384 dixerat,
1426 3291 1524 3384 quod
1562 3312 1692 3366 omnes
1723 3292 1898 3387 culpave·

727 3416 811 3485 rant
836 3409 1116 3486 inobedientiam
1143 3410 1242 3504 Adre,
1269 3430 1368 3485 nunc
1400 3409 1556 3486 ostendit
1582 3410 1740 3505 qualiter
1767 3430 1897 3485 omnes

726 3529 1081 3605 commendaverunt
1105 3530 1351 3605 obedientium
1376 3531 1507 3606 Christi
1531 3530 1596 3625 qui
1623 3531 1813 3607 renovavit
1835 3552 1898 3604 ar·

727 3649 857 3723 horem
883 3669 996 3743 quam
1030 3648 1147 3723 idam
1172 3650 1402 3744 spoliaverat.
1439 3650 1532 3724 Dicit
1564 3670 1680 3747 ergo:
1704 3656 1813 3725 Beato
1836 3654 1897 3744 εί,

726 3771 861 3865 misem
885 3771 945 3842 circ
968 3790 1041 3843 ooo
1064 3772 1224 3863 discurrit,
1245 3769 1347 3863 idest,
1365 3770 1573 3865 disrumpis,
1588 3774 1647 3845 col
1660 3772 1774 3866 becco,
1793 3771 1898 3865 quasi

726 3889 834 3985 dicat,
857 3890 919 3984 qui
937 3910 1009 3964 rrorr
1027 3896 1165 3987 gustes,
1183 3893 1296 3964 d’esto
1322 3894 1437 3983 quw,
1454 3891 1613 3966 scientiae
1633 3891 1718 3966 boni
1736 3899 1774 3967 et
1791 3892 1897 3986 muli-;

727 4012 797 4085 hoc
826 4010 910 4087 dicit
940 4010 1026 4105 quia
1060 4011 1223 4086 Christus
1255 4013 1371 4088 lactus
1405 4019 1462 4086 est
1494 4012 1667 4088 obediens
1701 4012 1897 4107 usquead

729 4136 900 4225 mortem,
920 4132 979 4206 ubi
997 4130 1113 4207 Adam
1135 4152 1209 4206 rrorr
1233 4131 1301 4207 tuit
1319 4131 1492 4207 obediens
1509 4133 1575 4207 nisi
1594 4153 1661 4229 per
1678 4152 1815 4229 paucas
1830 4133 1899 4208 lro·

730 4270 809 4345 res3
836 4250 917 4326 ideo
943 4250 1037 4327 berre
1062 4251 1167 4326 dicit:
1186 4255 1283 4326 dolce
1299 4255 1338 4326 al
1352 4259 1467 4344 quoto,
1487 4252 1551 4327 sed
1570 4274 1742 4328 umerum
1760 4252 1898 4347 ventri3

729 4369 827 4445 unde
852 4369 955 4444 dicit:
976 4373 1101 4464 porcia
1126 4374 1186 4444 cire
1199 4374 1225 4445 'l
1248 4378 1367 4445 ventre
1386 4375 1507 4447 mulsi
1526 4380 1632 4467 torre,
1652 4371 1754 4467 idest,
1771 4392 1901 4449 amare

728 4496 923 4583 torquetur
949 4497 986 4565 et
1011 4496 1269 4586 tormentatur,
1295 4494 1429 4583 quincti,
1453 4492 1501 4567 uh
1525 4492 1588 4567 illo
1611 4499 1736 4588 gustu,
1757 4498 1800 4566 ut
1820 4496 1900 4589 jam

727 4610 844 4705 patuit
869 4609 905 4683 irr
930 4610 1056 4706 primis
1081 4611 1305 4709 parentibus.
1327 4612 1373 4687 Et
1392 4613 1508 4710 tangit
1526 4614 1625 4688 unde
1645 4612 1786 4688 venerit
1804 4613 1900 4688 istud

726 4729 863 4804 dictum
897 4738 934 4805 et
967 4732 1197 4807 confirmatio
1227 4732 1323 4827 dicti,
1358 4732 1505 4809 dicens:
1536 4738 1588 4827 qli
1619 4737 1715 4827 citri,
1751 4734 1899 4828 scilicet,

727 4851 836 4945 beati,
856 4855 1032 4944 qriduroo
1057 4846 1140 4946 cosi,
1158 4852 1253 4927 sicut
1276 4853 1414 4929 dictum
1440 4861 1497 4929 est
1520 4854 1558 4928 iu
1584 4854 1731 4929 laudem
1757 4855 1899 4952 gryphi,

792 5106 819 5172 Γ)
836 5110 866 5159 Ε·
883 5110 953 5173 quod
969 5122 1077 5174 pomum
1092 5111 1179 5163 hebet.
