4575 6842
708 963 780 1029 21t
1069 974 1273 1030 conburunt
1298 974 1518 1031 runnlronu

708 1138 911 1212 numquam
933 1119 1044 1213 possit
1064 1118 1247 1194 oblivione
1262 1118 1402 1193 aboleri
1422 1124 1490 1193 etc.
1509 1117 1553 1190 itt
1573 1108 1771 1191 introducit
1787 1108 1880 1193 Bea-

706 1238 834 1314 triccm
861 1239 1109 1336 indignantem
1136 1259 1248 1335 super
1264 1239 1411 1333 planctu
1433 1238 1524 1332 eius,
1542 1256 1627 1331 quae
1644 1236 1879 1332 interpellans

706 1378 794 1433 eum
821 1359 969 1434 nomine
1000 1359 1159 1455 proprio,
1184 1358 1288 1433 dicit:
1314 1380 1337 1432 o
1366 1362 1494 1447 Dona,
1515 1353 1646 1450 perclrd
1676 1360 1818 1447 Vtrpitio
1841 1379 1880 1431 sc

687 1501 749 1553 oc
774 1482 882 1571 vada,
908 1480 1071 1575 loquitur
1096 1480 1203 1573 irate,
1227 1500 1301 1553 noo
1322 1482 1475 1571 pioopcr
1500 1498 1700 1570 onomaton
1724 1481 1879 1571 piouper

706 1621 856 1691 ancora,
882 1599 968 1695 quia
994 1599 1157 1673 nondum
1184 1600 1298 1673 babes
1322 1619 1473 1673 causam
1500 1598 1620 1692 llendi,
1645 1594 1707 1673 cte*
1726 1601 1879 1691 muodo·

705 1724 731 1793 ti
753 1723 897 1793 conum
918 1740 985 1812 per
1010 1722 1105 1793 altro
1129 1721 1266 1812 spudu5
1282 1718 1370 1813 quia
1390 1740 1551 1816 pungam
1569 1713 1606 1811 (¹)
1625 1725 1663 1793 te
1679 1718 1824 1794 acutius
1840 1727 1879 1793 et

705 1839 846 1934 lortius,
873 1839 977 1932 quasi
1002 1838 1097 1913 dicat
1123 1838 1250 1914 tacite:
1269 1839 1356 1932 qnia
1378 1860 1453 1915 non
1478 1840 1597 1913 solum
1624 1838 1731 1913 nimis
1756 1834 1877 1935 Virgi-

705 1959 796 2033 lium
822 1958 974 2053 coluisti‚
992 1958 1055 2033 sed
1081 1959 1191 2032 simul
1216 1978 1278 2033 me
1302 1958 1505 2054 deseruisti,
1522 1958 1617 2034 sicut
1630 1949 1667 2051 (¹)
1686 1958 1782 2035 dicct
1799 1958 1877 2053 ple-

705 2080 788 2153 nius
813 2078 916 2153 inira.

783 2202 891 2287 otuu
915 2202 1151 2291 ammiroplto.
1183 2200 1255 2275 lsta
1285 2205 1342 2273 est
1375 2198 1482 2273 tertia
1514 2218 1600 2293 pars
1628 2198 1810 2293 generalis
1838 2196 1877 2271 in

706 2341 779 2415 qua
805 2327 912 2415 poeta
937 2320 1108 2395 describit
1133 2320 1420 2416 increpationem
1445 2317 1619 2394 beatricis
1643 2317 1747 2393 adse
1767 2318 1878 2393 etin-

705 2441 923 2537 crepationis
948 2442 1131 2517 ellectum.
1160 2444 1203 2515 lit
1227 2442 1347 2538 primo
1371 2446 1524 2536 apparat
1553 2438 1666 2534 ipsam
1700 2446 1875 2532 tanquam

705 2560 889 2636 dominam
917 2562 1287 2659 magnae'autoritatis
1312 2568 1350 2635 et
1375 2559 1561 2655 potestatis
1581 2579 1648 2655 per
1673 2578 1786 2633 unam
1808 2576 1876 2633 no-

704 2680 815 2756 bilem
841 2682 1152 2776 comparationem
1177 2688 1216 2758 et
1240 2682 1427 2776 pulcram3
1454 2686 1491 2755 et
1506 2678 1592 2753 dicit
1608 2678 1707 2772 quod
1726 2678 1803 2754 risa
1819 2684 1876 2753 est

704 2799 771 2875 sibi
805 2801 909 2895 quasi
943 2802 1092 2897 quidam
1122 2800 1336 2877 admiralius
1368 2820 1512 2896 magnae
1543 2799 1678 2893 classis,
1708 2798 1770 2893 qui
1801 2798 1875 2871 dis-

704 2943 859 2998 currens
884 2944 950 3018 per
976 2923 1120 3020 navigia
1147 2922 1328 2997 confortat
1343 2922 1439 2996 bene
1454 2926 1617 3017 agentes,
1635 2920 1758 3015 pigros
1784 2938 1873 2994 vero

703 3050 741 3119 et
765 3044 950 3119 tardantes
975 3044 1069 3119 dure
1083 3035 1120 3137 (³)
1148 3044 1322 3138 increpat.
1348 3042 1482 3117 Ordiua
1501 3042 1552 3116 sic
1568 3041 1713 3115 literam
1730 3047 1768 3115 et
1784 3060 1872 3115 oon-

703 3170 822 3239 strue:
857 3167 932 3239 Vidi
956 3168 992 3239 la
1016 3168 1150 3257 donno,
1172 3163 1318 3256 scilicet,
1335 3160 1551 3256 Matricem,
1576 3162 1636 3233 cle
1650 3164 1736 3252 pm'u
1757 3164 1874 3253 m’ap-

699 3286 819 3378 purio,
846 3284 941 3360 inter
965 3284 1074 3359 llores
1099 3304 1212 3378 supra
1228 3304 1395 3376 currum,
1414 3284 1542 3371 velato,
1564 3280 1712 3373 scilicet,
1730 3280 1872 3373 taciem,

705 3409 745 3477 ul
777 3402 916 3477 dictum
947 3410 1130 3498 estmoe
1160 3404 1355 3493 tuupclicu
1389 3408 1497 3493 vestu,
1529 3400 1631 3494 idest,
1662 3400 1746 3473 velo
1777 3400 1873 3494 albo,

702 3524 819 3618 qualis
845 3531 899 3599 est
925 3524 1034 3599 vestis
1059 3525 1290 3620 angelorum,
1311 3526 1350 3596 io
1373 3544 1415 3596 su
1431 3526 1468 3596 lu
1486 3524 1624 3614 sponda
1647 3523 1794 3594 onuba
1817 3524 1874 3595 dcl

701 3664 823 3738 curro,
853 3650 1029 3739 exparte
1062 3643 1197 3719 veteris
1227 3642 1448 3736 testamenti,
1479 3641 1543 3715 ubi
1574 3649 1681 3715 erant
1710 3649 1872 3736 quatuor

701 3766 872 3862 virgines²
898 3768 1049 3839 drtzzor
1073 3768 1124 3856 pli
1148 3766 1243 3837 ocuti
1266 3760 1329 3837 odr
1352 3785 1419 3856 ure,
1450 3761 1643 3858 respiciens
1669 3783 1730 3837 me
1754 3769 1871 3859 torre,

700 3891 738 3962 ur·
762 3907 832 3979 quo
856 3889 920 3959 dol
942 3890 1012 3977 rio,
1038 3885 1184 3980 scilicet,
1201 3886 1403 3979 Letbaeum,
1428 3884 1491 3959 ubi
1516 3904 1632 3978 eram,
1659 3887 1801 3976 quoodo
1825 3887 1875 3958 mi

700 4010 787 4081 oolst
811 4010 850 4080 ul
872 4026 961 4079 soon
985 4008 1043 4079 del
1064 4026 1167 4079 aomo
1191 4008 1275 4097 mio,
1303 4004 1450 4098 scilicet,
1473 4004 1608 4098 Dentis,
1626 4007 1686 4077 cle
1701 4008 1739 4077 di
1756 4006 1873 4077 neccs-

699 4118 766 4201 ald
791 4131 851 4223 qui
874 4129 906 4200 si
927 4128 1095 4217 repulus,
1121 4126 1223 4219 idest,
1250 4112 1468 4199 inscribitur.
1495 4126 1540 4199 ut
1564 4124 1615 4199 sic
1645 4124 1728 4200 vide
1758 4145 1869 4219 quam

699 4249 900 4343 prudenter
926 4252 963 4323 et
988 4253 1096 4321 caute
1121 4252 1229 4340 poeta
1253 4266 1294 4319 se
1319 4252 1483 4339 excusat
1502 4265 1550 4319 ne
1569 4244 1736 4319 videatur
1751 4246 1870 4340 jacta-

701 4374 759 4442 tor
785 4372 821 4442 et
847 4387 985 4460 vanus3
1012 4386 1098 4440 nam
1125 4386 1198 4439 nou
1223 4364 1369 4442 ridetur
1385 4364 1432 4439 de
1449 4384 1554 4450 more
1572 4364 1870 4459 pbilosophorum

700 4488 864 4563 inserere
890 4486 1038 4561 nomina
1064 4485 1211 4582 propria
1244 4486 1416 4581 operibus
1445 4506 1590 4579 eorum,
1616 4484 1683 4559 nisi
1717 4506 1802 4559 raro
1834 4492 1871 4559 et

699 4628 745 4683 ex
772 4628 909 4701 causa;
932 4606 1030 4681 unde
1046 4604 1217 4702 Virgilius
1229 4605 1378 4700 juvenis
1399 4604 1609 4680 verecunde
1628 4625 1670 4679 se
1690 4604 1870 4680 nominat:

699 4728 833 4803 Dantes
859 4748 950 4824 ergo
974 4726 1060 4801 dicit
1084 4746 1124 4801 se
1150 4747 1223 4802 non
1248 4746 1296 4801 ex
1322 4723 1496 4821 vanitate
1520 4726 1583 4801 sed
1598 4712 1635 4818 (⁸)
1659 4726 1873 4803 necesitate

699 4849 769 4923 boc
796 4848 932 4923 iecisse.
959 4848 1161 4923 Necessitas
1186 4852 1312 4923 antem
1343 4845 1401 4921 bic
1431 4846 1576 4923 videtur
1605 4844 1692 4940 quia
1722 4846 1868 4922 Beatrix

760 5035 787 5099 (¹)
803 5036 833 5087 Ε·
850 5037 949 5101 punglt.
1202 5034 1229 5096 (¹)
1245 5036 1277 5085 E.
1293 5041 1323 5086 nt
1338 5034 1439 5085 dicetur
1455 5035 1531 5097 plene
1547 5033 1622 5083 inira.

759 5110 914 5175 liltore.
1202 5112 1228 5175 (¹)
1245 5112 1557 5163 extenuamus
