4575 6842
719 991 857 1048 caurus
883 992 1075 1048 vruusruus
1100 991 1269 1059 omarus·
1531 975 1578 1041 95

404 1136 453 1212 cit
477 1143 605 1233 poeta:
632 1138 695 1213 Mle
727 1138 909 1235 Virgilius,
934 1141 1046 1212 dissm
1076 1143 1207 1231 questo,
1236 1136 1382 1230 scilicet,
1409 1134 1578 1228 dubium,

405 1279 479 1332 non
500 1263 587 1354 sora
611 1280 636 1331 u
661 1267 692 1333 te
714 1251 745 1333 sl
769 1281 873 1351 apro,
899 1259 1002 1353 idest,
1021 1279 1094 1334 non
1120 1264 1217 1332 esset
1242 1257 1306 1330 tibi
1331 1263 1407 1330 tam
1434 1255 1580 1331 difficile

407 1380 466 1454 vel
498 1379 675 1475 mirabile,
706 1401 743 1454 se
771 1382 1040 1474 rammmtasst,
1074 1378 1177 1473 idest,
1205 1376 1402 1452 reduceres
1435 1375 1500 1450 tibi
1533 1375 1580 1450 ad

407 1506 583 1596 mentem,
596 1522 692 1574 come
704 1503 884 1592 Meleagro
900 1503 933 1573 si
947 1491 1126 1591 consumd,
1142 1497 1328 1594 paullatim
1346 1496 1527 1591 deficiens,
1543 1499 1583 1570 al

407 1641 597 1694 consumor
629 1625 667 1695 di
697 1643 745 1696 un
776 1620 1039 1695 amalildis
1070 1625 1169 1713 uota,
1194 1618 1322 1712 lector,
1349 1616 1448 1711 quod
1473 1616 1581 1720 multi

408 1761 505 1836 saepe
520 1740 729 1835 petiverunt
744 1733 781 1835 (⁴)
797 1762 820 1814 a
838 1761 923 1816 me:
949 1739 1036 1834 quid
1063 1738 1147 1813 lacit
1169 1738 1215 1812 ad
1236 1737 1463 1833 propositum
1483 1736 1581 1811 istud

409 1860 620 1956 exemplum
636 1860 834 1956 Meleagri?
853 1858 907 1933 Ad
928 1860 1027 1954 quod
1044 1858 1126 1932 dico
1143 1857 1243 1952 quod
1263 1857 1488 1952 comparatio
1506 1876 1581 1931 non

407 1987 530 2076 posset
555 1982 671 2078 magis
697 1982 820 2057 lacere
836 1980 882 2054 ad
900 1980 1144 2084 propositum:
1167 1978 1262 2053 sicut
1281 1978 1379 2053 enim
1398 1978 1581 2075 Meleager

407 2101 454 2174 ad
480 2101 799 2196 consumptionem
824 2100 934 2174 unius
953 2099 1087 2174 titionis
1104 2098 1292 2194 paullatim
1311 2097 1513 2192 deficiebat,
1532 2097 1582 2172 ita

406 2219 467 2294 hic
493 2220 627 2295 umbra
651 2221 697 2295 ad
722 2220 874 2296 odorem
901 2220 1000 2315 pomi
1030 2225 1068 2294 et
1097 2238 1206 2313 aquae
1236 2238 1303 2313 per
1332 2225 1456 2291 ramos
1486 2217 1583 2291 illius

407 2338 636 2415 decurrentis
661 2339 849 2436 paullatim
876 2339 1079 2414 macrescit.
1102 2339 1146 2412 Et
1172 2338 1266 2413 sicut
1294 2339 1477 2435 Meleager
1494 2356 1583 2411 con-

408 2465 579 2554 sumptus
611 2466 667 2534 est
696 2481 719 2534 a
748 2479 860 2534 causa
890 2459 1112 2554 extrinseca,
1148 2458 1283 2533 scilicet
1314 2459 1362 2532 ab
1394 2457 1583 2534 inlluentia

408 2584 607 2675 astrorum,
623 2580 673 2654 ita
697 2580 829 2654 umbra
854 2579 913 2654 hic
938 2579 1169 2654 consumitur
1186 2600 1207 2653 a
1227 2599 1339 2654 causa
1364 2577 1582 2672 extrinseca,

409 2698 546 2774 scilicet
569 2721 592 2775 a
617 2701 807 2775 voluntate
823 2699 955 2774 diviua.
973 2699 1041 2774 dlii
1065 2705 1190 2773 tamen
1207 2698 1344 2792 dicunt,
1366 2697 1464 2793 quod
1483 2717 1584 2772 mors

409 2820 581 2917 Meleagri
607 2821 702 2895 lacta
727 2827 783 2895 est
806 2840 873 2915 per
898 2825 1017 2894 artem
1038 2820 1239 2918 magicam;
1258 2825 1295 2895 et
1314 2825 1404 2893 tunc
1423 2819 1583 2892 mullum

295 2939 300 2946 '
327 3023 329 3027 .
409 2940 548 3016 iaceret
572 2940 619 3015 ad
643 2940 891 3036 propositum,
918 2961 1005 3014 nam
1032 2945 1121 3014 tunc
1145 2939 1268 3037 arguit
1285 2959 1308 3013 a
1327 2938 1472 3032 minori,
1490 2937 1584 3012 sicut

411 3068 513 3136 recle
535 3061 762 3158 Augustinus
786 3059 873 3135 lacit
897 3060 934 3133 in
960 3060 1053 3134 libro
1073 3059 1121 3134 de
1137 3059 1291 3134 Ciuitate
1307 3059 1385 3154 Dei,
1404 3057 1467 3132 uhi
1487 3057 1584 3152 dicit,

412 3181 511 3277 quod
535 3183 565 3256 si
590 3180 845 3280 nigromantici
870 3187 1023 3276 possunt
1047 3180 1199 3277 alligare
1232 3179 1405 3254 umbram
1437 3177 1586 3274 corpori

411 3322 534 3398 aereo,
559 3308 700 3397 quanto
725 3302 842 3400 magis
867 3302 1029 3397 potentia
1055 3301 1177 3376 divina
1198 3306 1316 3396 polest
1336 3301 1489 3398 alligare
1506 3300 1586 3374 ani-

412 3442 512 3496 mam
539 3422 614 3519 igni
643 3423 955 3519 corporalil-li
981 3444 1028 3496 se.
1061 3422 1126 3496 llic
1152 3420 1323 3519 Virgilius
1348 3421 1496 3496 adducit
1526 3441 1586 3496 se·

411 3543 575 3617 cundum
601 3543 813 3638 exemplum
834 3542 1004 3617 naturale
1021 3541 1067 3615 ad
1088 3563 1201 3615 suum
1228 3541 1468 3637 propositum,
1488 3541 1588 3636 quod
1611 3593 1612 3596 a

411 3669 467 3738 est
491 3663 538 3739 de
563 3663 734 3760 imagine,
752 3682 837 3757 quae
857 3668 1031 3737 moretur
1047 3663 1083 3735 in
1102 3663 1252 3757 speculo
1272 3662 1318 3737 ad
1341 3668 1483 3737 motum
1501 3683 1586 3736 cor·

411 3783 509 3879 poris
534 3782 705 3878 oppositi;
731 3782 830 3885 unde
854 3782 957 3856 dicit:
977 3788 1011 3855 Ε
1026 3774 1080 3855 oid
1096 3785 1157 3856 clue
1172 3803 1245 3875 por
1262 3785 1367 3876 duro,
1385 3783 1431 3858 ad
1449 3802 1587 3880 coguo-

413 3903 604 3995 sceudum,
629 3904 654 3976 ti
682 3902 857 3996 purrebde
882 3905 998 3994 oizzo,
1028 3901 1131 3996 idest,
1162 3901 1352 3977 videretur
1382 3902 1444 3976 tibi
1476 3901 1588 3976 molle

413 4028 451 4098 ot
476 4022 592 4118 facile,
625 4044 663 4096 sc
681 4024 844 4116 percussi
867 4042 964 4094 come
989 4028 1110 4095 vestm
1138 4024 1269 4113 image,
1294 4022 1397 4116 idest,
1423 4023 1587 4096 humana

412 4142 548 4239 imago,
573 4147 717 4236 guizzo,
746 4142 849 4237 idest,
883 4147 1154 4237 commovetur,
1184 4145 1307 4217 denuo
1333 4145 1405 4216 ullo
1430 4145 1586 4235 speccltio

414 4265 454 4336 al
476 4271 595 4338 vosno
618 4265 760 4356 guizzo,
786 4262 888 4357 idest,
915 4268 1072 4336 motum.
1100 4262 1143 4336 Et
1169 4261 1227 4337 lric
1257 4269 1344 4337 nota
1377 4263 1477 4357 quod
1508 4264 1588 4337 haec

414 4385 639 4481 comparatio
657 4384 815 4458 mullum
834 4383 981 4459 videtur
998 4384 1121 4459 iacere
1141 4383 1188 4458 ad
1208 4383 1368 4479 lactum,
1386 4383 1473 4478 quia
1495 4383 1588 4457 sicut

413 4503 537 4601 imago
554 4505 771 4602 incorporea
785 4510 957 4580 movetur
970 4505 1008 4578 in
1022 4504 1172 4600 speculo
1191 4525 1381 4601 corporeo,
1396 4505 1446 4580 ila
1464 4505 1588 4580 anima

414 4622 651 4721 incorporalis
676 4625 864 4701 cruciatur
888 4624 927 4698 in
951 4645 1041 4701 aere
1067 4625 1269 4721 corporali,
1288 4632 1325 4701 et
1349 4625 1443 4700 sicul
1464 4626 1589 4723 imago

414 4736 565 4837 renitl¹l
592 4745 640 4821 ab
665 4753 781 4841 extra,
799 4746 850 4820 ita
874 4745 994 4841 passio
1019 4745 1121 4820 venit
1145 4745 1193 4819 ab
1219 4753 1325 4822 extra
1350 4747 1387 4820 in
1412 4747 1586 4848 animam.

414 4863 486 4939 Sed
504 4865 590 4960 quia
607 4887 700 4962 opus
716 4874 772 4942 est
789 4866 918 4940 maiori
935 4864 1171 4960 discussione,
1189 4865 1272 4965 ideo
1293 4866 1464 4964 Virgilius
1485 4888 1589 4943 com-

478 5053 505 5115 (¹)
521 5058 576 5116 117,
592 5055 766 5119 polluerant·
782 5070 825 5107 mo
838 5056 900 5121 quid
916 5055 1001 5105 iaciat.

478 5131 506 5196 (¹)
524 5135 578 5193 117,
595 5133 663 5184 vonit
679 5133 706 5184 ln
721 5133 856 5198 speculum
873 5133 906 5184 ab
920 5137 1002 5184 extra.
