4575 6842
709 953 779 1021 300
1099 965 1303 1021 ecmannum
1328 966 1494 1019 raaaorsr

706 1110 800 1185 niter
826 1114 1061 1205 exponentes,
1081 1108 1181 1204 quod
1198 1129 1264 1204 per
1288 1110 1473 1185 Bacchum
1492 1115 1598 1204 poeta
1615 1096 1782 1203 inlelligit
1799 1106 1878 1183 elo·

705 1231 906 1327 quantiam,
933 1252 1018 1326 quae
1044 1230 1236 1324 bucusque
1260 1230 1405 1305 sulleclt
1428 1230 1521 1323 sibi3
1547 1250 1647 1305 nunc
1668 1237 1793 1303 autem
1822 1229 1879 1301 in·
1940 1278 1944 1284 ·

705 1352 804 1449 diget
829 1352 1003 1448 sapientia
1029 1373 1113 1446 quae
1138 1372 1205 1447 per
1225 1352 1427 1447 Apollinem
1445 1350 1638 1447 liguratur.
1660 1350 1730 1425 Sed
1751 1357 1879 1446 parcat

708 1473 795 1547 mibi
817 1472 1023 1548 reverentia
1036 1472 1164 1547 talium
1179 1471 1384 1567 sapientum
1399 1470 1463 1565 qui
1476 1492 1609 1545 vanam
1629 1471 1876 1547 ratiunculam

707 1595 905 1687 adducunt,
925 1592 1096 1687 dieentes,
1122 1591 1221 1685 quod
1246 1591 1374 1665 rinrrm
1392 1590 1475 1666 lacit
1501 1591 1878 1687 linguam'dlsertam3

708 1734 795 1789 narn
829 1714 909 1787 talis
942 1713 1151 1806 eloquentia
1185 1718 1341 1786 nonest
1373 1711 1581 1805 artificialis,
1612 1732 1680 1787 nec
1714 1720 1880 1788 meretur

708 1834 868 1907 laudem.
887 1832 974 1907 Dico
992 1851 1083 1927 ergo
1100 1831 1198 1926 quod
1211 1852 1278 1928 per
1295 1832 1495 1927 Apollinem
1513 1838 1551 1907 et
1567 1833 1752 1907 Bacchum
1770 1839 1880 1906 autor

708 1954 874 2051 intelligit
888 1974 1003 2026 unum
1022 1960 1059 2027 et
1076 1953 1249 2027 eumdem
1268 1952 1380 2027 deum
1402 1952 1472 2027 sub
1488 1952 1641 2028 diversis
1658 1952 1878 2046 nominibus,

707 2074 801 2149 sicut
826 2072 970 2147 curiose
994 2077 1032 2146 et
1057 2072 1205 2167 copiose
1228 2073 1455 2147 demonstrat
1479 2072 1684 2147 Macrobius
1704 2071 1796 2146 libro
1813 2072 1880 2146 Sa·

707 2194 920 2287 turnallum,
946 2192 1009 2267 ubi
1035 2192 1120 2267 dicit
1146 2192 1240 2268 inter
1268 2192 1339 2267 alia
1371 2192 1499 2286 multa,
1530 2193 1629 2287 quod
1660 2192 1715 2267 sol
1746 2212 1881 2267 cursus

706 2316 896 2391 stellarum
927 2318 964 2388 et
993 2312 1159 2388 ordinem
1191 2333 1318 2388 rerum
1352 2315 1601 2388 bumanorum
1633 2314 1692 2389 vel
1723 2313 1879 2409 disponit

708 2437 766 2511 vel
793 2434 987 2531 significat3
1013 2432 1095 2509 ideo
1121 2444 1240 2530 poete
1264 2435 1416 2510 ellectus
1441 2435 1526 2509 solis
1557 2435 1680 2510 varios
1709 2435 1779 2509 sub
1813 2454 1880 2508 no-

709 2555 808 2630 mine
833 2555 1065 2630 diversorum
1090 2555 1246 2629 deorum
1274 2561 1505 2630 notaverunt.
1532 2554 1722 2629 Potissime
1752 2560 1878 2629 autem

708 2674 783 2750 duo
802 2674 949 2751 nomina
966 2675 1173 2749 attribuunt
1189 2675 1268 2769 soli,
1285 2674 1431 2769 scilicet,
1448 2674 1649 2770 Apollinem
1668 2682 1705 2749 et
1722 2673 1880 2749 liberum

708 2796 915 2871 Bacchum:
941 2797 1056 2871 solem
1084 2795 1232 2890 quidem
1259 2803 1393 2872 vocant
1409 2796 1624 2892 Apollinem,
1642 2796 1679 2869 in
1695 2802 1877 2891 quantum

708 2914 863 2990 inlundil
887 2915 1112 2990 intellectum
1138 2916 1324 3012 sapientiae
1349 2916 1534 2992 mentibus
1558 2916 1769 3011 bominum;
1786 2918 1881 2992 Bac-

708 3037 818 3110 chum
837 3055 939 3130 vern,
961 3035 1195 3130 inquantum
1220 3036 1389 3132 producit
1405 3036 1558 3113 allectus
1580 3057 1708 3112 rerum
1727 3042 1881 3113 natura·

584 3166 599 3191 ·
708 3156 809 3230 lium.
841 3157 945 3244 Quod
974 3163 1100 3232 autem
1125 3157 1253 3252 Apollo
1272 3165 1311 3232 et
1337 3158 1501 3232 Baccbus
1526 3158 1571 3231 sit
1596 3179 1694 3231 unus
1719 3164 1756 3234 et
1782 3158 1878 3234 idem

707 3275 798 3351 deus
824 3278 955 3372 probat
978 3278 1183 3353 Macrobius
1212 3299 1279 3374 per
1312 3278 1645 3355 manilestissimum
1677 3300 1880 3376 argumen-

707 3400 799 3492 tum,
834 3395 980 3471 dicens:
1012 3396 1110 3492 quod
1140 3398 1254 3473 Beotli
1289 3398 1493 3473 Parnasum
1529 3405 1693 3473 montem
1724 3400 1876 3495 Apollini

706 3524 961 3591 consecratum
983 3524 1244 3611 memorantes,
1263 3518 1373 3592 simul
1392 3526 1517 3592 umen
1534 3518 1571 3592 in
1588 3519 1718 3594 eodem
1737 3528 1775 3595 et
1791 3542 1878 3595 ora-

708 3637 833 3711 culum
860 3635 1066 3732 delphicum
1093 3645 1131 3712 et
1155 3638 1346 3733 speluncas
1371 3638 1562 3713 bacchicas
1595 3639 1659 3713 uni
1690 3640 1760 3715 deo
1792 3662 1883 3717 cou-

707 3763 867 3831 secratas
893 3757 1034 3852 colunt;
1062 3757 1160 3832 unde
1185 3758 1336 3853 Apollini
1362 3764 1400 3832 et
1424 3758 1540 3833 libero
1566 3759 1659 3853 patri
1686 3760 1723 3833 in
1748 3760 1879 3837 eodem

708 3885 834 3951 monte
858 3896 919 3951 res
943 3875 1064 3951 divina
1090 3878 1311 3973 celebratur,
1334 3878 1433 3973 quod
1452 3882 1607 3952 testatur
1627 3878 1745 3953 Varro
1762 3886 1800 3955 et
1819 3880 1884 3955 alii

708 3996 838 4091 multi;
857 3996 955 4071 unde
971 3996 1138 4092 Orpbeus
1155 4018 1260 4073 sacer
1277 4003 1383 4094 poeta
1402 3999 1440 4072 in
1456 3998 1570 4073 sacris
1587 3998 1797 4074 liberalibus
1814 3998 1880 4075 de-

707 4123 887 4193 monstrat
903 4116 1059 4192 liberum
1076 4124 1216 4213 patrem
1236 4124 1274 4193 et
1290 4120 1404 4192 solem
1419 4138 1500 4193 esse
1513 4140 1630 4194 unum
1649 4127 1687 4195 el
1703 4119 1877 4195 eumdem

706 4236 838 4313 deum:
865 4237 1029 4313 similiter
1046 4238 1219 4335 Virgilius
1235 4239 1273 4313 in
1290 4239 1481 4334 probemio
1498 4239 1776 4337 Georgicorum.
1794 4240 1881 4316 ldeo

706 4356 800 4433 bene
825 4358 914 4453 petit
938 4358 1037 4453 quod
1062 4358 1138 4453 ipse
1160 4358 1223 4453 qul
1240 4358 1338 4434 dedit
1355 4359 1422 4433 sibi
1441 4359 1552 4434 vitam
1571 4358 1633 4435 det
1648 4360 1876 4456 sapientiam.

705 4518 755 4533 -
771 4482 895 4553 Enoc.
922 4479 987 4555 llic
1019 4480 1154 4555 Dentes
1186 4481 1357 4576 implorat
1392 4481 1627 4577 singulariter
1658 4502 1876 4576 supremum

704 4599 869 4673 favorem
895 4598 1077 4695 Apollinis,
1096 4608 1133 4675 et
1153 4600 1242 4697 petit
1263 4606 1304 4673 ut
1322 4601 1487 4676 infundat
1506 4600 1674 4696 spiritum
1693 4601 1880 4697 sapientie
1963 4642 1968 4650 ·

705 4718 742 4793 in
769 4739 855 4793 eum
875 4719 1138 4815 perfectissimo
1160 4719 1282 4814 modo,
1306 4720 1510 4795 sicut‘olim
1528 4718 1685 4795 ostendit
1701 4720 1878 4795 virtutem

706 4840 891 4935 sapientiae
916 4861 994 4915 suae
1023 4851 1152 4917 contra
1185 4841 1383 4935 quemdam
1414 4862 1551 4916 vanum
1585 4842 1800 4936 superbum.
1825 4842 1879 4916 Ad

707 4960 813 5036 cuius
846 4960 899 5035 rei
933 4960 1207 5059 intelligentiam
1245 4967 1391 5056 oportet
1423 4961 1610 5057 praescire,
1647 4961 1745 5055 quod
1783 4962 1878 5036 banc

708 5079 888 5155 fictionem
917 5079 1032 5175 tangit
1055 5079 1206 5154 Ovidius
1226 5081 1411 5156 succincte
1436 5082 1481 5154 vl
1505 5080 1661 5174 blaloris,
1687 5080 1751 5155 sed
1770 5080 1877 5155 dillu-
