4575 6842
725 978 865 1034 CANTUS
890 979 1083 1034 vloltslulls
1107 979 1278 1034 occicus.
1517 969 1585 1035 177

415 1125 565 1220 quando
590 1125 748 1221 portabit
773 1145 901 1200 semen
925 1124 1069 1200 arboris
1092 1124 1140 1200 ad
1164 1124 1326 1219 aliquam
1345 1133 1488 1221 partem
1507 1127 1587 1201 lon-

415 1245 604 1343 nuquam,
622 1247 717 1320 sicut
741 1245 909 1320 ridemus
935 1245 1034 1340 quod
1055 1244 1240 1320 interdum
1258 1245 1370 1320 arbor
1386 1246 1586 1323 domestica

327 1376 337 1386 ’
418 1365 601 1461 reperitur
626 1365 663 1438 iu
688 1366 802 1461 sylva,
832 1365 944 1439 arbor
973 1364 1161 1462 sylvestris
1191 1363 1375 1460 reperitur
1404 1366 1442 1440 in
1468 1368 1585 1442 horto.

415 1485 506 1562 llicit
531 1506 642 1583 crgo:
669 1490 749 1560 Non
779 1486 953 1578 porrecte
974 1489 1037 1578 poi
1060 1487 1268 1576 manullo
1297 1488 1336 1559 di
1367 1476 1416 1578 ld,
1451 1487 1587 1562 scilicet

415 1607 611 1682 inmundo
637 1613 773 1700 nostro,
790 1609 885 1680 udilo
910 1615 1041 1699 pmcn,
1057 1607 1193 1681 scilicet
1210 1606 1308 1701 quod
1330 1612 1430 1682 terra
1456 1629 1522 1702 per
1546 1628 1588 1683 se

416 1726 595 1822 concipiat
619 1726 698 1802 sine
721 1726 874 1820 semine,
891 1729 1034 1818 quondo
1057 1731 1185 1801 dimna
1199 1729 1336 1821 planta,
1356 1727 1458 1822 idest,
1476 1728 1587 1803 arbor

416 1847 572 1940 novella,
598 1850 634 1920 oi
656 1849 685 1920 ε’
698 1848 867 1940 appiolis
893 1847 996 1941 idest,
1021 1847 1176 1942 pullulat
1202 1846 1388 1939 ibiscum
1412 1868 1587 1940 semepo-
1640 1917 1642 1922 .

415 1971 496 2059 lese,
527 1966 629 2060 idest,
659 1965 864 2058 manifesto,
892 1966 992 2060 quod
1021 1972 1189 2062 patenter
1219 1974 1403 2062 appareat,
1433 1967 1480 2042 dc
1511 1987 1586 2062 quo

415 2087 583 2162 hominos
606 2086 800 2180 mirantur,
827 2085 1037 2183 ignorantes
1061 2106 1226 2180 causam,
1244 2087 1307 2162 sed
1328 2085 1452 2162 audita
1474 2107 1585 2164 causa

416 2227 490 2282 non
515 2206 760 2300 mirarentur3
786 2207 893 2281 etita
917 2213 959 2281 tu
984 2206 1110 2282 audita
1134 2227 1246 2281 causa
1277 2227 1350 2281 uon
1380 2207 1491 2282 debes
1517 2207 1588 2281 nri-

415 2326 490 2404 rari
515 2327 543 2402 si
570 2334 703 2403 ventus
727 2325 805 2402 sive
830 2333 953 2401 motus
985 2327 1082 2401 aeris
1111 2333 1167 2400 est
1197 2347 1308 2401 causa
1338 2326 1585 2423 generationis

413 2447 603 2524 orborum.
630 2447 675 2520 ut
698 2445 881 2521 concludit
907 2453 1087 2541 quantum
1113 2446 1160 2521 ad
1186 2447 1255 2521 hoc
1276 2446 1365 2520 dans
1383 2467 1501 2521 uuum
1521 2467 1586 2520 no-

414 2567 535 2662 tabile,
561 2567 704 2644 dicens:
731 2587 750 2639 e
773 2587 880 2659 super
903 2569 961 2640 dei
984 2567 1045 2639 ote
1068 2569 1106 2639 lo
1129 2586 1330 2658 compapno
1345 2573 1463 2659 soom,
1481 2566 1585 2662 idest,

416 2689 484 2764 ista
508 2695 608 2764 tcrra
634 2688 740 2783 plana
766 2689 883 2760 multo
900 2686 1052 2762 ierlilior
1069 2707 1182 2781 quarn
1201 2687 1397 2783 Campania
1420 2707 1585 2780 romana,

415 2831 480 2883 ooo
504 2816 539 2882 tu
562 2805 637 2882 sela*
655 2812 762 2901 piena
784 2809 820 2881 d'
832 2811 917 2900 opni
930 2828 1108 2898 scnwuzo,
1125 2807 1212 2901 quia
1229 2807 1363 2882 scillcet
1381 2808 1417 2881 in
1438 2827 1482 2882 ca
1501 2813 1586 2881 sunt

415 2928 583 3025 germina
609 2927 775 3002 omniurn
801 2926 991 3020 arborum,
1015 2927 1116 3021 idest,
1136 2927 1314 3001 virtutum
1342 2935 1379 3003 ct
1403 2927 1588 3002 virtuosa·

417 3069 503 3122 rum
527 3048 795 3143 operationum,
821 3057 855 3122 et
876 3051 924 3120 lta
945 3052 1056 3141 frutto
1079 3051 1117 3120 in
1136 3069 1174 3120 se
1193 3049 1253 3120 cite
1278 3069 1349 3120 riou
1373 3051 1405 3120 si
1428 3048 1586 3121 solicola

416 3171 454 3242 di
478 3158 528 3259 ld,
554 3167 655 3262 idest,
681 3169 745 3262 qui
771 3189 845 3244 uon
869 3167 1033 3262 carpitur
1058 3173 1094 3241 et
1119 3167 1301 3264 colligitur
1330 3167 1365 3240 in
1381 3159 1417 3260 (¹)
1447 3168 1586 3243 mundo

417 3295 540 3364 vestro
565 3287 661 3362 inter
682 3295 733 3363 tot
754 3288 991 3364 turbationes.
1013 3286 1166 3362 Felicior
1184 3287 1282 3362 enirn
1301 3294 1355 3362 est
1374 3287 1515 3361 fructus
1532 3287 1587 3362 la·

416 3409 578 3484 borantis
602 3409 672 3482 suh
698 3408 845 3503 virtute,
871 3429 985 3504 quam
1011 3408 1210 3483 laborantis
1234 3409 1304 3482 sub
1330 3409 1487 3482 lortuna.

490 3532 661 3621 L'ucpuo.
680 3531 749 3604 lsta
775 3536 831 3604 est
856 3536 988 3624 quarta
1014 3536 1051 3605 el
1078 3529 1206 3603 ultima
1222 3520 1258 3622 (¹)
1279 3529 1457 3624 particula
1475 3549 1589 3626 genc-

418 3648 514 3744 ralis,
532 3648 569 3722 in
589 3669 664 3743 qua
688 3648 882 3743 comitissa,
898 3659 1045 3723 ostenso
1066 3647 1165 3723 undc
1180 3649 1299 3723 oritur
1316 3655 1448 3724 ventus
1466 3649 1502 3722 in
1522 3670 1588 3745 pa-

419 3769 538 3844 radiso
556 3769 785 3864 deliciarum,
802 3790 901 3844 nunc
918 3777 1187 3863 consequenter
1205 3770 1398 3864 respondet
1414 3770 1460 3845 dc
1476 3790 1587 3865 aqua,

417 3876 611 3964 madens
636 3889 734 3983 quod
760 3890 828 3964 ista
851 3910 949 3983 aqua
975 3888 1197 3963 transcendit
1223 3895 1393 3963 naturam
1420 3891 1585 3964 omnium

417 4031 602 4105 aquarum
640 4011 925 4104 mundanarum,
960 4010 1075 4083 immo
1107 4015 1162 4084 osi
1196 4008 1432 4083 immutabilis
1464 4016 1501 4084 et
1531 4010 1588 4084 in·

417 4129 611 4204 variabilis.
637 4129 739 4205 Unde
763 4129 870 4206 dicit:
897 4132 1059 4221 L'ooquo
1090 4132 1151 4203 olto
1174 4133 1264 4220 cedi,
1290 4134 1365 4204 tarn
1391 4151 1523 4224 puram
1551 4137 1587 4205 ct

418 4250 575 4326 lucidam
601 4251 671 4324 sub
695 4251 811 4325 oculis
837 4251 930 4344 tuis3
957 4251 1161 4325 eratenim
1189 4257 1296 4344 poeta
1322 4257 1410 4324 tunc
1439 4251 1476 4325 in
1510 4251 1587 4347 ripa

418 4371 576 4446 lluminis
600 4371 747 4465 lretlraei,
772 4392 845 4445 uon
868 4392 975 4467 corpe
997 4373 1037 4446 di
1061 4391 1164 4464 vena,
1197 4371 1292 4445 sicut
1318 4377 1449 4446 vestrae
1480 4391 1587 4467 aquae

418 4492 608 4568 inferiores
633 4511 700 4587 per
724 4492 984 4567 subterraneos
1009 4478 1155 4566 meatus
1179 4513 1202 4566 a
1229 4492 1334 4566 mari.
1361 4490 1462 4566 Sicut
1488 4492 1585 4567 enirn

418 4614 456 4687 in
480 4613 696 4707 corporibus
725 4613 858 4687 uostris
889 4612 1038 4708 sanguis
1071 4611 1271 4686 eliunditur
1302 4634 1325 4687 a
1357 4633 1463 4708 vena,
1490 4613 1539 4687 ila
1564 4633 1587 4687 a

418 4732 520 4809 versu
545 4739 664 4808 lerrae-
681 4732 781 4807 rivus
806 4739 844 4808 cl
867 4733 1008 4807 llumen
1033 4730 1245 4828 effunditur,
1264 4734 1336 4824 rte,
1355 4733 1455 4827 idest,
1474 4752 1585 4828 quarn

420 4873 563 4946 renam,
580 4855 703 4926 niori
718 4873 845 4945 uapor,
862 4851 964 4946 idest,
983 4851 1152 4926 restituat
1168 4853 1297 4949 nubes,
1310 4855 1369 4926 cite
1380 4857 1406 4926 'l
1419 4857 1489 4945 piel
1503 4873 1588 4927 con-

480 5040 508 5101 (¹)
524 5039 555 5088 Ε.
573 5039 599 5088 ln
615 5040 713 5090 mundo
728 5045 816 5091 restro
831 5041 900 5092 lnior
915 5044 955 5092 tol
971 5039 1159 5101 tribulationes,
1176 5040 1251 5093 alitor
1267 5041 1434 5092 turbationes.

481 5115 509 5177 ζ’)
523 5116 554 5166 Ε.
570 5115 663 5166 ultima
679 5130 738 5179 pars
753 5117 883 5182 generalis
897 5118 975 5168 lrulos
989 5116 1106 5180 capituli,
1122 5119 1148 5166 in
1164 5131 1225 5181 qun.

550 5223 588 5266 Π.
1431 5226 1457 5268 ld
