4575 6842
734 951 805 1018 406
1125 958 1331 1016 comeum
1354 957 1522 1013 eaaauml

733 1108 777 1182 sit
802 1126 926 1200 senex,
952 1103 1079 1179 debilis
1104 1106 1164 1180 vel
1189 1105 1375 1198 infirmus3
1402 1105 1461 1179 vel
1485 1104 1515 1178 si
1542 1104 1719 1200 exipsius
1743 1105 1906 1182 absentia

732 1225 893 1300 turbatio
918 1226 1095 1302 timeatur
1121 1226 1160 1299 in
1183 1231 1295 1302 terra.
1314 1225 1417 1302 Unde
1433 1225 1532 1302 circa
1549 1225 1713 1321 primum
1733 1226 1907 1303 admonet

734 1367 810 1442 nos,
836 1347 978 1423 dicens:
1004 1367 1064 1420 mo
1095 1349 1212 1441 αἱαιπ,
1239 1347 1304 1440 qui
1328 1351 1458 1420 votum
1485 1344 1624 1439 lecerit,
1648 1365 1722 1420 non
1746 1350 1908 1422 omma

733 1473 885 1561 temere,
911 1487 1031 1558 croco,
1057 1465 1160 1562 idest,
1186 1472 1326 1560 votum,
1352 1465 1454 1560 quod
1481 1472 1537 1542 eet
1565 1485 1681 1563 graue
1699 1486 1807 1560 onus,
1833 1470 1907 1541 cllo

731 1609 798 1661 mo
821 1590 950 1681 spallo,
975 1587 1069 1682 licet,
1094 1591 1225 1684 gravet
1249 1606 1352 1679 eum,
1366 1607 1436 1679 per
1459 1607 1524 1660 nio
1544 1587 1707 1678 mittito,
1726 1587 1828 1680 quod
1851 1594 1907 1662 eet

732 1709 904 1804 liberum,
928 1729 1038 1782 senza
1063 1710 1100 1781 lo
1125 1710 1219 1781 vodo
1243 1709 1337 1781 delto
1356 1710 1475 1781 cla'ooc
1491 1708 1632 1800 dinam
1649 1707 1753 1801 idest,
1770 1727 1906 1804 argen-

731 1835 803 1924 tea,
829 1851 849 1903 e
872 1831 963 1902 della
987 1830 1111 1920 pinita,
1129 1827 1231 1922 idest,
1248 1847 1377 1921 aurea,
1402 1827 1507 1922 quasi
1527 1827 1635 1922 dicat,
1662 1826 1742 1903 sine
1760 1827 1905 1903 licentia

731 1949 897 2047 pastoris,
915 1948 979 2043 qui
1005 1946 1139 2023 habeat
1162 1947 1399 2022 autoritatem
1417 1954 1455 2022 ot
1474 1947 1663 2023 scientiam
1687 1946 1850 2022 solvendi
1865 1954 1905 2022 et

731 2068 877 2166 ligandi,
903 2087 988 2163 quae
1013 2061 1272 2164 liguranturl¹l
1299 2067 1337 2140 in
1362 2067 1539 2161 clavibus,
1563 2067 1659 2142 sicut
1684 2073 1784 2162 patet
1806 2085 1904 2140 nono

731 2189 889 2284 capitulo
902 2187 1226 2284 Purgatorii.-u.
1241 2188 1306 2261 llic
1318 2187 1465 2262 Beatrix
1481 2187 1597 2284 tangit
1608 2187 1809 2262 secundam
1825 2206 1904 2261 rem

731 2307 945 2403 requisitam
970 2306 1017 2383 ad
1043 2313 1186 2401 uotum,
1212 2307 1358 2402 scilicet,
1384 2308 1690 2403 meliorationem,
1715 2307 1857 2384 dicens:
1875 2314 1908 2381 Ε

730 2431 827 2502 credi
842 2435 891 2520 tc,
909 2427 972 2522 qui
994 2426 1047 2500 vis
1065 2427 1373 2522 permutationem
1389 2418 1427 2520 (¹)
1445 2428 1684 2522 impetrares
1702 2427 1904 2522 sacerdote,

730 2551 816 2640 opni
835 2553 1070 2641 pmmutonzo
1086 2549 1223 2639 octauo,
1245 2548 1387 2643 supple,
1404 2567 1497 2642 esse,
1513 2570 1551 2622 se
1571 2551 1608 2622 lo
1632 2569 1717 2622 aoso
1740 2550 1903 2640 dimesso,
1989 2567 1996 2576 ·

731 2687 815 2762 quae
839 2673 919 2742 erat
943 2673 1028 2743 vota
1055 2668 1114 2742 vel
1138 2667 1329 2763 promissa,
1347 2663 1456 2741 nond
1477 2672 1648 2760 raccolta,
1667 2667 1770 2761 idest,
1788 2668 1905 2743 conti·

731 2797 852 2884 netur,
877 2793 916 2863 in
940 2791 976 2862 la
1000 2809 1182 2882 soipreso,
1202 2788 1306 2882 idest,
1330 2788 1377 2863 de
1401 2808 1499 2863 novo
1522 2795 1712 2884 assumpta
1736 2810 1760 2864 a
1785 2789 1903 2884 simili,

729 2931 827 2984 come
839 2913 865 2984 'l
879 2916 1020 3004 quatuo
1039 2912 1098 2984 nel
1120 2912 1183 3001 sei,
1208 2908 1311 3002 idest,
1329 2908 1424 2983 sicut
1442 2929 1624 2983 numerus
1644 2909 1904 3003 quaternarius

729 3029 1052 3126 comprehenditur
1065 3029 1134 3104 sub
1148 3027 1293 3104 senario
1312 3047 1470 3102 numero
1487 3027 1619 3102 maiori
1631 3034 1669 3103 et
1680 3028 1903 3123 perfectiori3

729 3150 835 3244 quasi
866 3149 974 3244 dicat,
1007 3149 1074 3222 nisi
1109 3169 1169 3222 res
1199 3155 1389 3252 assumpta
1423 3149 1544 3224 valeat
1571 3150 1732 3224 alterurn
1759 3156 1901 3225 tanturn

729 3289 818 3345 cum
844 3269 1002 3345 dimidio.
1020 3270 1064 3342 Et
1081 3269 1164 3344 ideo
1184 3268 1282 3343 addit
1301 3289 1420 3342 unum
1442 3268 1613 3363 notabile,
1633 3268 1781 3361 scilicet,
1803 3269 1901 3363 quod

729 3391 776 3466 de
801 3411 843 3466 re
867 3389 1004 3486 optima
1030 3409 1103 3464 non
1129 3395 1249 3484 potest
1274 3389 1354 3464 lieri
1379 3389 1621 3465 commutatio
1638 3389 1675 3463 in
1696 3395 1794 3484 roto,
1816 3389 1903 3484 quia

730 3511 816 3614 nihil
844 3510 1028 3607 reperitur
1055 3510 1189 3584 melius
1213 3512 1274 3585 vel
1290 3531 1400 3604 aeque
1418 3510 1573 3604 bonum,
1590 3509 1685 3584 sicut
1709 3531 1795 3585 curn
1820 3510 1903 3604 quis

729 3631 830 3706 vovit
854 3637 892 3705 et
916 3630 1095 3706 dedicavit
1118 3650 1224 3704 suam
1252 3632 1479 3705 voluntatem
1506 3629 1659 3704 liberam
1686 3630 1773 3704 Deo.
1800 3628 1904 3705 Unde

729 3749 836 3825 dicit:
857 3742 948 3843 perd
978 3753 1176 3842 quonaone
1206 3769 1291 3823 cosa
1325 3755 1421 3823 toleto
1449 3769 1551 3844 peso,
1585 3749 1690 3845 idest,
1723 3757 1780 3825 est
1812 3750 1901 3825 tanti

728 3871 846 3968 pretii,
868 3893 934 3963 per
957 3892 1021 3944 sato
1047 3874 1163 3964 valor,
1181 3870 1284 3965 idest,
1311 3870 1484 3964 bonitate,
1505 3872 1566 3943 cte
1584 3877 1716 3960 eappa
1740 3873 1826 3960 opici
1848 3871 1903 3944 a·-

729 3994 858 4086 lonclc,
885 3991 987 4087 idest,
1013 3990 1269 4088 praeponderet
1293 3991 1465 4067 omnibus
1484 3989 1564 4066 aliis
1582 3990 1704 4084 rebus,
1722 3991 1808 4085 quia
1828 4012 1901 4065 non

729 4114 912 4209 reperitur
936 4112 1006 4187 alia
1033 4133 1093 4187 res
1109 4117 1185 4186 tam
1199 4112 1292 4208 justi
1308 4111 1490 4207 ponderis,
1506 4103 1903 4205 acceptandum

727 4254 793 4306 con
818 4235 914 4306 oltra
937 4251 1054 4325 spcsa,
1080 4232 1183 4326 idest,
1200 4231 1323 4325 aliqua
1350 4231 1647 4327 compensatione
1673 4231 1732 4305 vel
1756 4229 1902 4325 dispem

727 4349 1978 4447 mmmmmmmmmmffimm.

730 4472 935 4569 reperitur3
966 4471 1065 4547 unde
1102 4471 1372 4568 Hieronymus:
1411 4473 1548 4564 nupto
1584 4473 1720 4562 replent
1754 4475 1902 4558 terram

727 4598 911 4687 cirpinttos
929 4595 1153 4667 Paradisum.
1176 4593 1221 4666 ut
1245 4592 1305 4666 hic
1329 4598 1429 4686 nota,
1455 4591 1556 4686 quod
1580 4592 1651 4664 hoc
1676 4589 1793 4686 tangit
1808 4589 1903 4664 Con-

728 4717 898 4794 stantiam
930 4723 968 4792 et
996 4713 1234 4806 Pichardam3
1264 4720 1391 4788 tamen
1420 4712 1468 4788 ad
1498 4711 1776 4788 excusationem
1805 4710 1901 4785 Con-

727 4837 868 4912 stantiae
893 4834 1083 4910 dicebatur
1112 4831 1211 4926 quod
1237 4853 1307 4927 pro
1330 4831 1428 4906 bono
1456 4833 1561 4928 regni
1587 4831 1715 4906 Siciliae
1746 4832 1817 4904 hoc
1846 4829 1902 4904 ia·

789 5097 816 5158 i')
832 5095 862 5146 Ε·
879 5095 1015 5158 ὓεῠῐῑῑπῐ.
1173 5091 1200 5157 (¹)
1216 5093 1247 5143 E.
1264 5093 1483 5156 permutationem
1493 5092 1548 5145 rotl
1557 5093 1707 5156 lmpetrare.
