4575 6842
726 939 773 1008 80
1088 951 1293 1008 comensem
1316 953 1536 1008 rononronu

725 1116 875 1172 eversae.
892 1097 937 1171 Et
960 1097 1103 1193 fugiens
1122 1090 1159 1190 (¹)
1177 1098 1288 1192 solus,
1306 1119 1393 1173 cum
1414 1119 1488 1173 non
1508 1103 1629 1193 posset
1645 1097 1793 1173 flectere
1810 1121 1894 1194 pre-

723 1217 827 1294 cibus
852 1219 910 1296 vel
937 1217 1122 1314 promissis
1148 1218 1280 1294 milites
1304 1219 1488 1295 catalanos
1513 1225 1775 1314 persequentes
1790 1241 1893 1315 eum,

722 1338 856 1414 timens
886 1339 964 1414 fleri
995 1338 1195 1415 ludibrium
1225 1339 1397 1433 bostium,
1423 1359 1510 1414 cum
1540 1345 1636 1414 esset
1664 1339 1894 1436 podagricus,

724 1459 888 1555 permisit
913 1466 1041 1556 sponte
1066 1479 1106 1534 se
1131 1459 1266 1535 cedere
1289 1459 1337 1534 ab
1361 1479 1471 1554 equo,
1489 1457 1549 1534 vel
1572 1479 1661 1534 casu
1686 1459 1825 1551 cecidit,
1851 1467 1895 1533 ut

670 1606 676 1618 ·
724 1579 838 1675 aliqui
863 1579 1001 1654 volunt.
1027 1579 1071 1652 Et
1096 1599 1184 1654 curn
1208 1599 1328 1673 equus
1352 1579 1516 1654 traheret
1534 1598 1623 1654 eum
1642 1583 1784 1654 retento
1801 1578 1894 1674 pede

725 1699 763 1778 in
792 1700 933 1796 stapite,
958 1720 1154 1795 percussus
1185 1704 1241 1774 est
1271 1699 1452 1774 lethaliter
1479 1698 1518 1773 in
1548 1705 1702 1797 gutture
1736 1700 1785 1774 ab
1816 1719 1893 1774 uno

726 1819 863 1896 milite:
896 1840 1008 1913 quem
1047 1818 1310 1893 moribundum
1336 1819 1485 1913 quidam
1519 1819 1688 1894 monacbi
1724 1826 1894 1915 portave-

726 1947 814 2014 runt
838 1939 885 2016 ad
909 1939 1093 2014 abbatiam
1126 1939 1240 2014 sancti
1265 1939 1362 2014 Salvi
1376 1931 1427 2033 (‘)‚
1453 1939 1516 2014 ubi
1548 1940 1712 2034 sepultus
1735 1947 1791 2014 est
1814 1938 1893 2014 sine

724 2061 865 2136 bonore
889 2059 1037 2134 funeris.
1065 2059 1171 2134 Nunc
1187 2059 1234 2134 ad
1251 2059 1393 2135 literam
1411 2059 1496 2134 dicit
1516 2065 1644 2154 poeta:
1670 2062 1752 2134 diss'
1761 2062 1805 2150 ei,
1822 2059 1893 2133 sci·

724 2179 819 2273 licet,
837 2179 896 2254 ille
913 2179 1101 2254 Foresius:
1133 2183 1186 2254 Or
1210 2183 1280 2271 oa’,
1297 2176 1359 2254 ete*
1373 2183 1515 2270 cepeto
1534 2182 1614 2273 quet
1635 2181 1695 2252 cte
1714 2173 1778 2271 piri
1802 2181 1893 2250 v’tu

723 2303 839 2394 ootpn,
864 2298 999 2376 scilicet
1024 2300 1178 2376 fratrem
1203 2320 1342 2393 meum,
1360 2307 1467 2376 trotio
1482 2321 1507 2374 a
1523 2303 1613 2374 codo
1627 2303 1754 2376 dueta
1772 2301 1893 2390 testie,

723 2420 871 2514 scilicet,
895 2421 943 2496 ab
969 2440 1079 2514 equo,
1096 2420 1226 2495 deinde
1242 2442 1265 2497 a
1281 2421 1461 2515 demone,
1484 2423 1585 2496 moer
1602 2425 1639 2495 le
1655 2425 1758 2514 vote,
1774 2420 1893 2515 primo

724 2540 908 2634 drnalern,
933 2539 1064 2616 deinde
1096 2539 1322 2615 infernalem.
1362 2541 1407 2614 Et
1435 2540 1539 2616 dicit:
1566 2562 1629 2616 noe
1659 2545 1733 2615 moi
1761 2543 1894 2615 nonsi

724 2663 858 2752 sculpto,
884 2660 970 2754 quia
995 2660 1032 2734 in
1059 2660 1153 2735 valle
1173 2659 1260 2734 Arni
1277 2681 1483 2754 numquam
1505 2661 1722 2737 liberabitur
1736 2661 1816 2736 *ab
1832 2660 1891 2733 in·

725 2780 847 2874 lamia,
869 2779 905 2852 in
924 2781 1017 2855 valle
1034 2779 1164 2855 inlerni
1184 2801 1389 2875 numquam
1412 2780 1658 2856 liberabitur*
1672 2771 1708 2872 (³)
1727 2801 1749 2856 a
1770 2801 1888 2875 prena.

724 2901 768 2974 Et
794 2899 907 2995 tangit
935 2907 1091 2975 mortem
1118 2900 1209 2992 eius,
1234 2900 1377 3006 dicens:
1404 2905 1441 2974 to
1464 2901 1571 2974 testa
1596 2921 1643 2974 oa
1653 2896 1718 2994 piei
1732 2909 1826 2974 rotte
1842 2901 1893 2973 od

724 3022 809 3110 oqui
826 3041 936 3111 passo
962 3023 1148 3094 crescendo
1171 3041 1320 3112 sempre,
1346 3021 1518 3096 incursu
1543 3020 1638 3114 lorti,
1660 3022 1896 3113 finct’ettoit

719 3146 895 3232 pmnrob,
925 3139 1147 3214 calcitrando
1178 3161 1265 3214 eum
1296 3141 1459 3235 pedibus,
1485 3142 1543 3216 vel
1574 3140 1775 3216 collidendo
1804 3161 1891 3214 eum

725 3279 791 3354 per
816 3279 916 3352 sara,
942 3279 1008 3354 per
1034 3265 1186 3354 terram,
1209 3281 1229 3332 e
1252 3262 1364 3334 tascie
1381 3263 1410 3334 it
1426 3283 1535 3354 corpo
1551 3265 1707 3336 ottmerte
1730 3263 1893 3354 disserite,

726 3379 776 3454 ita
802 3399 1022 3454 concussum
1050 3387 1086 3454 et
1116 3388 1365 3476 cruentatum,
1388 3381 1492 3476 quasi
1522 3381 1617 3456 dicat
1648 3382 1773 3458 tacite:
1793 3383 1894 3476 juste

725 3499 819 3574 sicut
844 3499 956 3573 bostis
981 3499 1107 3594 patriae
1134 3507 1304 3575 mortuus
1321 3507 1376 3576 est
1396 3507 1534 3576 tractus
1550 3501 1597 3576 ad
1613 3502 1769 3576 caudam
1786 3501 1893 3596 equi,

725 3619 824 3694 unde
849 3619 981 3694 melius
1007 3620 1132 3694 inisset
1152 3620 1219 3695 sibi
1235 3619 1419 3716 splendide
1437 3621 1563 3696 vivere
1579 3621 1616 3694 in
1632 3641 1724 3716 pace
1740 3621 1778 3694 in
1794 3631 1893 3696 terra

725 3760 804 3833 sua,
831 3739 925 3814 sieut
949 3740 1063 3814 irater
1088 3762 1179 3814 suus
1203 3741 1383 3816 Foresius.
1410 3741 1453 3816 Et
1478 3742 1599 3817 subdit
1618 3741 1717 3836 qnod
1737 3741 1809 3817 cito
1825 3741 1896 3816 erit
2030 3723 2034 3732 ’

727 3861 805 3934 baec
832 3859 932 3953 Justa
963 3859 1130 3951 vindicta,
1161 3861 1304 3936 dicens:
1338 3882 1411 3934 noo
1438 3863 1558 3936 tamo
1587 3866 1692 3936 molto
1721 3883 1747 3935 u
1773 3865 1894 3954 ootqer

727 3981 836 4070 quelle
858 3985 970 4070 roob,
992 3979 1137 4073 scilicet,
1156 4000 1273 4076 sperae
1296 3982 1483 4076 coelestes3
1510 3982 1608 4057 unde
1626 3982 1809 4058 interserit
1824 4003 1894 4056 au-

726 4104 804 4172 tor:
829 4119 849 4172 e
872 4089 998 4172 dmzd
1023 4093 1074 4190 pt·
1098 4103 1194 4174 oceli
1222 4104 1262 4174 nt
1287 4105 1363 4192 ciet,
1388 4102 1491 4196 quasi
1517 4102 1631 4176 dicat:
1658 4123 1732 4178 non
1762 4102 1893 4178 transi·

727 4217 818 4293 bunt
843 4217 949 4292 multi
974 4219 1082 4314 anni;
1109 4241 1194 4294 nam
1211 4209 1247 4312 (ἢ
1274 4227 1405 4296 octavo
1426 4243 1524 4298 anno
1548 4223 1723 4317 posthoc
1747 4230 1893 4317 tempus

726 4337 804 4433 luit,
837 4341 896 4412 cte
928 4342 1029 4432 tifia
1062 4343 1197 4432 obiero,
1234 4341 1336 4436 idest,
1365 4342 1437 4416 erit
1466 4344 1531 4417 tibi
1560 4342 1806 4436 manifestum,
1839 4339 1893 4415 oid

728 4461 788 4534 obe
802 4463 829 4534 't
852 4465 921 4536 mio
947 4465 1005 4536 dtr
1025 4457 1088 4555 piri
1114 4464 1297 4536 dicituror
1320 4483 1392 4536 non
1414 4471 1531 4556 puote,
1549 4462 1636 4558 quia
1659 4461 1814 4558 praedico
1830 4461 1893 4535 tibi

726 4581 876 4658 contuse
903 4582 1002 4678 illud,
1020 4583 1120 4678 quod
1137 4584 1210 4658 cito
1234 4584 1382 4660 videbis.
1400 4585 1444 4660 llt
1459 4585 1511 4660 sic
1527 4584 1610 4659 vide
1629 4584 1786 4679 qualiter
1802 4583 1895 4657 Cur-

726 4703 801 4777 sius
826 4702 1009 4798 cordatus,
1026 4724 1181 4800 corpore
1201 4705 1339 4800 pulcer,
1360 4705 1531 4800 potentiae
1554 4704 1683 4781 avidus
1707 4703 1895 4779 infeliciter

789 4933 815 4994 t't
833 4937 887 4994 11⁷,
904 4948 1020 4998 surrent·
1345 4934 1374 4997 (¹)
1389 4935 1421 4985 Ε
1437 4936 1526 4988 sunt.

789 5008 815 5072 (⁸)
831 5011 867 5061 Le
884 5011 972 5073 parole
988 5011 1028 5063 ira
1044 5013 1052 5062 l
1069 5013 1120 5064 due
1136 5013 1269 5064 utmbcbl
1283 5025 1331 5063 con
1345 5012 1458 5076 tupplltc
1473 5013 1517 5064 dol
1531 5011 1624 5064 (edice
1639 5011 1756 5064 mm.

790 5085 817 5148 (¹)
833 5085 859 5136 S.
875 5099 936 5136 nm
947 5101 980 5138 cx
995 5093 1087 5141 octavo
1104 5103 1179 5140 anno.
