<?xml version="1.0" encoding="UTF-8"?>
<!DOCTYPE html PUBLIC "-//W3C//DTD XHTML 1.0 Transitional//EN"
    "http://www.w3.org/TR/xhtml1/DTD/xhtml1-transitional.dtd">
<html xmlns="http://www.w3.org/1999/xhtml" xml:lang="en" lang="en">
 <head>
  <title>
</title>
<meta http-equiv="Content-Type" content="text/html;charset=utf-8" />
  <meta name='ocr-system' content='tesseract 3.04.00' />
  <meta name='ocr-capabilities' content='ocr_page ocr_carea ocr_par ocr_line ocrx_word'/>
</head>
<body>
  <div class='ocr_page' id='page_1' title='image "./comentumsuperda00unkngoog_0242.png"; bbox 0 0 4575 6842; ppageno 0'>
   <div class='ocr_carea' id='block_1_1' title="bbox 705 941 1515 1009">
    <p class='ocr_par' dir='ltr' id='par_1_1' title="bbox 705 941 1515 1009">
     <span class='ocr_line' id='line_1_1' title="bbox 705 941 1515 1009; baseline -0.011 0"><span class='ocrx_word' id='word_1_1' title='bbox 705 941 777 1009; x_wconf 75' lang='lat' dir='ltr'><strong>sat</strong></span> <span class='ocrx_word' id='word_1_2' title='bbox 1067 948 1272 1005; x_wconf 80' lang='lat' dir='ltr'><strong>counnruu</strong></span> <span class='ocrx_word' id='word_1_3' title='bbox 1295 948 1515 1005; x_wconf 81' lang='lat' dir='ltr'><strong>runonroun</strong></span> 
     </span>
    </p>
   </div>
   <div class='ocr_carea' id='block_1_2' title="bbox 704 1372 1876 2016">
    <p class='ocr_par' dir='ltr' id='par_1_2' title="bbox 704 1372 1876 2016">
     <span class='ocr_line' id='line_1_2' title="bbox 704 1372 1876 1457; baseline -0.001 -15"><span class='ocrx_word' id='word_1_4' title='bbox 704 1374 868 1443; x_wconf 80' lang='lat' dir='ltr'>CANTUS</span> <span class='ocrx_word' id='word_1_5' title='bbox 887 1373 1150 1441; x_wconf 84' lang='lat' dir='ltr'>TRIGESIMUS</span> <span class='ocrx_word' id='word_1_6' title='bbox 1166 1374 1337 1456; x_wconf 89' lang='lat' dir='ltr'>PRIMUS,</span> <span class='ocrx_word' id='word_1_7' title='bbox 1354 1376 1409 1440; x_wconf 82' lang='lat' dir='ltr'><strong>ndi</strong></span> <span class='ocrx_word' id='word_1_8' title='bbox 1427 1394 1534 1441; x_wconf 74' lang='lat' dir='ltr'><strong>omnm</strong></span> <span class='ocrx_word' id='word_1_9' title='bbox 1547 1372 1699 1441; x_wconf 79' lang='lat' dir='ltr'><strong>Bentricc</strong></span> <span class='ocrx_word' id='word_1_10' title='bbox 1714 1374 1876 1457; x_wconf 74' lang='lat' dir='ltr'><strong>consessus</strong></span> 
     </span>
     <span class='ocr_line' id='line_1_3' title="bbox 779 1484 1873 1569; baseline -0.002 -17"><span class='ocrx_word' id='word_1_11' title='bbox 779 1492 826 1552; x_wconf 82' lang='lat' dir='ltr'><strong>ast</strong></span> <span class='ocrx_word' id='word_1_12' title='bbox 837 1506 899 1568; x_wconf 87' lang='lat' dir='ltr'><strong>pro</strong></span> <span class='ocrx_word' id='word_1_13' title='bbox 915 1486 1057 1551; x_wconf 71' lang='lat' dir='ltr'><strong>ommdns</strong></span> <span class='ocrx_word' id='word_1_14' title='bbox 1071 1487 1139 1551; x_wconf 84' lang='lat' dir='ltr'><strong>suis</strong></span> <span class='ocrx_word' id='word_1_15' title='bbox 1154 1486 1256 1569; x_wconf 68' lang='lat' dir='ltr'><strong>scalpis</strong></span> <span class='ocrx_word' id='word_1_16' title='bbox 1278 1487 1319 1552; x_wconf 80' lang='lat' dir='ltr'><strong>ab</strong></span> <span class='ocrx_word' id='word_1_17' title='bbox 1341 1506 1376 1552; x_wconf 87' lang='lat' dir='ltr'><strong>eo</strong></span> <span class='ocrx_word' id='word_1_18' title='bbox 1398 1486 1496 1569; x_wconf 72' lang='lat' dir='ltr'><strong>foctds</strong></span> <span class='ocrx_word' id='word_1_19' title='bbox 1509 1492 1621 1551; x_wconf 67' lang='lat' dir='ltr'><strong>conda</strong></span> <span class='ocrx_word' id='word_1_20' title='bbox 1638 1484 1827 1563; x_wconf 65' lang='lat' dir='ltr'><strong>Beata-icem,</strong></span> <span class='ocrx_word' id='word_1_21' title='bbox 1843 1491 1873 1551; x_wconf 82' lang='lat' dir='ltr'><strong>ct</strong></span> 
     </span>
     <span class='ocr_line' id='line_1_4' title="bbox 781 1598 1875 1681; baseline 0 -16"><span class='ocrx_word' id='word_1_22' title='bbox 781 1598 931 1681; x_wconf 76' lang='lat' dir='ltr'><strong>quomodo</strong></span> <span class='ocrx_word' id='word_1_23' title='bbox 954 1598 1090 1676; x_wconf 72' lang='lat' dir='ltr'><strong>mnino,</strong></span> <span class='ocrx_word' id='word_1_24' title='bbox 1107 1618 1202 1681; x_wconf 69' lang='lat' dir='ltr'><strong>ptum</strong></span> <span class='ocrx_word' id='word_1_25' title='bbox 1216 1600 1314 1681; x_wconf 74' lang='lat' dir='ltr'><strong>prius</strong></span> <span class='ocrx_word' id='word_1_26' title='bbox 1335 1600 1463 1676; x_wconf 59' lang='lat' dir='ltr'><strong>inam,</strong></span> <span class='ocrx_word' id='word_1_27' title='bbox 1478 1618 1548 1663; x_wconf 71' lang='lat' dir='ltr'><strong>mm</strong></span> <span class='ocrx_word' id='word_1_28' title='bbox 1570 1598 1663 1663; x_wconf 66' lang='lat' dir='ltr'><strong>demat</strong></span> <span class='ocrx_word' id='word_1_29' title='bbox 1684 1603 1715 1663; x_wconf 84' lang='lat' dir='ltr'><strong>et</strong></span> <span class='ocrx_word' id='word_1_30' title='bbox 1736 1600 1875 1665; x_wconf 76' lang='lat' dir='ltr'><strong>transire</strong></span> 
     </span>
     <span class='ocr_line' id='line_1_5' title="bbox 780 1708 1875 1793; baseline 0 -18"><span class='ocrx_word' id='word_1_31' title='bbox 780 1710 855 1793; x_wconf 75' lang='lat' dir='ltr'><strong>fecit</strong></span> <span class='ocrx_word' id='word_1_32' title='bbox 876 1709 1002 1789; x_wconf 74' lang='lat' dir='ltr'><strong>flumen,</strong></span> <span class='ocrx_word' id='word_1_33' title='bbox 1027 1715 1057 1775; x_wconf 85' lang='lat' dir='ltr'><strong>ct</strong></span> <span class='ocrx_word' id='word_1_34' title='bbox 1076 1711 1183 1791; x_wconf 78' lang='lat' dir='ltr'><strong>ipsum</strong></span> <span class='ocrx_word' id='word_1_35' title='bbox 1204 1708 1313 1775; x_wconf 79' lang='lat' dir='ltr'><strong>taliter</strong></span> <span class='ocrx_word' id='word_1_36' title='bbox 1335 1710 1418 1775; x_wconf 82' lang='lat' dir='ltr'><strong>arsit</strong></span> <span class='ocrx_word' id='word_1_37' title='bbox 1444 1710 1527 1793; x_wconf 75' lang='lat' dir='ltr'><strong>quod</strong></span> <span class='ocrx_word' id='word_1_38' title='bbox 1549 1708 1627 1775; x_wconf 72' lang='lat' dir='ltr'><strong>odd</strong></span> <span class='ocrx_word' id='word_1_39' title='bbox 1649 1710 1687 1775; x_wconf 83' lang='lat' dir='ltr'><strong>dc</strong></span> <span class='ocrx_word' id='word_1_40' title='bbox 1710 1730 1749 1775; x_wconf 84' lang='lat' dir='ltr'><strong>co</strong></span> <span class='ocrx_word' id='word_1_41' title='bbox 1772 1730 1875 1792; x_wconf 78' lang='lat' dir='ltr'><strong>aquo:</strong></span> 
     </span>
     <span class='ocr_line' id='line_1_6' title="bbox 782 1820 1876 1903; baseline 0.002 -18"><span class='ocrx_word' id='word_1_42' title='bbox 782 1826 811 1885; x_wconf 79' lang='lat' dir='ltr'><strong>et</strong></span> <span class='ocrx_word' id='word_1_43' title='bbox 833 1823 868 1885; x_wconf 78' lang='lat' dir='ltr'><strong>in</strong></span> <span class='ocrx_word' id='word_1_44' title='bbox 889 1822 953 1901; x_wconf 80' lang='lat' dir='ltr'><strong>fine</strong></span> <span class='ocrx_word' id='word_1_45' title='bbox 982 1820 1093 1887; x_wconf 75' lang='lat' dir='ltr'><strong>ductus</strong></span> <span class='ocrx_word' id='word_1_46' title='bbox 1122 1825 1170 1887; x_wconf 82' lang='lat' dir='ltr'><strong>est</strong></span> <span class='ocrx_word' id='word_1_47' title='bbox 1193 1841 1255 1901; x_wconf 78' lang='lat' dir='ltr'><strong>per</strong></span> <span class='ocrx_word' id='word_1_48' title='bbox 1283 1820 1374 1885; x_wconf 78' lang='lat' dir='ltr'><strong>dium</strong></span> <span class='ocrx_word' id='word_1_49' title='bbox 1402 1826 1434 1887; x_wconf 78' lang='lat' dir='ltr'><strong>ct</strong></span> <span class='ocrx_word' id='word_1_50' title='bbox 1462 1820 1546 1886; x_wconf 80' lang='lat' dir='ltr'><strong>ulios</strong></span> <span class='ocrx_word' id='word_1_51' title='bbox 1573 1826 1710 1903; x_wconf 73' lang='lat' dir='ltr'><strong>quotam</strong></span> <span class='ocrx_word' id='word_1_52' title='bbox 1731 1821 1876 1887; x_wconf 66' lang='lat' dir='ltr'><strong>donnons</strong></span> 
     </span>
     <span class='ocr_line' id='line_1_7' title="bbox 782 1930 1546 2016; baseline 0 -19"><span class='ocrx_word' id='word_1_53' title='bbox 782 1952 888 1999; x_wconf 86' lang='lat' dir='ltr'><strong>coram</strong></span> <span class='ocrx_word' id='word_1_54' title='bbox 909 1930 1059 1999; x_wconf 82' lang='lat' dir='ltr'><strong>Beotricc</strong></span> <span class='ocrx_word' id='word_1_55' title='bbox 1080 1936 1231 2016; x_wconf 78' lang='lat' dir='ltr'><strong>repentes</strong></span> <span class='ocrx_word' id='word_1_56' title='bbox 1253 1953 1323 1998; x_wconf 86' lang='lat' dir='ltr'><strong>eom</strong></span> <span class='ocrx_word' id='word_1_57' title='bbox 1339 1952 1405 2015; x_wconf 81' lang='lat' dir='ltr'><strong>pro</strong></span> <span class='ocrx_word' id='word_1_58' title='bbox 1427 1931 1546 1999; x_wconf 74' lang='lat' dir='ltr'><strong>Dente.</strong></span> 
     </span>
    </p>
   </div>
   <div class='ocr_carea' id='block_1_3' title="bbox 703 2202 1877 2873">
    <p class='ocr_par' dir='ltr' id='par_1_3' title="bbox 703 2202 1877 2873">
     <span class='ocr_line' id='line_1_8' title="bbox 777 2202 1877 2391; baseline 0 -20"><span class='ocrx_word' id='word_1_59' title='bbox 777 2202 865 2371; x_wconf 79' lang='grc' dir='ltr'><em>Ε</em></span> <span class='ocrx_word' id='word_1_60' title='bbox 886 2318 935 2368; x_wconf 81' lang='lat' dir='ltr'><strong>ru</strong></span> <span class='ocrx_word' id='word_1_61' title='bbox 954 2299 1013 2369; x_wconf 82' lang='lat' dir='ltr'><strong>cte</strong></span> <span class='ocrx_word' id='word_1_62' title='bbox 1028 2299 1075 2369; x_wconf 84' lang='lat' dir='ltr'><strong>sc&#39;</strong></span> <span class='ocrx_word' id='word_1_63' title='bbox 1087 2299 1126 2371; x_wconf 85' lang='lat' dir='ltr'><strong>di</strong></span> <span class='ocrx_word' id='word_1_64' title='bbox 1143 2286 1180 2370; x_wconf 82' lang='lat' dir='ltr'><strong>ld</strong></span> <span class='ocrx_word' id='word_1_65' title='bbox 1194 2299 1259 2371; x_wconf 87' lang='lat' dir='ltr'><strong>dol</strong></span> <span class='ocrx_word' id='word_1_66' title='bbox 1269 2299 1375 2389; x_wconf 76' lang='lat' dir='ltr'><strong>fiune</strong></span> <span class='ocrx_word' id='word_1_67' title='bbox 1390 2317 1507 2371; x_wconf 86' lang='lat' dir='ltr'><strong>sucro.</strong></span> <span class='ocrx_word' id='word_1_68' title='bbox 1525 2297 1726 2391; x_wconf 84' lang='lat' dir='ltr'><strong>Postquam</strong></span> <span class='ocrx_word' id='word_1_69' title='bbox 1751 2297 1789 2372; x_wconf 90' lang='lat' dir='ltr'><strong>in</strong></span> <span class='ocrx_word' id='word_1_70' title='bbox 1813 2318 1877 2371; x_wconf 92' lang='lat' dir='ltr'><strong>su-</strong></span> 
     </span>
     <span class='ocr_line' id='line_1_9' title="bbox 703 2416 1876 2513; baseline 0.003 -23"><span class='ocrx_word' id='word_1_71' title='bbox 703 2416 838 2513; x_wconf 90' lang='lat' dir='ltr'><strong>periori</strong></span> <span class='ocrx_word' id='word_1_72' title='bbox 864 2416 1022 2511; x_wconf 91' lang='lat' dir='ltr'><strong>capitulo</strong></span> <span class='ocrx_word' id='word_1_73' title='bbox 1049 2425 1157 2512; x_wconf 86' lang='lat' dir='ltr'><strong>pocta</strong></span> <span class='ocrx_word' id='word_1_74' title='bbox 1174 2423 1299 2493; x_wconf 92' lang='lat' dir='ltr'><strong>noster</strong></span> <span class='ocrx_word' id='word_1_75' title='bbox 1318 2417 1506 2513; x_wconf 80' lang='lat' dir='ltr'><strong>descripsit</strong></span> <span class='ocrx_word' id='word_1_76' title='bbox 1525 2417 1736 2493; x_wconf 77' lang='lat' dir='ltr'><strong>mordacem</strong></span> <span class='ocrx_word' id='word_1_77' title='bbox 1756 2418 1876 2493; x_wconf 88' lang='lat' dir='ltr'><strong>iocre-</strong></span> 
     </span>
     <span class='ocr_line' id='line_1_10' title="bbox 704 2537 1876 2639; baseline -0.002 -26"><span class='ocrx_word' id='word_1_78' title='bbox 704 2538 886 2634; x_wconf 88' lang='lat' dir='ltr'><strong>pationem</strong></span> <span class='ocrx_word' id='word_1_79' title='bbox 913 2537 1088 2612; x_wconf 79' lang='lat' dir='ltr'><strong>Bustricis</strong></span> <span class='ocrx_word' id='word_1_80' title='bbox 1113 2538 1161 2613; x_wconf 90' lang='lat' dir='ltr'><strong>ad</strong></span> <span class='ocrx_word' id='word_1_81' title='bbox 1183 2558 1224 2613; x_wconf 89' lang='lat' dir='ltr'><strong>se</strong></span> <span class='ocrx_word' id='word_1_82' title='bbox 1241 2538 1278 2611; x_wconf 90' lang='lat' dir='ltr'><strong>io</strong></span> <span class='ocrx_word' id='word_1_83' title='bbox 1295 2538 1471 2634; x_wconf 82' lang='lat' dir='ltr'><strong>generali,</strong></span> <span class='ocrx_word' id='word_1_84' title='bbox 1488 2558 1587 2613; x_wconf 93' lang='lat' dir='ltr'><strong>nunc</strong></span> <span class='ocrx_word' id='word_1_85' title='bbox 1608 2545 1876 2639; x_wconf 85' lang='lat' dir='ltr'><strong>consequenter</strong></span> 
     </span>
     <span class='ocr_line' id='line_1_11' title="bbox 705 2657 1876 2753; baseline 0 -22"><span class='ocrx_word' id='word_1_86' title='bbox 705 2658 742 2735; x_wconf 92' lang='lat' dir='ltr'><strong>iu</strong></span> <span class='ocrx_word' id='word_1_87' title='bbox 768 2658 835 2732; x_wconf 89' lang='lat' dir='ltr'><strong>isto</strong></span> <span class='ocrx_word' id='word_1_88' title='bbox 860 2657 1019 2752; x_wconf 89' lang='lat' dir='ltr'><strong>capitulo</strong></span> <span class='ocrx_word' id='word_1_89' title='bbox 1036 2658 1154 2731; x_wconf 84' lang='lat' dir='ltr'>XXXI</span> <span class='ocrx_word' id='word_1_90' title='bbox 1170 2657 1270 2752; x_wconf 92' lang='lat' dir='ltr'><strong>pouit</strong></span> <span class='ocrx_word' id='word_1_91' title='bbox 1286 2658 1574 2753; x_wconf 71' lang='lat' dir='ltr'><strong>increpationem</strong></span> <span class='ocrx_word' id='word_1_92' title='bbox 1591 2658 1755 2735; x_wconf 89' lang='lat' dir='ltr'><strong>eiusdem</strong></span> <span class='ocrx_word' id='word_1_93' title='bbox 1773 2678 1876 2732; x_wconf 93' lang='lat' dir='ltr'><strong>mor-</strong></span> 
     </span>
     <span class='ocr_line' id='line_1_12' title="bbox 706 2776 1876 2873; baseline -0.002 -18"><span class='ocrx_word' id='word_1_94' title='bbox 706 2778 890 2855; x_wconf 87' lang='lat' dir='ltr'><strong>daciorem</strong></span> <span class='ocrx_word' id='word_1_95' title='bbox 918 2776 954 2849; x_wconf 91' lang='lat' dir='ltr'><strong>in</strong></span> <span class='ocrx_word' id='word_1_96' title='bbox 980 2777 1135 2870; x_wconf 91' lang='lat' dir='ltr'><strong>speciali.</strong></span> <span class='ocrx_word' id='word_1_97' title='bbox 1163 2778 1207 2851; x_wconf 82' lang='lat' dir='ltr'><strong>Et</strong></span> <span class='ocrx_word' id='word_1_98' title='bbox 1231 2797 1392 2872; x_wconf 87' lang='lat' dir='ltr'><strong>praesens</strong></span> <span class='ocrx_word' id='word_1_99' title='bbox 1423 2778 1623 2872; x_wconf 88' lang='lat' dir='ltr'><strong>capitulum</strong></span> <span class='ocrx_word' id='word_1_100' title='bbox 1650 2783 1768 2873; x_wconf 84' lang='lat' dir='ltr'><strong>potest</strong></span> <span class='ocrx_word' id='word_1_101' title='bbox 1792 2778 1876 2853; x_wconf 84' lang='lat' dir='ltr'><strong>bre-</strong></span> 
     </span>
    </p>
   </div>
   <div class='ocr_carea' id='block_1_4' title="bbox 581 3016 1876 3364">
    <p class='ocr_par' dir='ltr' id='par_1_4' title="bbox 581 3016 1876 3364">
     <span class='ocr_line' id='line_1_13' title="bbox 706 3016 1874 3112; baseline -0.001 -22"><span class='ocrx_word' id='word_1_102' title='bbox 706 3039 790 3093; x_wconf 94' lang='lat' dir='ltr'><strong>rum</strong></span> <span class='ocrx_word' id='word_1_103' title='bbox 822 3017 970 3091; x_wconf 86' lang='lat' dir='ltr'><strong>Beatrix</strong></span> <span class='ocrx_word' id='word_1_104' title='bbox 1004 3017 1188 3112; x_wconf 86' lang='lat' dir='ltr'><strong>compellit</strong></span> <span class='ocrx_word' id='word_1_105' title='bbox 1217 3017 1371 3091; x_wconf 83' lang='lat' dir='ltr'><strong>Dantem</strong></span> <span class='ocrx_word' id='word_1_106' title='bbox 1403 3017 1450 3091; x_wconf 93' lang='lat' dir='ltr'><strong>ad</strong></span> <span class='ocrx_word' id='word_1_107' title='bbox 1482 3016 1731 3091; x_wconf 82' lang='lat' dir='ltr'><strong>confitendum</strong></span> <span class='ocrx_word' id='word_1_108' title='bbox 1764 3037 1874 3091; x_wconf 90' lang='lat' dir='ltr'><strong>suum</strong></span> 
     </span>
     <span class='ocr_line' id='line_1_14' title="bbox 705 3136 1876 3234; baseline 0 -19"><span class='ocrx_word' id='word_1_109' title='bbox 705 3158 871 3215; x_wconf 87' lang='lat' dir='ltr'><strong>errorem</strong></span> <span class='ocrx_word' id='word_1_110' title='bbox 891 3144 928 3213; x_wconf 90' lang='lat' dir='ltr'><strong>et</strong></span> <span class='ocrx_word' id='word_1_111' title='bbox 945 3136 1081 3211; x_wconf 89' lang='lat' dir='ltr'><strong>erroris</strong></span> <span class='ocrx_word' id='word_1_112' title='bbox 1104 3157 1245 3213; x_wconf 89' lang='lat' dir='ltr'><strong>causas.</strong></span> <span class='ocrx_word' id='word_1_113' title='bbox 1263 3139 1305 3212; x_wconf 89' lang='lat' dir='ltr'><strong>ln</strong></span> <span class='ocrx_word' id='word_1_114' title='bbox 1321 3137 1482 3213; x_wconf 87' lang='lat' dir='ltr'><strong>secunda</strong></span> <span class='ocrx_word' id='word_1_115' title='bbox 1497 3138 1621 3234; x_wconf 84' lang='lat' dir='ltr'><strong>arguit</strong></span> <span class='ocrx_word' id='word_1_116' title='bbox 1641 3144 1680 3213; x_wconf 90' lang='lat' dir='ltr'><strong>et</strong></span> <span class='ocrx_word' id='word_1_117' title='bbox 1695 3137 1876 3215; x_wconf 80' lang='lat' dir='ltr'><strong>convincit</strong></span> 
     </span>
     <span class='ocr_line' id='line_1_15' title="bbox 581 3257 1876 3364; baseline 0.003 -32"><span class='ocrx_word' id='word_1_118' title='bbox 581 3354 586 3364; x_wconf 15' lang='grc' dir='ltr'>ι</span> <span class='ocrx_word' id='word_1_119' title='bbox 704 3278 792 3333; x_wconf 92' lang='lat' dir='ltr'><strong>eum</strong></span> <span class='ocrx_word' id='word_1_120' title='bbox 823 3257 922 3351; x_wconf 92' lang='lat' dir='ltr'><strong>quod</strong></span> <span class='ocrx_word' id='word_1_121' title='bbox 955 3278 1027 3331; x_wconf 92' lang='lat' dir='ltr'><strong>non</strong></span> <span class='ocrx_word' id='word_1_122' title='bbox 1058 3257 1229 3333; x_wconf 88' lang='lat' dir='ltr'><strong>debuerit</strong></span> <span class='ocrx_word' id='word_1_123' title='bbox 1258 3257 1310 3333; x_wconf 90' lang='lat' dir='ltr'><strong>sic</strong></span> <span class='ocrx_word' id='word_1_124' title='bbox 1343 3278 1498 3351; x_wconf 86' lang='lat' dir='ltr'><strong>errasse,</strong></span> <span class='ocrx_word' id='word_1_125' title='bbox 1529 3257 1598 3333; x_wconf 85' lang='lat' dir='ltr'><strong>ibi:</strong></span> <span class='ocrx_word' id='word_1_126' title='bbox 1630 3262 1798 3333; x_wconf 74' lang='lat' dir='ltr'><strong>muana</strong></span> <span class='ocrx_word' id='word_1_127' title='bbox 1835 3259 1876 3336; x_wconf 91' lang='lat' dir='ltr'><strong>lu</strong></span> 
     </span>
    </p>
   </div>
   <div class='ocr_carea' id='block_1_5' title="bbox 685 3377 1898 4915">
    <p class='ocr_par' dir='ltr' id='par_1_5' title="bbox 685 3377 1898 4915">
     <span class='ocr_line' id='line_1_16' title="bbox 706 3377 1898 3472; baseline 0.001 -19"><span class='ocrx_word' id='word_1_128' title='bbox 706 3377 811 3453; x_wconf 89' lang='lat' dir='ltr'><strong>tertia</strong></span> <span class='ocrx_word' id='word_1_129' title='bbox 838 3382 943 3472; x_wconf 87' lang='lat' dir='ltr'><strong>poeta</strong></span> <span class='ocrx_word' id='word_1_130' title='bbox 963 3377 1117 3451; x_wconf 88' lang='lat' dir='ltr'><strong>ostendit</strong></span> <span class='ocrx_word' id='word_1_131' title='bbox 1136 3377 1293 3471; x_wconf 81' lang='lat' dir='ltr'><strong>qualiter</strong></span> <span class='ocrx_word' id='word_1_132' title='bbox 1312 3378 1492 3472; x_wconf 86' lang='lat' dir='ltr'><strong>poeoitens</strong></span> <span class='ocrx_word' id='word_1_133' title='bbox 1507 3377 1619 3453; x_wconf 86' lang='lat' dir='ltr'><strong>luerit</strong></span> <span class='ocrx_word' id='word_1_134' title='bbox 1635 3378 1732 3453; x_wconf 93' lang='lat' dir='ltr'><strong>lotus</strong></span> <span class='ocrx_word' id='word_1_135' title='bbox 1752 3379 1788 3453; x_wconf 91' lang='lat' dir='ltr'><strong>iu</strong></span> <span class='ocrx_word' id='word_1_136' title='bbox 1803 3379 1898 3454; x_wconf 57' lang='lat' dir='ltr'><strong>flu„</strong></span> 
     </span>
     <span class='ocr_line' id='line_1_17' title="bbox 685 3495 1875 3593; baseline 0 -22"><span class='ocrx_word' id='word_1_137' title='bbox 685 3497 816 3590; x_wconf 86' lang='lat' dir='ltr'><strong>mine,</strong></span> <span class='ocrx_word' id='word_1_138' title='bbox 833 3504 871 3571; x_wconf 92' lang='lat' dir='ltr'><strong>et</strong></span> <span class='ocrx_word' id='word_1_139' title='bbox 887 3495 1092 3593; x_wconf 80' lang='lat' dir='ltr'><strong>assignatus</strong></span> <span class='ocrx_word' id='word_1_140' title='bbox 1109 3496 1340 3589; x_wconf 89' lang='lat' dir='ltr'><strong>dominabus,</strong></span> <span class='ocrx_word' id='word_1_141' title='bbox 1360 3497 1429 3570; x_wconf 88' lang='lat' dir='ltr'><strong>ibi:</strong></span> <span class='ocrx_word' id='word_1_142' title='bbox 1449 3502 1483 3571; x_wconf 81' lang='grc' dir='ltr'><em>Ε</em></span> <span class='ocrx_word' id='word_1_143' title='bbox 1499 3518 1607 3571; x_wconf 77' lang='lat' dir='ltr'><strong>coru.</strong></span> <span class='ocrx_word' id='word_1_144' title='bbox 1625 3500 1665 3571; x_wconf 94' lang='lat' dir='ltr'><strong>ln</strong></span> <span class='ocrx_word' id='word_1_145' title='bbox 1685 3504 1818 3592; x_wconf 79' lang='lat' dir='ltr'><strong>quarta</strong></span> <span class='ocrx_word' id='word_1_146' title='bbox 1837 3504 1875 3573; x_wconf 89' lang='lat' dir='ltr'><strong>et</strong></span> 
     </span>
     <span class='ocr_line' id='line_1_18' title="bbox 705 3616 1874 3713; baseline 0.002 -22"><span class='ocrx_word' id='word_1_147' title='bbox 705 3616 832 3691; x_wconf 88' lang='lat' dir='ltr'><strong>ultima</strong></span> <span class='ocrx_word' id='word_1_148' title='bbox 859 3616 1015 3692; x_wconf 90' lang='lat' dir='ltr'><strong>ostendit</strong></span> <span class='ocrx_word' id='word_1_149' title='bbox 1039 3617 1225 3710; x_wconf 88' lang='lat' dir='ltr'><strong>quomodo</strong></span> <span class='ocrx_word' id='word_1_150' title='bbox 1242 3617 1452 3713; x_wconf 87' lang='lat' dir='ltr'><strong>pervenerit</strong></span> <span class='ocrx_word' id='word_1_151' title='bbox 1475 3618 1513 3691; x_wconf 92' lang='lat' dir='ltr'><strong>iu</strong></span> <span class='ocrx_word' id='word_1_152' title='bbox 1538 3618 1792 3712; x_wconf 77' lang='lat' dir='ltr'><strong>perfectiorem</strong></span> <span class='ocrx_word' id='word_1_153' title='bbox 1809 3638 1874 3693; x_wconf 89' lang='lat' dir='ltr'><strong>co·</strong></span> 
     </span>
     <span class='ocr_line' id='line_1_19' title="bbox 704 3730 1876 3834; baseline 0.002 -21"><span class='ocrx_word' id='word_1_154' title='bbox 704 3736 904 3834; x_wconf 85' lang='lat' dir='ltr'><strong>gnitionem</strong></span> <span class='ocrx_word' id='word_1_155' title='bbox 930 3737 1113 3831; x_wconf 86' lang='lat' dir='ltr'><strong>Beatricis,</strong></span> <span class='ocrx_word' id='word_1_156' title='bbox 1140 3737 1209 3811; x_wconf 85' lang='lat' dir='ltr'><strong>ibi:</strong></span> <span class='ocrx_word' id='word_1_157' title='bbox 1239 3730 1317 3811; x_wconf 74' lang='lat' dir='ltr'><strong>cosi</strong></span> <span class='ocrx_word' id='word_1_158' title='bbox 1341 3741 1530 3813; x_wconf 74' lang='lat' dir='ltr'><strong>anamodo.</strong></span> <span class='ocrx_word' id='word_1_159' title='bbox 1548 3739 1602 3813; x_wconf 76' lang='lat' dir='ltr'><strong>dd</strong></span> <span class='ocrx_word' id='word_1_160' title='bbox 1622 3738 1784 3834; x_wconf 91' lang='lat' dir='ltr'><strong>primum</strong></span> <span class='ocrx_word' id='word_1_161' title='bbox 1810 3758 1876 3815; x_wconf 81' lang='lat' dir='ltr'><strong>re·</strong></span> 
     </span>
     <span class='ocr_line' id='line_1_20' title="bbox 706 3857 1873 3955; baseline 0.001 -20"><span class='ocrx_word' id='word_1_162' title='bbox 706 3858 819 3951; x_wconf 85' lang='lat' dir='ltr'><strong>niens,</strong></span> <span class='ocrx_word' id='word_1_163' title='bbox 845 3857 937 3952; x_wconf 90' lang='lat' dir='ltr'><strong>dico,</strong></span> <span class='ocrx_word' id='word_1_164' title='bbox 963 3860 1061 3953; x_wconf 87' lang='lat' dir='ltr'><strong>quod</strong></span> <span class='ocrx_word' id='word_1_165' title='bbox 1084 3859 1231 3934; x_wconf 83' lang='lat' dir='ltr'><strong>Beatrir</strong></span> <span class='ocrx_word' id='word_1_166' title='bbox 1251 3859 1404 3953; x_wconf 88' lang='lat' dir='ltr'><strong>requirit</strong></span> <span class='ocrx_word' id='word_1_167' title='bbox 1427 3881 1451 3934; x_wconf 88' lang='lat' dir='ltr'><strong>a</strong></span> <span class='ocrx_word' id='word_1_168' title='bbox 1476 3866 1584 3955; x_wconf 88' lang='lat' dir='ltr'><strong>poeta</strong></span> <span class='ocrx_word' id='word_1_169' title='bbox 1610 3860 1873 3937; x_wconf 81' lang='lat' dir='ltr'><strong>contessionem</strong></span> 
     </span>
     <span class='ocr_line' id='line_1_21' title="bbox 705 3979 1872 4074; baseline 0.002 -21"><span class='ocrx_word' id='word_1_170' title='bbox 705 3979 762 4055; x_wconf 92' lang='lat' dir='ltr'><strong>sui</strong></span> <span class='ocrx_word' id='word_1_171' title='bbox 787 3980 923 4055; x_wconf 90' lang='lat' dir='ltr'><strong>erroris</strong></span> <span class='ocrx_word' id='word_1_172' title='bbox 948 3986 987 4055; x_wconf 90' lang='lat' dir='ltr'><strong>et</strong></span> <span class='ocrx_word' id='word_1_173' title='bbox 1011 4000 1161 4074; x_wconf 85' lang='lat' dir='ltr'><strong>causas3</strong></span> <span class='ocrx_word' id='word_1_174' title='bbox 1187 3988 1226 4055; x_wconf 89' lang='lat' dir='ltr'><strong>et</strong></span> <span class='ocrx_word' id='word_1_175' title='bbox 1254 3980 1372 4074; x_wconf 92' lang='lat' dir='ltr'><strong>primo</strong></span> <span class='ocrx_word' id='word_1_176' title='bbox 1402 3980 1538 4057; x_wconf 83' lang='lat' dir='ltr'><strong>iaciens</strong></span> <span class='ocrx_word' id='word_1_177' title='bbox 1563 3981 1872 4056; x_wconf 81' lang='lat' dir='ltr'><strong>continuationem</strong></span> 
     </span>
     <span class='ocr_line' id='line_1_22' title="bbox 704 4100 1876 4196; baseline 0 -19"><span class='ocrx_word' id='word_1_178' title='bbox 704 4100 859 4177; x_wconf 84' lang='lat' dir='ltr'><strong>ostendit</strong></span> <span class='ocrx_word' id='word_1_179' title='bbox 884 4101 1153 4196; x_wconf 85' lang='lat' dir='ltr'><strong>dispositionem</strong></span> <span class='ocrx_word' id='word_1_180' title='bbox 1179 4100 1353 4177; x_wconf 88' lang='lat' dir='ltr'><strong>Beatricis</strong></span> <span class='ocrx_word' id='word_1_181' title='bbox 1378 4108 1506 4177; x_wconf 90' lang='lat' dir='ltr'><strong>contra</strong></span> <span class='ocrx_word' id='word_1_182' title='bbox 1528 4105 1579 4177; x_wconf 78' lang='lat' dir='ltr'><strong>de.</strong></span> <span class='ocrx_word' id='word_1_183' title='bbox 1606 4102 1659 4177; x_wconf 82' lang='lat' dir='ltr'><strong>Ad</strong></span> <span class='ocrx_word' id='word_1_184' title='bbox 1685 4102 1784 4195; x_wconf 94' lang='lat' dir='ltr'><strong>quod</strong></span> <span class='ocrx_word' id='word_1_185' title='bbox 1809 4121 1876 4177; x_wconf 89' lang='lat' dir='ltr'><strong>uo·</strong></span> 
     </span>
     <span class='ocr_line' id='line_1_23' title="bbox 705 4221 1873 4316; baseline -0.001 -20"><span class='ocrx_word' id='word_1_186' title='bbox 705 4222 870 4316; x_wconf 89' lang='lat' dir='ltr'><strong>tandum,</strong></span> <span class='ocrx_word' id='word_1_187' title='bbox 896 4222 994 4316; x_wconf 89' lang='lat' dir='ltr'><strong>quod</strong></span> <span class='ocrx_word' id='word_1_188' title='bbox 1020 4222 1114 4296; x_wconf 92' lang='lat' dir='ltr'><strong>sicut</strong></span> <span class='ocrx_word' id='word_1_189' title='bbox 1139 4227 1239 4316; x_wconf 90' lang='lat' dir='ltr'><strong>patet</strong></span> <span class='ocrx_word' id='word_1_190' title='bbox 1264 4242 1309 4295; x_wconf 84' lang='lat' dir='ltr'><strong>ex</strong></span> <span class='ocrx_word' id='word_1_191' title='bbox 1341 4221 1560 4316; x_wconf 76' lang='lat' dir='ltr'><strong>precedenti</strong></span> <span class='ocrx_word' id='word_1_192' title='bbox 1585 4222 1755 4316; x_wconf 87' lang='lat' dir='ltr'><strong>capitulo,</strong></span> <span class='ocrx_word' id='word_1_193' title='bbox 1785 4222 1873 4296; x_wconf 92' lang='lat' dir='ltr'><strong>dum</strong></span> 
     </span>
     <span class='ocr_line' id='line_1_24' title="bbox 704 4332 1876 4437; baseline -0.003 -21"><span class='ocrx_word' id='word_1_194' title='bbox 704 4349 812 4436; x_wconf 87' lang='lat' dir='ltr'><strong>poeta</strong></span> <span class='ocrx_word' id='word_1_195' title='bbox 832 4332 1054 4437; x_wconf 88' lang='lat' dir='ltr'><strong>deplorasset</strong></span> <span class='ocrx_word' id='word_1_196' title='bbox 1070 4334 1106 4433; x_wconf 83' lang='lat'><strong>(¹)</strong></span> <span class='ocrx_word' id='word_1_197' title='bbox 1132 4361 1319 4417; x_wconf 85' lang='lat' dir='ltr'><strong>recessum</strong></span> <span class='ocrx_word' id='word_1_198' title='bbox 1332 4340 1482 4437; x_wconf 82' lang='lat' dir='ltr'><strong>Virgilii,</strong></span> <span class='ocrx_word' id='word_1_199' title='bbox 1501 4340 1645 4415; x_wconf 84' lang='lat' dir='ltr'><strong>Beatrix</strong></span> <span class='ocrx_word' id='word_1_200' title='bbox 1667 4341 1804 4415; x_wconf 87' lang='lat' dir='ltr'><strong>minata</strong></span> <span class='ocrx_word' id='word_1_201' title='bbox 1820 4348 1876 4417; x_wconf 83' lang='lat' dir='ltr'><strong>est</strong></span> 
     </span>
     <span class='ocr_line' id='line_1_25' title="bbox 705 4460 1875 4556; baseline 0 -22"><span class='ocrx_word' id='word_1_202' title='bbox 705 4460 771 4534; x_wconf 84' lang='lat' dir='ltr'><strong>sibi</strong></span> <span class='ocrx_word' id='word_1_203' title='bbox 797 4461 894 4554; x_wconf 89' lang='lat' dir='ltr'><strong>quod</strong></span> <span class='ocrx_word' id='word_1_204' title='bbox 921 4463 1081 4556; x_wconf 89' lang='lat' dir='ltr'><strong>ploraret</strong></span> <span class='ocrx_word' id='word_1_205' title='bbox 1108 4481 1174 4555; x_wconf 91' lang='lat' dir='ltr'><strong>per</strong></span> <span class='ocrx_word' id='word_1_206' title='bbox 1197 4460 1307 4535; x_wconf 88' lang='lat' dir='ltr'><strong>aliam</strong></span> <span class='ocrx_word' id='word_1_207' title='bbox 1332 4468 1487 4556; x_wconf 82' lang='lat' dir='ltr'><strong>spatam,</strong></span> <span class='ocrx_word' id='word_1_208' title='bbox 1504 4461 1612 4555; x_wconf 66' lang='lat' dir='ltr'><strong>oquod</strong></span> <span class='ocrx_word' id='word_1_209' title='bbox 1643 4462 1780 4537; x_wconf 81' lang='lat' dir='ltr'><strong>lactum</strong></span> <span class='ocrx_word' id='word_1_210' title='bbox 1809 4469 1875 4555; x_wconf 80' lang='lat' dir='ltr'><strong>est,</strong></span> 
     </span>
     <span class='ocr_line' id='line_1_26' title="bbox 705 4580 1875 4677; baseline 0.003 -24"><span class='ocrx_word' id='word_1_211' title='bbox 705 4580 852 4674; x_wconf 88' lang='lat' dir='ltr'><strong>quando</strong></span> <span class='ocrx_word' id='word_1_212' title='bbox 869 4580 944 4674; x_wconf 86' lang='lat' dir='ltr'><strong>ipsa</strong></span> <span class='ocrx_word' id='word_1_213' title='bbox 963 4580 1148 4675; x_wconf 89' lang='lat' dir='ltr'><strong>respondit</strong></span> <span class='ocrx_word' id='word_1_214' title='bbox 1168 4580 1327 4676; x_wconf 82' lang='lat' dir='ltr'><strong>angelis3</strong></span> <span class='ocrx_word' id='word_1_215' title='bbox 1351 4580 1415 4655; x_wconf 91' lang='lat' dir='ltr'><strong>sed</strong></span> <span class='ocrx_word' id='word_1_216' title='bbox 1433 4586 1522 4655; x_wconf 91' lang='lat' dir='ltr'><strong>tunc</strong></span> <span class='ocrx_word' id='word_1_217' title='bbox 1538 4581 1704 4656; x_wconf 85' lang='lat' dir='ltr'><strong>exercuit</strong></span> <span class='ocrx_word' id='word_1_218' title='bbox 1723 4588 1875 4677; x_wconf 87' lang='lat' dir='ltr'><strong>spatam,</strong></span> 
     </span>
     <span class='ocr_line' id='line_1_27' title="bbox 704 4699 1874 4797; baseline 0.002 -24"><span class='ocrx_word' id='word_1_219' title='bbox 704 4699 797 4775; x_wconf 92' lang='lat' dir='ltr'><strong>idest</strong></span> <span class='ocrx_word' id='word_1_220' title='bbox 821 4700 997 4796; x_wconf 85' lang='lat' dir='ltr'><strong>linguam,</strong></span> <span class='ocrx_word' id='word_1_221' title='bbox 1023 4701 1159 4795; x_wconf 89' lang='lat' dir='ltr'><strong>caesim,</strong></span> <span class='ocrx_word' id='word_1_222' title='bbox 1185 4722 1284 4777; x_wconf 90' lang='lat' dir='ltr'><strong>nunc</strong></span> <span class='ocrx_word' id='word_1_223' title='bbox 1315 4722 1405 4777; x_wconf 88' lang='lat' dir='ltr'><strong>vero</strong></span> <span class='ocrx_word' id='word_1_224' title='bbox 1435 4702 1546 4797; x_wconf 89' lang='lat' dir='ltr'><strong>coepit</strong></span> <span class='ocrx_word' id='word_1_225' title='bbox 1575 4722 1752 4778; x_wconf 85' lang='lat' dir='ltr'><strong>exercere</strong></span> <span class='ocrx_word' id='word_1_226' title='bbox 1776 4702 1874 4777; x_wconf 90' lang='lat' dir='ltr'><strong>illam</strong></span> 
     </span>
     <span class='ocr_line' id='line_1_28' title="bbox 705 4820 1876 4915; baseline 0.002 -22"><span class='ocrx_word' id='word_1_227' title='bbox 705 4820 881 4914; x_wconf 90' lang='lat' dir='ltr'><strong>punctim,</strong></span> <span class='ocrx_word' id='word_1_228' title='bbox 900 4822 998 4915; x_wconf 87' lang='lat' dir='ltr'><strong>quod</strong></span> <span class='ocrx_word' id='word_1_229' title='bbox 1016 4830 1072 4897; x_wconf 90' lang='lat' dir='ltr'><strong>est</strong></span> <span class='ocrx_word' id='word_1_230' title='bbox 1095 4822 1234 4896; x_wconf 92' lang='lat' dir='ltr'><strong>durius.</strong></span> <span class='ocrx_word' id='word_1_231' title='bbox 1261 4822 1365 4897; x_wconf 90' lang='lat' dir='ltr'><strong>Unde</strong></span> <span class='ocrx_word' id='word_1_232' title='bbox 1388 4830 1473 4896; x_wconf 92' lang='lat' dir='ltr'><strong>nota</strong></span> <span class='ocrx_word' id='word_1_233' title='bbox 1495 4822 1661 4915; x_wconf 91' lang='lat' dir='ltr'><strong>ulterius,</strong></span> <span class='ocrx_word' id='word_1_234' title='bbox 1681 4821 1779 4915; x_wconf 88' lang='lat' dir='ltr'><strong>quod</strong></span> <span class='ocrx_word' id='word_1_235' title='bbox 1797 4841 1876 4895; x_wconf 89' lang='lat' dir='ltr'><strong>me-</strong></span> 
     </span>
    </p>
   </div>
   <div class='ocr_carea' id='block_1_6' title="bbox 771 5078 1191 5142">
    <p class='ocr_par' dir='ltr' id='par_1_6' title="bbox 771 5078 1191 5142">
     <span class='ocr_line' id='line_1_29' title="bbox 771 5078 1191 5142; baseline 0.007 -14"><span class='ocrx_word' id='word_1_236' title='bbox 771 5078 799 5141; x_wconf 87' lang='lat'><strong>(¹)</strong></span> <span class='ocrx_word' id='word_1_237' title='bbox 817 5081 868 5137; x_wconf 77' lang='lat' dir='ltr'><strong>itt,</strong></span> <span class='ocrx_word' id='word_1_238' title='bbox 886 5078 1033 5142; x_wconf 80' lang='lat' dir='ltr'><strong>deploraret</strong></span> <span class='ocrx_word' id='word_1_239' title='bbox 1051 5093 1191 5131; x_wconf 86' lang='lat' dir='ltr'><strong>recessum.</strong></span> 
     </span>
    </p>
   </div>
   <div class='ocr_carea' id='block_1_7' title="bbox 0 0 2293 6836">
    <p class='ocr_par' dir='ltr' id='par_1_7' title="bbox 0 0 2293 6836">
     <span class='ocr_line' id='line_1_30' title="bbox 0 0 2293 6836; baseline 0 0"><span class='ocrx_word' id='word_1_240' title='bbox 0 0 2293 6836; x_wconf 95' lang='lat' dir='ltr'><strong> </strong></span> 
     </span>
    </p>
   </div>
  </div>
 </body>
</html>
