4575 6842
688 950 757 1016 174
1042 958 1246 1016 couauruu
1271 959 1494 1016 nuneuroau

684 1104 714 1178 si
739 1104 878 1180 nullam
904 1105 1014 1180 aliam
1033 1110 1267 1200 expectarent
1287 1105 1325 1178 in
1348 1105 1418 1179 isto
1445 1104 1539 1196 loco,
1558 1105 1620 1179 ubi
1645 1113 1728 1181 erat
1754 1107 1857 1201 quies

682 1224 823 1319 placida
852 1224 930 1300 sine
946 1217 983 1317 (⁴)
1018 1224 1157 1320 labore,
1182 1225 1317 1300 sanitas
1350 1225 1429 1300 sine
1458 1225 1650 1323 languore,
1681 1227 1858 1304 securitas

682 1344 761 1419 sine
788 1345 931 1440 timore,
957 1345 1081 1420 latitia
1106 1345 1185 1421 sine
1209 1346 1347 1440 dolore,
1373 1368 1446 1441 par
1471 1345 1550 1420 siue
1575 1347 1683 1442 bello,
1710 1348 1858 1424 libertas

682 1465 761 1541 sine
786 1464 983 1561 servitute;
1002 1472 1039 1540 et
1056 1466 1154 1561 quod
1173 1473 1356 1562 estsuper
1374 1467 1510 1562 omnia,
1529 1467 1603 1542 vita
1620 1469 1698 1544 siue
1717 1476 1856 1544 morte:

683 1586 747 1661 sed
772 1593 911 1681 quanto
940 1585 1119 1662 feliciores
1152 1593 1240 1662 aute
1268 1594 1475 1683 peccatum,
1508 1593 1609 1664 tauto
1640 1588 1858 1666 infeliciores

684 1713 766 1804 post
790 1714 994 1802 peccatum.
1020 1707 1105 1781 Ideo
1122 1707 1227 1783 dicit:
1245 1713 1282 1782 et
1299 1707 1360 1781 ille
1377 1707 1500 1802 bomo,
1519 1701 1658 1782 dimord
1677 1711 1739 1802 qui
1750 1731 1856 1802 poco,

686 1827 773 1922 quia
797 1826 923 1923 paucis
949 1827 1047 1901 boris
1072 1828 1170 1902 stetit
1195 1826 1232 1900 in
1257 1827 1326 1902 isto
1351 1827 1531 1922 paradise,
1556 1833 1595 1903 ut
1618 1827 1760 1903 dicetur
1786 1828 1856 1904 Pa-

685 1947 793 2023 radisi
811 1947 970 2042 capitulo
984 1946 1187 2040 xxv1,per
1201 1968 1269 2021 sua
1285 1950 1437 2039 diffcile,
1450 1947 1554 2042 idest,
1572 1955 1720 2043 propter
1745 1969 1854 2022 suum

685 2070 882 2163 deiectum,
901 2067 987 2163 quia
1012 2088 1078 2162 per
1103 2067 1315 2164 superbiam
1337 2067 1453 2142 voluit
1474 2066 1553 2143 fieri
1571 2068 1664 2144 sicut
1681 2068 1798 2164 Deus3
1820 2075 1857 2144 ct

685 2188 785 2283 quod
812 2186 880 2261 luit
903 2187 1065 2283 gravius,
1088 2186 1165 2282 ipse
1190 2179 1601 2282 connumeramus
1625 2191 1713 2280 riso,
1739 2189 1858 2283 qualis

684 2312 765 2381 erat
792 2307 886 2380 risus
903 2306 1081 2380 Matbildis
1106 2307 1217 2401 paulo
1234 2314 1333 2401 aute,
1358 2310 1490 2382 cdolcc
1512 2311 1649 2402 piuoco,
1673 2308 1777 2403 idest,
1794 2309 1859 2383 de·

686 2428 931 2522 locutionem,
965 2430 1003 2500 iu
1022 2431 1160 2528 picoto¹
1173 2436 1206 2501 et
1227 2431 1264 2501 in
1289 2433 1450 2522 effauno,
1487 2450 1512 2504 a
1542 2450 1617 2524 quo
1646 2429 1860 2525 auspicatur

685 2547 853 2623 miserias
877 2567 974 2641 suas,
995 2552 1064 2640 per
1088 2568 1155 2620 sua
1180 2549 1329 2640 diffcile,
1349 2547 1450 2642 idest,
1472 2547 1667 2642 delectum,
1694 2549 1780 2644 quia
1803 2549 1860 2624 in-

625 2717 630 2725 ·
685 2667 914 2766 gratissimus
938 2686 1014 2742 non
1039 2665 1106 2740 luit
1131 2673 1324 2742 contentus
1350 2673 1451 2742 tanto
1476 2667 1573 2743 bono
1599 2668 1667 2744 sibi
1683 2668 1761 2744 sine
1778 2689 1859 2744 me·

687 2789 757 2864 rito
781 2789 927 2863 donato.
941 2783 1143 2863 -Percld
1170 2787 1235 2862 Hic
1260 2795 1368 2886 poeta
1385 2788 1542 2864 ostendit
1566 2790 1723 2884 qualiter
1749 2789 1858 2884 Deus,

688 2915 728 2983 ut
754 2911 865 2984 bomo
891 2909 1041 3004 pacifice
1065 2909 1254 2984 frueretur
1278 2908 1376 2984 bono
1405 2909 1471 2984 sibi
1503 2916 1641 3005 parato,
1663 2911 1766 2988 'dedit
1790 2909 1858 2984 sibi

686 3029 810 3105 locum
835 3029 1040 3104 immunem
1066 3028 1114 3102 ab
1139 3028 1240 3102 omni
1257 3028 1483 3105 alteratione.
1509 3030 1612 3105 Unde
1636 3030 1740 3105 dicit:
1770 3035 1859 3120 Que—
1909 3089 1913 3096 .

684 3155 738 3222 sto
762 3156 877 3222 nmntc
900 3140 989 3222 sato
1014 3144 1075 3222 etr
1100 3151 1135 3222 lo
1160 3151 1225 3223 ciet
1247 3155 1357 3240 muto,
1389 3150 1475 3245 quia
1508 3151 1611 3244 quasi
1642 3151 1757 3248 tangit
1782 3171 1860 3226 coe-

686 3270 778 3364 lum,
809 3265 972 3363 perctd’t
987 3270 1124 3362 turber,
1147 3269 1249 3364 idest,
1268 3270 1441 3364 turbatio,
1459 3270 1595 3346 scilicet
1612 3278 1858 3367 terraemotus,

685 3395 830 3484 ventus,
856 3389 992 3485 pluvia,
1017 3389 1092 3484 uir,
1117 3389 1263 3491 pruina,
1288 3411 1349 3464 ros
1374 3394 1412 3465 et
1437 3390 1536 3485 talia,
1558 3413 1718 3486 quorum
1744 3412 1860 3489 gene-

686 3509 867 3583 rationem
902 3509 1027 3606 tangit,
1057 3508 1200 3584 dicens:
1232 3511 1305 3600 cte,
1336 3509 1443 3604 idest,
1476 3531 1589 3604 quam
1622 3512 1858 3607 multiplicem

603 3713 608 3723 ,
686 3629 948 3724 turbationem,
974 3633 1005 3704 le
1029 3631 1224 3704 malazioui
1247 3632 1325 3704 dcll'
1340 3649 1455 3722 acqua
1472 3652 1490 3704 c
1506 3633 1598 3706 della
1620 3639 1731 3722 terro,
1757 3631 1861 3727 idest,

686 3768 842 3844 vapores
876 3749 941 3844 qui
972 3750 1119 3824 exulant
1149 3750 1198 3824 ab
1230 3770 1328 3846 aqua
1362 3757 1398 3825 et
1432 3757 1553 3846 terra3
1585 3771 1670 3826 nam
1705 3771 1861 3846 vapores

687 3889 796 3962 uque
820 3875 858 3943 et
883 3875 994 3944 terrae
1019 3876 1105 3943 sunt
1134 3890 1247 3946 causa
1280 3869 1478 3945 materialis
1508 3870 1675 3945 omnium
1706 3870 1861 3946 istarum

689 3987 981 4083 impressionum.
1007 3989 1101 4064 Nam
1127 4011 1283 4085 vapores
1309 3997 1419 4066 terrae
1445 3990 1529 4065 sicci
1556 3990 1695 4068 iaciunt
1720 3998 1860 4086 ventos,

689 4113 727 4182 et
751 4129 908 4204 vapores
932 4110 1073 4186 humidi
1097 4132 1205 4206 aquae
1231 4111 1368 4186 iaciunt
1393 4112 1568 4206 pluviam,
1596 4113 1719 4188 nivem
1736 4105 1772 4207 (¹)
1791 4121 1860 4191 etc.

689 4229 733 4304 Et
749 4250 861 4304 causa
883 4230 1045 4307 efficiens
1071 4231 1204 4306 barum
1228 4238 1283 4307 est
1302 4250 1436 4327 corpus
1457 4233 1621 4328 coeleste3
1640 4235 1738 4309 unde
1756 4235 1861 4310 dicit:

689 4350 761 4441 ete,
787 4358 917 4441 pacata
939 4373 1084 4444 possen,
1110 4354 1232 4426 dubo-
1248 4355 1288 4426 ul
1311 4353 1412 4426 calor
1437 4373 1579 4447 conno;
1604 4353 1689 4448 quia
1714 4354 1862 4451 scilicet,

554 4572 558 4577 ἢ
688 4477 897 4562 sequuntur
913 4473 1076 4549 calorem
1092 4472 1177 4547 solis
1194 4473 1406 4566 etaliarum
1425 4475 1628 4568 stellarum,
1647 4476 1864 4552 attrahentis

689 4588 785 4685 ipsos
811 4612 966 4687 vapores
991 4593 1182 4688 usquead
1208 4593 1368 4669 mediam
1395 4595 1585 4691 regionem
1610 4595 1725 4692 aeris3
1748 4602 1864 4693 [auno

688 4716 776 4783 sotto
801 4714 851 4784 da
875 4735 925 4806 se,
944 4713 1046 4808 idest,
1064 4713 1158 4790 intra
1174 4714 1404 4792 altitudinem
1428 4714 1532 4790 istius
1550 4717 1695 4812 montis,
1713 4717 1800 4812 quia
1818 4719 1865 4795 ab

690 4829 839 4906 iutroitu
866 4833 945 4909 veri
970 4819 1173 4932 purgato'rii
1199 4857 1310 4931 supra
1336 4857 1408 4911 nou
1436 4835 1528 4911 fiunt
1541 4827 1578 4931 (³)
1606 4837 1685 4935 ista,
1703 4862 1777 4916 uon
1801 4847 1866 4936 fa·

753 5013 782 5078 (¹)
798 5017 830 5068 ll.
846 5023 873 5068 st
888 5018 951 5071 siue.
1157 5021 1184 5087 ω
1199 5021 1230 5073 Ε.
1245 5023 1332 5074 nivem
1348 5027 1375 5074 ot
1391 5024 1552 5076 huiusmodi:
1569 5031 1597 5076 et
1612 5039 1697 5076 cause

754 5090 782 5154 (Ἴ
797 5092 829 5143 Ε.
845 5107 898 5145 non
913 5099 1045 5148 nuntiata.
