4575 6842
788 987 792 992 ·
845 968 983 1024 caurus
1008 969 1153 1024 ramus.
1510 958 1581 1026 313

402 1123 554 1212 perium
574 1117 643 1191 hoe
669 1116 706 1189 in
733 1114 859 1210 pennis
875 1115 1033 1207 alarum,
1050 1113 1100 1188 ita
1118 1115 1263 1190 volatus
1279 1115 1382 1190 istius
1399 1117 1584 1194 altissimo

405 1237 542 1332 aquilae
567 1236 738 1332 deprimit
765 1236 927 1310 volatum
946 1234 1101 1308 aliarum
1125 1235 1360 1310 scientiarum
1388 1257 1472 1332 qum
1496 1246 1585 1312 sunt

407 1359 536 1452 tardae,
562 1359 655 1434 sicut
681 1375 831 1432 anseres
857 1360 1025 1450 respectu
1050 1355 1185 1448 aquilae
1199 1347 1250 1448 (¹).
1268 1356 1331 1430 Est
1346 1357 1457 1432 etiam
1480 1379 1584 1452 quae·

409 1479 494 1554 dam
523 1478 743 1554 nobilissima
763 1474 904 1570 aquila,
931 1495 1015 1569 quae
1042 1494 1114 1549 non
1140 1475 1347 1570 depascitur
1379 1476 1447 1550 nisi
1472 1476 1585 1552 corda

409 1599 565 1681 aliarum
593 1598 731 1691 evium,
758 1617 851 1691 quas
876 1595 972 1690 capit
997 1595 1034 1668 in
1060 1595 1327 1670 nutrimentum
1346 1597 1424 1690 sui;
1443 1597 1495 1671 ita
1515 1597 1584 1672 isla

412 1718 633 1794 nobilissima
659 1717 894 1792 scientiarum
927 1715 1047 1792 solum
1082 1709 1178 1812 capit
1209 1717 1378 1811 quadam
1409 1717 1583 1813 principia

410 1838 579 1914 aliarum.
608 1838 660 1914 rid
686 1839 828 1914 literam
856 1857 947 1934 ergo
972 1837 1057 1913 dicit
1083 1844 1207 1933 poeta:
1241 1841 1385 1930 nauplio
1412 1832 1455 1930 si,
1480 1839 1583 1934 idest,

408 1964 486 2034 lam
505 1959 671 2052 tirmiter,
689 1979 761 2032 non
781 1961 832 2050 pli
846 1961 995 2048 s'affisse
1014 1977 1212 2051 urrpuunco,
1233 1958 1338 2052 quasi
1354 1959 1467 2034 dicat:
1485 1959 1584 2054 quod

410 2078 534 2173 aquila
559 2078 759 2174 corporalis
785 2097 857 2152 non
883 2084 959 2152 tam
984 2077 1057 2152 line
1081 2078 1248 2154 intuetur
1268 2080 1383 2154 solem
1410 2099 1585 2175 corpora·

404 2197 495 2292 ilem,
522 2198 616 2274 sicut
640 2199 708 2274 ista
735 2197 883 2273 scientia
910 2197 1104 2292 spiritualis
1128 2199 1244 2274 solem
1271 2199 1497 2294 spiritualem
1520 2199 1584 2293 qui

409 2319 672 2394 densescat
702 2319 760 2394 hic
793 2325 879 2394 nola
911 2319 1006 2394 bene
1040 2319 1140 2412 quod
1170 2329 1280 2396 autor
1313 2320 1451 2415 optime
1481 2319 1584 2412 dicit3

410 2439 586 2535 quoniam
612 2440 736 2534 aquila
762 2459 836 2514 nen
861 2446 982 2535 posset
1016 2439 1111 2516 bene
1144 2439 1328 2536 respicere
1352 2448 1472 2514 rotam
1498 2439 1584 2516 solis

410 2579 458 2635 ex
483 2559 560 2634 sola
586 2559 683 2634 oculi
709 2557 879 2654 puritate,
901 2559 986 2654 qula
1013 2559 1078 2632 lux
1103 2560 1189 2634 solis
1211 2559 1419 2653 fortissima,
1440 2559 1584 2634 calidis·

410 2679 504 2755 sima
536 2700 647 2775 super
681 2679 830 2754 oculum
861 2679 1045 2773 spericum
1080 2686 1118 2756 et
1146 2679 1300 2775 politum
1334 2680 1418 2755 lacit
1449 2682 1584 2756 multas

412 2800 629 2878 rellexiones
663 2799 850 2874 radiorum
876 2799 923 2875 ad
949 2799 1112 2874 medium
1138 2801 1248 2896 oculi,
1275 2801 1338 2876 ubi
1367 2809 1422 2876 est
1447 2802 1584 2878 humor

409 2921 582 3020 glacialis,
600 2921 637 2994 in
663 2941 738 3014 quo
763 2920 966 3016 sigillentur
992 2921 1120 2996 lormae
1144 2921 1352 3016 visibilium,
1376 2928 1415 2996 et
1432 2921 1584 2998 reflexio

411 3043 471 3118 illa
498 3041 662 3118 calefacit
687 3048 724 3116 et
748 3041 910 3116 dissolvit
934 3042 1128 3118 humorem
1157 3043 1280 3136 illum3
1305 3042 1387 3118 ideo
1412 3043 1510 3118 oculi
1528 3043 1584 3118 la-

410 3169 627 3260 crymantur
645 3162 792 3256 quando
818 3162 900 3256 quis
924 3161 1022 3238 videt
1047 3162 1210 3238 lucidum
1233 3164 1426 3238 excellens.
1444 3163 1583 3260 Oculus

410 3285 509 3358 enim
536 3289 591 3358 est
617 3283 721 3377 quasi
747 3283 937 3378 speculum
955 3282 1162 3358 animatum
1184 3303 1411 3378 convexum3
1429 3283 1493 3358 sed
1514 3303 1582 3361 na·

410 3409 496 3478 tura
522 3403 637 3478 'solers
662 3410 700 3478 et
725 3423 839 3498 sagax
869 3401 966 3478 dedit
997 3402 1131 3497 aquilae
1164 3402 1339 3498 pupillam
1369 3403 1514 3499 nigram
1545 3410 1584 3480 et

410 3523 491 3598 cilia
517 3543 655 3620 grosse,
682 3530 724 3597 nt
749 3523 881 3598 melius
908 3523 1069 3617 resistat3
1087 3529 1124 3598 et
1141 3530 1267 3600 tamen
1284 3544 1358 3599 non
1374 3530 1496 3619 posset
1512 3525 1583 3602 hoc

408 3643 533 3720 lacere
558 3642 632 3736 diu,
652 3643 738 3737 quia
765 3643 901 3716 humor
919 3643 977 3716 ille
994 3643 1145 3738 lrigidus
1161 3643 1425 3720 dissolveretur
1441 3653 1479 3720 et
1498 3665 1582 3721 cor·

412 3769 670 3857 rumperetur:
689 3762 782 3837 sicut
800 3761 917 3837 simile
933 3761 1100 3838 videmus
1118 3763 1155 3836 in
1172 3763 1403 3840 salamandra
1417 3786 1502 3859 quae
1515 3765 1582 3840 ali·

406 3883 574 3979 'quandiu
602 3883 691 3958 vivit
716 3882 753 3956 in
779 3882 873 3979 igne,
899 3883 985 3977 quia
1018 3883 1256 3979 frigidissima
1289 3892 1433 3961 naturae
1461 3887 1583 3961 extin-

410 4004 491 4101 guit
522 4004 645 4099 ignem
678 4002 771 4076 sieut
803 4003 957 4098 glacies3
991 4004 1054 4078 sed
1087 4005 1115 4080 si
1150 4005 1214 4080 diu
1246 4007 1387 4081 steterit
1423 4007 1460 4080 in
1483 4007 1584 4103 igne

411 4123 571 4200 vincitur
596 4128 633 4197 et
659 4122 827 4196 moritur.
855 4123 954 4198 Bene
979 4143 1069 4220 ergo
1094 4125 1179 4200 dicit
1204 4132 1311 4221 poeta
1337 4125 1434 4220 quod
1459 4126 1583 4221 aquila

351 4281 359 4298 ·
412 4264 605 4338 nunquam
628 4242 786 4338 respexit
811 4243 937 4338 solem,
956 4243 1050 4320 sicut
1074 4267 1174 4321 nunc
1199 4247 1365 4322 Beatrir:
1384 4267 1470 4322 nam
1490 4269 1582 4324 ocu·
1664 4306 1668 4314 .

411 4363 469 4437 lus
495 4363 748 4438 intellectualis
774 4363 990 4457 purissimus
1020 4364 1122 4440 istius
1150 4366 1309 4442 dominae
1333 4374 1471 4461 quanto
1500 4367 1583 4444 diu·

411 4484 483 4557 tius
510 4489 547 4558 et
572 4483 680 4558 fixius
706 4484 851 4578 respicit
876 4485 990 4560 solem
1017 4493 1212 4580 aeternum,
1237 4493 1338 4562 tanto
1371 4487 1499 4563 lortius
1528 4489 1584 4564 vi·

410 4610 565 4698 geratur
591 4610 628 4678 et
653 4603 992 4678 convalescit-E
1012 4597 1043 4678 sl
1067 4627 1173 4679 coru.
1200 4607 1265 4681 llic
1290 4614 1398 4701 pocta
1427 4609 1584 4685 ostendit

411 4723 597 4816 quomodo
615 4724 731 4798 lactus
749 4731 804 4798 est
821 4730 949 4820 potens
966 4724 1012 4800 ad
1030 4726 1298 4821 respiciendum
1317 4729 1431 4804 solem
1447 4729 1584 4810 virtute

410 4842 584 4918 Beatricis
616 4863 683 4938 per
712 4844 1023 4938 comparationem
1056 4845 1223 4940 pulcram
1249 4854 1287 4921 et
1311 4850 1515 4945 propriam3
1545 4859 1582 4929 et

475 5109 500 5168 (ἰ
517 5104 547 5154 Ε.
564 5104 664 5168 aquila.
682 5103 780 5155 scillcet
795 5105 907 5156 scientie
923 5105 1001 5158 huius
1017 5106 1162 5172 theologiae.
1179 5107 1234 5178 list.
