4575 6842
796 988 935 1043 cauum
959 986 1144 1043 smmis·-
1483 974 1552 1041 461

381 1129 418 1205 in
441 1131 512 1207 bac
543 1132 663 1207 torma
691 1131 974 1209 sententialiter:
999 1152 1024 1207 o
1047 1130 1209 1205 salvator
1234 1131 1555 1227 suparittumims

380 1250 507 1328 binus
529 1252 672 1328 animas
695 1252 851 1329 istorum
877 1252 1058 1327 coeiorum
1083 1248 1202 1346 gioria
1224 1255 1309 1343 tua3
1331 1250 1417 1325 dicit
1442 1270 1554 1347 ergo:

380 1379 568 1447 oraretis
591 1378 686 1447 Deus
718 1392 872 1465 osasica,
899 1371 1003 1467 idest,
1028 1369 1200 1464 salvifica,
1227 1372 1391 1462 Sotoottt,
1418 1390 1555 1445 nomen

381 1492 571 1569 hebreum
597 1499 654 1567 est
678 1491 778 1587 quod
802 1492 1067 1587 interpretatur
1081 1490 1261 1567 Dominus
1278 1490 1457 1565 virtutum
1477 1490 1554 1565 sive

380 1612 624 1706 exercituum,
641 1614 937 1707 spasmum,
953 1611 1055 1706 idest,
1074 1610 1396 1707 superillumiuans
1411 1603 1461 1702 (¹),
1477 1613 1552 1683 cio-

379 1735 482 1805 ritota
505 1740 579 1822 tuo,
604 1731 707 1825 idest,
736 1731 877 1807 lumine
909 1731 1037 1827 gioriae
1063 1737 1151 1824 tute,
1178 1733 1293 1824 [disat
1322 1734 1433 1822 ipses,
1451 1729 1553 1821 idest,

380 1854 522 1931 animas
545 1852 717 1928 ardentes
740 1872 870 1927 amore
897 1860 972 1945 tuo,
996 1854 1123 1927 torum
1138 1854 1329 1943 mutatui,
1345 1851 1448 1945 idest,
1466 1850 1555 1925 isto-

381 1994 467 2049 rum
486 1992 711 2070 regnorum3
736 1977 774 2047 et
798 1980 855 2047 est
870 1971 1036 2054 similiter
1055 1992 1193 2047 nomen
1211 1972 1449 2066 hebraicum
1467 1991 1554 2045 nam

379 2094 472 2171 libor
498 2114 630 2191 regum
647 2093 819 2169 hebraice
834 2092 968 2167 dicitur
984 2092 1172 2167 Malacbio.
1190 2094 1235 2167 Et
1251 2092 1373 2167 subdit
1389 2092 1552 2166 subitum

380 2236 568 2291 recessum
603 2213 698 2289 iltius
730 2220 769 2289 et
800 2212 1002 2307 sociarum,
1035 2212 1179 2289 dicens:
1211 2220 1247 2285 ‘et
1281 2234 1373 2303 esso,
1405 2210 1552 2300 scilicet,

378 2336 501 2411 anbua
526 2334 699 2431 gloriosa,
724 2356 744 2408 a
768 2337 909 2425 tatae,
934 2333 1028 2409 sicut
1044 2332 1391 2408 substantia-uomet
1410 2340 1446 2407 et
1462 2331 1553 2407 atio·

379 2477 464 2531 rum
490 2454 684 2551 spirituum
711 2455 933 2547 activorum,
957 2475 1114 2529 mosrcro
1143 2475 1169 2527 o
1198 2473 1265 2527 rua
1290 2456 1424 2544 dunzo,
1449 2452 1552 2543 idest,

380 2576 427 2651 ad
440 2567 477 2668 (²)
506 2574 719 2671 tripudium,
745 2575 850 2670 quasi
874 2574 986 2649 dioet:
1011 2578 1205 2669 ooeperunt
1229 2573 1369 2647 moveri
1395 2572 1551 2648 circuiu-

379 2696 480 2787 riter,
506 2694 570 2789 qui
595 2684 719 2769 motus
735 2695 921 2789 perfectus
937 2700 994 2768 est
1010 2694 1180 2788 proprius
1200 2692 1447 2787 perfectarum
1463 2692 1552 2767 sub-

379 2815 609 2909 stantiarum,
631 2840 663 2906 a,
680 2818 782 2907 paco
805 2817 1015 2889 oetocrisiroe
1035 2816 1167 2908 sevitie,
1197 2834 1288 2907 quas
1308 2814 1387 2909 jam
1410 2812 1553 2888 vomuit

380 2938 495 3033 ignes,
520 2938 570 3009 mi
591 2940 624 3009 si
647 2939 782 3030 cetero,
810 2935 913 3029 idest,
940 2940 1172 3009 recesserunt
1190 2933 1238 3008 ab
1257 2933 1372 3009 ocutis
1396 2933 1499 3027 meis,
1516 2936 1553 3007 di

378 3057 492 3132 motta
514 3059 691 3148 detonso,
716 3057 898 3153 elongatae
922 3054 1044 3130 subito
1075 3076 1098 3130 a
1129 3075 1190 3129 me
1214 3054 1306 3129 sicui
1331 3054 1461 3129 iaviliae
1487 3074 1552 3149 per

379 3196 517 3253 aerem.
531 3181 646 3249 -Ιο,
672 3177 737 3251 Hic
762 3182 870 3271 posta
895 3175 1011 3271 tangit
1036 3195 1142 3250 suam
1172 3174 1441 3269 dispositionem
1473 3182 1562 3269 post.

380 3316 568 3373 recessum
594 3296 796 3389 Iustiniani,
822 3295 907 3389 quia
935 3294 1110 3369 remansit
1126 3295 1165 3369 in
1186 3294 1320 3369 ardore
1344 3293 1552 3369 declarandi

379 3417 426 3491 de
450 3436 527 3491 uno
550 3415 662 3491 dubio
688 3415 787 3509 quod
807 3416 886 3510 jam
914 3420 1039 3489 mente
1064 3420 1283 3509 conceperat
1300 3434 1346 3489 ex
1365 3433 1439 3489 uno
1456 3413 1553 3489 dicto

378 3536 475 3612 iltius
499 3536 655 3630 spiritus.
682 3535 775 3609 Dicit
800 3554 891 3629 crgo
924 3539 962 3609 et
991 3534 1093 3629 tingit
1123 3534 1281 3629 poetico:
1307 3538 1342 3607 io
1372 3536 1550 3627 ἀυὺίταυα,

380 3657 417 3729 iu
441 3655 578 3750 animo,
603 3677 623 3728 e
646 3658 766 3731 dcco:
791 3657 884 3745 ato,
909 3657 1002 3746 aitte,
1027 3654 1131 3747 idest,
1153 3654 1211 3728 dic
1230 3674 1372 3748 secure,
1391 3674 1553 3749 propone

380 3776 619 3869 questionem
645 3782 769 3870 tuaru3
799 3782 837 3851 et
867 3774 997 3869 repetit
1026 3773 1072 3847 ad
1102 3773 1283 3849 maiorem
1309 3773 1552 3867 affectionem,

380 3919 398 3967 e
422 3899 543 3971 diceas
566 3899 660 3987 ditte,
681 3899 746 3990 [ro
770 3916 838 3987 ma,
863 3896 959 3969 intra
977 3913 1042 3967 cor
1060 3913 1199 3986 meum,
1222 3896 1294 3965 atta
1320 3896 1394 3965 mio
1417 3895 1555 3983 dormo,

380 4016 527 4111 scilicet,
552 4015 721 4104 Beatrici,
745 4018 805 4089 cte
829 4019 877 4087 mi
901 4017 1041 4104 disseio,
1068 4013 1169 4106 idest,
1201 4011 1293 4087 toltit
1322 4013 1409 4087 mibi
1443 4013 1566 4107 sitimp.

381 4138 482 4232 idest,
507 4137 730 4213 desiderium
756 4136 954 4211 dubiorum
981 4152 1165 4226 meorum,
1191 4153 1258 4207 coo
1282 4136 1313 4205 te
1337 4136 1428 4207 dotci
1451 4136 1551 4223 stitte,

381 4257 482 4350 idest,
507 4257 632 4353 guttis,
658 4256 763 4351 quasi
787 4256 894 4349 dicat,
921 4254 1043 4329 verbis
1074 4254 1150 4327 suis
1181 4252 1404 4328 dulcioribus
1430 4254 1550 4329 melle.

380 4376 423 4451 Et
439 4375 562 4450 subdit
587 4395 806 4450 succursum
832 4380 1067 4469 exputatum
1083 4374 1179 4449 iltius
1195 4374 1234 4447 in
1251 4373 1358 4449 cuius
1375 4380 1562 4467 potestate·

379 4498 501 4572 iuerat
533 4497 581 4571 ab
613 4496 689 4589 ipsa
724 4496 897 4590 pueritia,
929 4495 1071 4570 dicens:
1107 4515 1168 4569 mo
1200 4497 1313 4587 poetic
1346 4514 1562 4585 reserenari,

381 4616 485 4711 idest,
510 4615 715 4691 reverenda
739 4635 886 4709 semper
912 4615 999 4689 mibi
1024 4616 1267 4709 dominacio
1291 4618 1320 4687 ε’
1331 4618 1491 4689 iadoom
1515 4617 1563 4688 di-

381 4744 464 4811 aab
489 4754 555 4827 ma,
581 4736 684 4829 idest,
710 4756 794 4830 quae
820 4735 860 4808 iit
884 4735 921 4811 in
947 4742 1078 4811 totum
1098 4735 1247 4811 domina
1284 4737 1367 4831 mei,
1394 4737 1480 4832 quia
1504 4735 1553 4810 ab

382 4858 482 4933 initio
507 4863 636 4952 captus
659 4878 741 4931 sum
768 4876 898 4931 amore
923 4856 1004 4931 eius
1028 4856 1175 4949 quando
1202 4857 1327 4933 adbuc
1351 4858 1552 4935 vocabatur

438 4999 471 5107 w
488 5044 518 5095 Ε.
535 4996 766 5108 superindutum
777 4996 984 5105 animasssbea-tas,
1000 5044 1123 5095 ctoritate.

444 5120 473 5184 (¹)
489 5120 521 5173 n.
535 5122 661 5173 adsutum
677 5122 830 5187 tripudium.
