<?xml version="1.0" encoding="UTF-8"?>
<!DOCTYPE html PUBLIC "-//W3C//DTD XHTML 1.0 Transitional//EN"
    "http://www.w3.org/TR/xhtml1/DTD/xhtml1-transitional.dtd">
<html xmlns="http://www.w3.org/1999/xhtml" xml:lang="en" lang="en">
 <head>
  <title>
</title>
<meta http-equiv="Content-Type" content="text/html;charset=utf-8" />
  <meta name='ocr-system' content='tesseract 3.04.00' />
  <meta name='ocr-capabilities' content='ocr_page ocr_carea ocr_par ocr_line ocrx_word'/>
</head>
<body>
  <div class='ocr_page' id='page_1' title='image "./comentumsuperda00unkngoog_0418.png"; bbox 0 0 4575 6842; ppageno 0'>
   <div class='ocr_carea' id='block_1_1' title="bbox 733 958 1517 1026">
    <p class='ocr_par' dir='ltr' id='par_1_1' title="bbox 733 958 1517 1026">
     <span class='ocr_line' id='line_1_1' title="bbox 733 958 1517 1026; baseline -0.006 0"><span class='ocrx_word' id='word_1_1' title='bbox 733 958 804 1026; x_wconf 81' lang='lat'><strong>398</strong></span> <span class='ocrx_word' id='word_1_2' title='bbox 1123 967 1328 1025; x_wconf 72' lang='lat' dir='ltr'><strong>nonnarum</strong></span> <span class='ocrx_word' id='word_1_3' title='bbox 1352 969 1517 1023; x_wconf 76' lang='lat' dir='ltr'><strong>nannum</strong></span> 
     </span>
    </p>
   </div>
   <div class='ocr_carea' id='block_1_2' title="bbox 730 1111 1907 2530">
    <p class='ocr_par' dir='ltr' id='par_1_2' title="bbox 730 1111 1907 2530">
     <span class='ocr_line' id='line_1_2' title="bbox 731 1111 1900 1208; baseline -0.003 -17"><span class='ocrx_word' id='word_1_4' title='bbox 731 1138 794 1190; x_wconf 83' lang='lat' dir='ltr'><strong>ver</strong></span> <span class='ocrx_word' id='word_1_5' title='bbox 804 1138 878 1190; x_wconf 87' lang='lat' dir='ltr'><strong>non</strong></span> <span class='ocrx_word' id='word_1_6' title='bbox 890 1118 925 1190; x_wconf 90' lang='lat' dir='ltr'><strong>to</strong></span> <span class='ocrx_word' id='word_1_7' title='bbox 937 1117 1087 1207; x_wconf 84' lang='lat' dir='ltr'><strong>illustra,</strong></span> <span class='ocrx_word' id='word_1_8' title='bbox 1109 1113 1212 1207; x_wconf 89' lang='lat' dir='ltr'><strong>idest,</strong></span> <span class='ocrx_word' id='word_1_9' title='bbox 1230 1114 1424 1208; x_wconf 87' lang='lat' dir='ltr'><strong>illuminat,</strong></span> <span class='ocrx_word' id='word_1_10' title='bbox 1436 1116 1475 1189; x_wconf 82' lang='lat' dir='ltr'><strong>di</strong></span> <span class='ocrx_word' id='word_1_11' title='bbox 1487 1115 1573 1207; x_wconf 77' lang='lat' dir='ltr'><strong>fitur</strong></span> <span class='ocrx_word' id='word_1_12' title='bbox 1588 1115 1653 1188; x_wconf 83' lang='lat' dir='ltr'><strong>dul</strong></span> <span class='ocrx_word' id='word_1_13' title='bbox 1667 1116 1782 1206; x_wconf 80' lang='lat' dir='ltr'><strong>quale,</strong></span> <span class='ocrx_word' id='word_1_14' title='bbox 1798 1111 1900 1206; x_wconf 74' lang='lat' dir='ltr'><strong>idest,</strong></span> 
     </span>
     <span class='ocr_line' id='line_1_3' title="bbox 731 1232 1904 1328; baseline -0.004 -17"><span class='ocrx_word' id='word_1_15' title='bbox 731 1257 879 1311; x_wconf 89' lang='lat' dir='ltr'><strong>summo</strong></span> <span class='ocrx_word' id='word_1_16' title='bbox 905 1255 1007 1328; x_wconf 85' lang='lat' dir='ltr'><strong>vero,</strong></span> <span class='ocrx_word' id='word_1_17' title='bbox 1032 1255 1160 1308; x_wconf 76' lang='lat' dir='ltr'><strong>aarum</strong></span> <span class='ocrx_word' id='word_1_18' title='bbox 1187 1255 1271 1308; x_wconf 81' lang='lat' dir='ltr'><strong>cero</strong></span> <span class='ocrx_word' id='word_1_19' title='bbox 1295 1238 1328 1308; x_wconf 78' lang='lat' dir='ltr'><strong>si</strong></span> <span class='ocrx_word' id='word_1_20' title='bbox 1349 1238 1487 1327; x_wconf 82' lang='lat' dir='ltr'><strong>spuzin.</strong></span> <span class='ocrx_word' id='word_1_21' title='bbox 1509 1234 1608 1308; x_wconf 88' lang='lat' dir='ltr'><strong>Deus</strong></span> <span class='ocrx_word' id='word_1_22' title='bbox 1634 1232 1733 1308; x_wconf 92' lang='lat' dir='ltr'><strong>enim</strong></span> <span class='ocrx_word' id='word_1_23' title='bbox 1752 1237 1807 1307; x_wconf 83' lang='lat' dir='ltr'><strong>est</strong></span> <span class='ocrx_word' id='word_1_24' title='bbox 1824 1232 1904 1306; x_wconf 89' lang='lat' dir='ltr'><strong>linis</strong></span> 
     </span>
     <span class='ocr_line' id='line_1_4' title="bbox 730 1351 1904 1450; baseline -0.002 -20"><span class='ocrx_word' id='word_1_25' title='bbox 730 1357 899 1430; x_wconf 93' lang='lat' dir='ltr'><strong>omnium</strong></span> <span class='ocrx_word' id='word_1_26' title='bbox 913 1355 1083 1450; x_wconf 83' lang='lat' dir='ltr'><strong>aliorum,</strong></span> <span class='ocrx_word' id='word_1_27' title='bbox 1097 1361 1135 1429; x_wconf 91' lang='lat' dir='ltr'><strong>et</strong></span> <span class='ocrx_word' id='word_1_28' title='bbox 1154 1354 1240 1428; x_wconf 88' lang='lat' dir='ltr'><strong>nihil</strong></span> <span class='ocrx_word' id='word_1_29' title='bbox 1254 1361 1311 1430; x_wconf 88' lang='lat' dir='ltr'><strong>est</strong></span> <span class='ocrx_word' id='word_1_30' title='bbox 1326 1354 1466 1429; x_wconf 90' lang='lat' dir='ltr'><strong>bonum</strong></span> <span class='ocrx_word' id='word_1_31' title='bbox 1480 1352 1547 1427; x_wconf 91' lang='lat' dir='ltr'><strong>nisi</strong></span> <span class='ocrx_word' id='word_1_32' title='bbox 1564 1371 1630 1447; x_wconf 89' lang='lat' dir='ltr'><strong>per</strong></span> <span class='ocrx_word' id='word_1_33' title='bbox 1642 1373 1794 1427; x_wconf 89' lang='lat' dir='ltr'><strong>causam</strong></span> <span class='ocrx_word' id='word_1_34' title='bbox 1813 1351 1904 1428; x_wconf 89' lang='lat' dir='ltr'><strong>tina-</strong></span> 
     </span>
     <span class='ocr_line' id='line_1_5' title="bbox 731 1472 1904 1568; baseline -0.001 -20"><span class='ocrx_word' id='word_1_35' title='bbox 731 1475 816 1550; x_wconf 92' lang='lat' dir='ltr'><strong>lem.</strong></span> <span class='ocrx_word' id='word_1_36' title='bbox 844 1475 928 1550; x_wconf 90' lang='lat' dir='ltr'><strong>ldeo</strong></span> <span class='ocrx_word' id='word_1_37' title='bbox 954 1475 1091 1549; x_wconf 80' lang='lat' dir='ltr'><strong>subdit:</strong></span> <span class='ocrx_word' id='word_1_38' title='bbox 1113 1476 1239 1568; x_wconf 78' lang='lat' dir='ltr'><strong>posasi</strong></span> <span class='ocrx_word' id='word_1_39' title='bbox 1261 1476 1300 1548; x_wconf 87' lang='lat' dir='ltr'><strong>in</strong></span> <span class='ocrx_word' id='word_1_40' title='bbox 1323 1495 1413 1568; x_wconf 78' lang='lat' dir='ltr'><strong>esso,</strong></span> <span class='ocrx_word' id='word_1_41' title='bbox 1441 1473 1518 1568; x_wconf 91' lang='lat' dir='ltr'><strong>ipse</strong></span> <span class='ocrx_word' id='word_1_42' title='bbox 1549 1472 1755 1548; x_wconf 87' lang='lat' dir='ltr'><strong>intellectus</strong></span> <span class='ocrx_word' id='word_1_43' title='bbox 1780 1480 1904 1548; x_wconf 86' lang='lat' dir='ltr'><strong>noster</strong></span> 
     </span>
     <span class='ocr_line' id='line_1_6' title="bbox 732 1594 1903 1692; baseline -0.001 -23"><span class='ocrx_word' id='word_1_44' title='bbox 732 1595 769 1669; x_wconf 94' lang='lat' dir='ltr'><strong>in</strong></span> <span class='ocrx_word' id='word_1_45' title='bbox 794 1596 873 1692; x_wconf 91' lang='lat' dir='ltr'><strong>ipso</strong></span> <span class='ocrx_word' id='word_1_46' title='bbox 898 1616 988 1671; x_wconf 84' lang='lat' dir='ltr'><strong>vero</strong></span> <span class='ocrx_word' id='word_1_47' title='bbox 1013 1595 1144 1689; x_wconf 90' lang='lat' dir='ltr'><strong>primo,</strong></span> <span class='ocrx_word' id='word_1_48' title='bbox 1170 1615 1267 1668; x_wconf 74' lang='lat' dir='ltr'><strong>nonu</strong></span> <span class='ocrx_word' id='word_1_49' title='bbox 1287 1598 1370 1689; x_wconf 84' lang='lat' dir='ltr'><strong>sera</strong></span> <span class='ocrx_word' id='word_1_50' title='bbox 1393 1597 1431 1666; x_wconf 84' lang='lat' dir='ltr'><strong>in</strong></span> <span class='ocrx_word' id='word_1_51' title='bbox 1459 1596 1591 1687; x_wconf 59' lang='lat' dir='ltr'><strong>tusum</strong></span> <span class='ocrx_word' id='word_1_52' title='bbox 1616 1598 1654 1667; x_wconf 89' lang='lat' dir='ltr'><strong>et</strong></span> <span class='ocrx_word' id='word_1_53' title='bbox 1681 1600 1737 1668; x_wconf 89' lang='lat' dir='ltr'><strong>est</strong></span> <span class='ocrx_word' id='word_1_54' title='bbox 1765 1594 1903 1688; x_wconf 92' lang='lat' dir='ltr'><strong>optima</strong></span> 
     </span>
     <span class='ocr_line' id='line_1_7' title="bbox 733 1714 1904 1812; baseline -0.004 -22"><span class='ocrx_word' id='word_1_55' title='bbox 733 1717 967 1812; x_wconf 75' lang='lat' dir='ltr'><strong>metaphora:</strong></span> <span class='ocrx_word' id='word_1_56' title='bbox 994 1715 1088 1790; x_wconf 87' lang='lat' dir='ltr'><strong>sicut</strong></span> <span class='ocrx_word' id='word_1_57' title='bbox 1112 1715 1212 1788; x_wconf 93' lang='lat' dir='ltr'><strong>enim</strong></span> <span class='ocrx_word' id='word_1_58' title='bbox 1237 1714 1315 1789; x_wconf 87' lang='lat' dir='ltr'><strong>iera</strong></span> <span class='ocrx_word' id='word_1_59' title='bbox 1335 1714 1399 1789; x_wconf 92' lang='lat' dir='ltr'><strong>diu</strong></span> <span class='ocrx_word' id='word_1_60' title='bbox 1419 1721 1577 1810; x_wconf 79' lang='lat' dir='ltr'><strong>vagatur</strong></span> <span class='ocrx_word' id='word_1_61' title='bbox 1601 1719 1639 1786; x_wconf 90' lang='lat' dir='ltr'><strong>et</strong></span> <span class='ocrx_word' id='word_1_62' title='bbox 1662 1721 1821 1788; x_wconf 82' lang='lat' dir='ltr'><strong>venatur</strong></span> <span class='ocrx_word' id='word_1_63' title='bbox 1837 1733 1904 1808; x_wconf 88' lang='lat' dir='ltr'><strong>per</strong></span> 
     </span>
     <span class='ocr_line' id='line_1_8' title="bbox 732 1833 1903 1934; baseline -0.003 -22"><span class='ocrx_word' id='word_1_64' title='bbox 732 1838 885 1934; x_wconf 82' lang='lat' dir='ltr'><strong>sylvam,</strong></span> <span class='ocrx_word' id='word_1_65' title='bbox 912 1842 949 1911; x_wconf 91' lang='lat' dir='ltr'><strong>et</strong></span> <span class='ocrx_word' id='word_1_66' title='bbox 973 1843 1054 1932; x_wconf 90' lang='lat' dir='ltr'><strong>post</strong></span> <span class='ocrx_word' id='word_1_67' title='bbox 1078 1855 1207 1910; x_wconf 69' lang='lat' dir='ltr'><strong>omnm</strong></span> <span class='ocrx_word' id='word_1_68' title='bbox 1238 1835 1383 1910; x_wconf 81' lang='lat' dir='ltr'><strong>labores</strong></span> <span class='ocrx_word' id='word_1_69' title='bbox 1408 1833 1604 1928; x_wconf 86' lang='lat' dir='ltr'><strong>requiescit</strong></span> <span class='ocrx_word' id='word_1_70' title='bbox 1635 1833 1672 1906; x_wconf 92' lang='lat' dir='ltr'><strong>in</strong></span> <span class='ocrx_word' id='word_1_71' title='bbox 1699 1840 1825 1926; x_wconf 89' lang='lat' dir='ltr'><strong>antro;</strong></span> <span class='ocrx_word' id='word_1_72' title='bbox 1853 1833 1903 1909; x_wconf 89' lang='lat' dir='ltr'><strong>ita</strong></span> 
     </span>
     <span class='ocr_line' id='line_1_9' title="bbox 733 1953 1904 2050; baseline -0.002 -18"><span class='ocrx_word' id='word_1_73' title='bbox 733 1957 937 2032; x_wconf 88' lang='lat' dir='ltr'><strong>intellectus</strong></span> <span class='ocrx_word' id='word_1_74' title='bbox 962 1956 998 2030; x_wconf 95' lang='lat' dir='ltr'><strong>in</strong></span> <span class='ocrx_word' id='word_1_75' title='bbox 1027 1956 1164 2030; x_wconf 92' lang='lat' dir='ltr'><strong>mundo</strong></span> <span class='ocrx_word' id='word_1_76' title='bbox 1188 1957 1251 2030; x_wconf 93' lang='lat' dir='ltr'><strong>diu</strong></span> <span class='ocrx_word' id='word_1_77' title='bbox 1270 1956 1481 2050; x_wconf 80' lang='lat' dir='ltr'><strong>speculatur</strong></span> <span class='ocrx_word' id='word_1_78' title='bbox 1506 1960 1543 2029; x_wconf 90' lang='lat' dir='ltr'><strong>et</strong></span> <span class='ocrx_word' id='word_1_79' title='bbox 1567 1953 1847 2048; x_wconf 89' lang='lat' dir='ltr'><strong>contemplatur,</strong></span> <span class='ocrx_word' id='word_1_80' title='bbox 1864 1960 1904 2030; x_wconf 89' lang='lat' dir='ltr'><strong>et</strong></span> 
     </span>
     <span class='ocr_line' id='line_1_10' title="bbox 732 2072 1904 2170; baseline -0.003 -18"><span class='ocrx_word' id='word_1_81' title='bbox 732 2097 938 2170; x_wconf 89' lang='lat' dir='ltr'><strong>numquam</strong></span> <span class='ocrx_word' id='word_1_82' title='bbox 965 2074 1117 2169; x_wconf 83' lang='lat' dir='ltr'><strong>quiescit</strong></span> <span class='ocrx_word' id='word_1_83' title='bbox 1144 2075 1211 2149; x_wconf 92' lang='lat' dir='ltr'><strong>nisi</strong></span> <span class='ocrx_word' id='word_1_84' title='bbox 1236 2075 1274 2148; x_wconf 92' lang='lat' dir='ltr'><strong>in</strong></span> <span class='ocrx_word' id='word_1_85' title='bbox 1299 2075 1378 2169; x_wconf 89' lang='lat' dir='ltr'><strong>ipso</strong></span> <span class='ocrx_word' id='word_1_86' title='bbox 1397 2074 1471 2150; x_wconf 91' lang='lat' dir='ltr'><strong>line</strong></span> <span class='ocrx_word' id='word_1_87' title='bbox 1490 2093 1577 2165; x_wconf 78' lang='lat' dir='ltr'><strong>suo:</strong></span> <span class='ocrx_word' id='word_1_88' title='bbox 1595 2073 1677 2147; x_wconf 86' lang='lat' dir='ltr'><strong>ideo</strong></span> <span class='ocrx_word' id='word_1_89' title='bbox 1694 2072 1797 2146; x_wconf 91' lang='lat' dir='ltr'><strong>dicit:</strong></span> <span class='ocrx_word' id='word_1_90' title='bbox 1816 2080 1904 2148; x_wconf 74' lang='lat' dir='ltr'><strong>msto</strong></span> 
     </span>
     <span class='ocr_line' id='line_1_11' title="bbox 732 2192 1905 2290; baseline -0.002 -20"><span class='ocrx_word' id='word_1_91' title='bbox 732 2199 792 2270; x_wconf 83' lang='lat' dir='ltr'><strong>ele</strong></span> <span class='ocrx_word' id='word_1_92' title='bbox 804 2199 923 2286; x_wconf 66' lang='lat' dir='ltr'><strong>pono</strong></span> <span class='ocrx_word' id='word_1_93' title='bbox 936 2198 1026 2286; x_wconf 80' lang='lat' dir='ltr'><strong>tta,</strong></span> <span class='ocrx_word' id='word_1_94' title='bbox 1039 2194 1143 2288; x_wconf 88' lang='lat' dir='ltr'><strong>idest,</strong></span> <span class='ocrx_word' id='word_1_95' title='bbox 1158 2195 1280 2270; x_wconf 90' lang='lat' dir='ltr'><strong>statim</strong></span> <span class='ocrx_word' id='word_1_96' title='bbox 1294 2215 1382 2269; x_wconf 89' lang='lat' dir='ltr'><strong>cum</strong></span> <span class='ocrx_word' id='word_1_97' title='bbox 1399 2193 1682 2290; x_wconf 84' lang='lat' dir='ltr'><strong>apprehenderit</strong></span> <span class='ocrx_word' id='word_1_98' title='bbox 1697 2192 1817 2286; x_wconf 91' lang='lat' dir='ltr'><strong>ipsum</strong></span> <span class='ocrx_word' id='word_1_99' title='bbox 1839 2213 1905 2268; x_wconf 85' lang='lat' dir='ltr'><strong>ve·</strong></span> 
     </span>
     <span class='ocr_line' id='line_1_12' title="bbox 734 2287 1906 2408; baseline -0.003 -19"><span class='ocrx_word' id='word_1_100' title='bbox 734 2336 831 2390; x_wconf 92' lang='lat' dir='ltr'><strong>rum.</strong></span> <span class='ocrx_word' id='word_1_101' title='bbox 859 2315 902 2388; x_wconf 79' lang='lat' dir='ltr'><strong>lit</strong></span> <span class='ocrx_word' id='word_1_102' title='bbox 927 2313 1042 2389; x_wconf 85' lang='lat' dir='ltr'><strong>addit:</strong></span> <span class='ocrx_word' id='word_1_103' title='bbox 1061 2335 1080 2388; x_wconf 87' lang='lat' dir='ltr'><strong>e</strong></span> <span class='ocrx_word' id='word_1_104' title='bbox 1100 2317 1404 2408; x_wconf 60' lang='lat' dir='ltr'><strong>platonemque:</strong></span> <span class='ocrx_word' id='word_1_105' title='bbox 1431 2312 1640 2405; x_wconf 84' lang='lat' dir='ltr'><strong>benedicit,</strong></span> <span class='ocrx_word' id='word_1_106' title='bbox 1662 2332 1747 2387; x_wconf 90' lang='lat' dir='ltr'><strong>nam</strong></span> <span class='ocrx_word' id='word_1_107' title='bbox 1768 2287 1906 2407; x_wconf 74' lang='lat' dir='ltr'><strong>impos-</strong></span> 
     </span>
     <span class='ocr_line' id='line_1_13' title="bbox 734 2433 1907 2530; baseline 0 -20"><span class='ocrx_word' id='word_1_108' title='bbox 734 2436 835 2510; x_wconf 90' lang='lat' dir='ltr'><strong>sibile</strong></span> <span class='ocrx_word' id='word_1_109' title='bbox 861 2442 916 2510; x_wconf 89' lang='lat' dir='ltr'><strong>est</strong></span> <span class='ocrx_word' id='word_1_110' title='bbox 942 2435 1141 2530; x_wconf 80' lang='lat' dir='ltr'><strong>procedere</strong></span> <span class='ocrx_word' id='word_1_111' title='bbox 1166 2435 1204 2508; x_wconf 94' lang='lat' dir='ltr'><strong>in</strong></span> <span class='ocrx_word' id='word_1_112' title='bbox 1229 2434 1409 2509; x_wconf 86' lang='lat' dir='ltr'><strong>inlinitum</strong></span> <span class='ocrx_word' id='word_1_113' title='bbox 1437 2434 1473 2508; x_wconf 94' lang='lat' dir='ltr'><strong>in</strong></span> <span class='ocrx_word' id='word_1_114' title='bbox 1504 2434 1625 2509; x_wconf 89' lang='lat' dir='ltr'><strong>causis</strong></span> <span class='ocrx_word' id='word_1_115' title='bbox 1654 2433 1835 2527; x_wconf 87' lang='lat' dir='ltr'><strong>finalibus,</strong></span> <span class='ocrx_word' id='word_1_116' title='bbox 1860 2455 1907 2510; x_wconf 90' lang='lat' dir='ltr'><strong>eo</strong></span> 
     </span>
    </p>
   </div>
   <div class='ocr_carea' id='block_1_3' title="bbox 604 2553 1907 2654">
    <p class='ocr_par' dir='ltr' id='par_1_3' title="bbox 604 2553 1907 2654">
     <span class='ocr_line' id='line_1_14' title="bbox 604 2553 1907 2654; baseline -0.001 -25"><span class='ocrx_word' id='word_1_117' title='bbox 604 2639 610 2654; x_wconf 32' lang='lat'>¹</span> <span class='ocrx_word' id='word_1_118' title='bbox 735 2557 833 2650; x_wconf 88' lang='lat' dir='ltr'><strong>qnod</strong></span> <span class='ocrx_word' id='word_1_119' title='bbox 858 2555 1078 2630; x_wconf 83' lang='lat' dir='ltr'><strong>desiderium</strong></span> <span class='ocrx_word' id='word_1_120' title='bbox 1105 2557 1312 2630; x_wconf 88' lang='lat' dir='ltr'><strong>humanum</strong></span> <span class='ocrx_word' id='word_1_121' title='bbox 1342 2562 1439 2630; x_wconf 79' lang='lat' dir='ltr'><strong>esset</strong></span> <span class='ocrx_word' id='word_1_122' title='bbox 1470 2574 1630 2630; x_wconf 85' lang='lat' dir='ltr'><strong>vacnum</strong></span> <span class='ocrx_word' id='word_1_123' title='bbox 1657 2553 1838 2647; x_wconf 76' lang='lat' dir='ltr'><strong>etimne,</strong></span> <span class='ocrx_word' id='word_1_124' title='bbox 1864 2561 1907 2629; x_wconf 92' lang='lat' dir='ltr'><strong>ut</strong></span> 
     </span>
    </p>
   </div>
   <div class='ocr_carea' id='block_1_4' title="bbox 733 2675 1914 4691">
    <p class='ocr_par' dir='ltr' id='par_1_4' title="bbox 733 2675 1914 4691">
     <span class='ocr_line' id='line_1_15' title="bbox 735 2675 1908 2771; baseline -0.002 -20"><span class='ocrx_word' id='word_1_125' title='bbox 735 2682 834 2771; x_wconf 90' lang='lat' dir='ltr'><strong>patet</strong></span> <span class='ocrx_word' id='word_1_126' title='bbox 858 2676 1020 2752; x_wconf 90' lang='lat' dir='ltr'><strong>seeundo</strong></span> <span class='ocrx_word' id='word_1_127' title='bbox 1045 2675 1321 2771; x_wconf 78' lang='lat' dir='ltr'><strong>metaphysioae3</strong></span> <span class='ocrx_word' id='word_1_128' title='bbox 1345 2699 1384 2749; x_wconf 82' lang='lat' dir='ltr'><strong>se</strong></span> <span class='ocrx_word' id='word_1_129' title='bbox 1406 2697 1480 2750; x_wconf 83' lang='lat' dir='ltr'><strong>non</strong></span> <span class='ocrx_word' id='word_1_130' title='bbox 1503 2679 1643 2750; x_wconf 73' lang='grc' dir='ltr'><strong>οἰαεοιιη</strong></span> <span class='ocrx_word' id='word_1_131' title='bbox 1659 2677 1749 2748; x_wconf 65' lang='lat' dir='ltr'><strong>msto</strong></span> <span class='ocrx_word' id='word_1_132' title='bbox 1763 2675 1908 2750; x_wconf 66' lang='lat' dir='ltr'><strong>mette</strong></span> 
     </span>
     <span class='ocr_line' id='line_1_16' title="bbox 733 2794 1905 2891; baseline -0.002 -21"><span class='ocrx_word' id='word_1_133' title='bbox 733 2801 894 2891; x_wconf 57' lang='lat' dir='ltr'><strong>strom</strong></span> <span class='ocrx_word' id='word_1_134' title='bbox 920 2816 1005 2871; x_wconf 93' lang='lat' dir='ltr'><strong>cnm</strong></span> <span class='ocrx_word' id='word_1_135' title='bbox 1033 2800 1159 2870; x_wconf 71' lang='lat' dir='ltr'><strong>umen</strong></span> <span class='ocrx_word' id='word_1_136' title='bbox 1183 2795 1401 2871; x_wconf 89' lang='lat' dir='ltr'><strong>naturaliter</strong></span> <span class='ocrx_word' id='word_1_137' title='bbox 1417 2815 1547 2871; x_wconf 89' lang='lat' dir='ltr'><strong>omnes</strong></span> <span class='ocrx_word' id='word_1_138' title='bbox 1568 2794 1776 2870; x_wconf 80' lang='lat' dir='ltr'><strong>desiderent</strong></span> <span class='ocrx_word' id='word_1_139' title='bbox 1800 2795 1905 2870; x_wconf 87' lang='lat' dir='ltr'><strong>scire.</strong></span> 
     </span>
     <span class='ocr_line' id='line_1_17' title="bbox 735 2911 1907 3009; baseline 0.002 -19"><span class='ocrx_word' id='word_1_140' title='bbox 735 2957 784 2972; x_wconf 90' lang='lat'><em>-</em></span> <span class='ocrx_word' id='word_1_141' title='bbox 798 2920 920 2991; x_wconf 83' lang='lat' dir='ltr'><strong>Nosce.</strong></span> <span class='ocrx_word' id='word_1_142' title='bbox 947 2916 1012 2992; x_wconf 88' lang='lat' dir='ltr'><strong>llic</strong></span> <span class='ocrx_word' id='word_1_143' title='bbox 1036 2921 1146 2990; x_wconf 90' lang='lat' dir='ltr'><strong>autor</strong></span> <span class='ocrx_word' id='word_1_144' title='bbox 1172 2915 1328 2992; x_wconf 85' lang='lat' dir='ltr'><strong>ostendit</strong></span> <span class='ocrx_word' id='word_1_145' title='bbox 1352 2911 1539 3009; x_wconf 92' lang='lat' dir='ltr'><strong>quomodo</strong></span> <span class='ocrx_word' id='word_1_146' title='bbox 1568 2914 1615 2990; x_wconf 90' lang='lat' dir='ltr'><strong>de</strong></span> <span class='ocrx_word' id='word_1_147' title='bbox 1641 2921 1774 2990; x_wconf 87' lang='lat' dir='ltr'><strong>natura</strong></span> <span class='ocrx_word' id='word_1_148' title='bbox 1800 2914 1907 2992; x_wconf 86' lang='lat' dir='ltr'><strong>intel·</strong></span> 
     </span>
     <span class='ocr_line' id='line_1_18' title="bbox 735 3033 1906 3132; baseline -0.003 -21"><span class='ocrx_word' id='word_1_149' title='bbox 735 3037 852 3112; x_wconf 91' lang='lat' dir='ltr'><strong>lectus</strong></span> <span class='ocrx_word' id='word_1_150' title='bbox 877 3041 932 3110; x_wconf 91' lang='lat' dir='ltr'><strong>est</strong></span> <span class='ocrx_word' id='word_1_151' title='bbox 956 3035 1145 3129; x_wconf 90' lang='lat' dir='ltr'><strong>inquirere</strong></span> <span class='ocrx_word' id='word_1_152' title='bbox 1170 3041 1208 3109; x_wconf 93' lang='lat' dir='ltr'><strong>et</strong></span> <span class='ocrx_word' id='word_1_153' title='bbox 1238 3035 1458 3132; x_wconf 75' lang='lat' dir='ltr'><strong>investigare</strong></span> <span class='ocrx_word' id='word_1_154' title='bbox 1490 3033 1662 3109; x_wconf 93' lang='lat' dir='ltr'><strong>ultimum</strong></span> <span class='ocrx_word' id='word_1_155' title='bbox 1694 3033 1817 3129; x_wconf 82' lang='lat' dir='ltr'><strong>finem,</strong></span> <span class='ocrx_word' id='word_1_156' title='bbox 1843 3035 1906 3129; x_wconf 94' lang='lat' dir='ltr'><strong>qui</strong></span> 
     </span>
     <span class='ocr_line' id='line_1_19' title="bbox 736 3153 1907 3250; baseline 0 -20"><span class='ocrx_word' id='word_1_157' title='bbox 736 3161 791 3230; x_wconf 90' lang='lat' dir='ltr'><strong>est</strong></span> <span class='ocrx_word' id='word_1_158' title='bbox 816 3155 965 3230; x_wconf 86' lang='lat' dir='ltr'><strong>inlicitas</strong></span> <span class='ocrx_word' id='word_1_159' title='bbox 990 3153 1221 3250; x_wconf 89' lang='lat' dir='ltr'><strong>procedendo</strong></span> <span class='ocrx_word' id='word_1_160' title='bbox 1237 3153 1285 3229; x_wconf 89' lang='lat' dir='ltr'><strong>de</strong></span> <span class='ocrx_word' id='word_1_161' title='bbox 1302 3175 1376 3229; x_wconf 91' lang='lat' dir='ltr'><strong>nna</strong></span> <span class='ocrx_word' id='word_1_162' title='bbox 1393 3154 1549 3230; x_wconf 81' lang='lat' dir='ltr'><strong>veritate</strong></span> <span class='ocrx_word' id='word_1_163' title='bbox 1564 3153 1710 3250; x_wconf 80' lang='lat' dir='ltr'><strong>cognita</strong></span> <span class='ocrx_word' id='word_1_164' title='bbox 1732 3154 1779 3230; x_wconf 88' lang='lat' dir='ltr'><strong>ad</strong></span> <span class='ocrx_word' id='word_1_165' title='bbox 1796 3155 1907 3230; x_wconf 89' lang='lat' dir='ltr'><strong>aliam</strong></span> 
     </span>
     <span class='ocr_line' id='line_1_20' title="bbox 737 3274 1908 3371; baseline 0.001 -21"><span class='ocrx_word' id='word_1_166' title='bbox 737 3275 1039 3371; x_wconf 84' lang='lat' dir='ltr'><strong>cognoscendam.</strong></span> <span class='ocrx_word' id='word_1_167' title='bbox 1058 3274 1151 3349; x_wconf 88' lang='lat' dir='ltr'><strong>Dicit</strong></span> <span class='ocrx_word' id='word_1_168' title='bbox 1168 3295 1276 3371; x_wconf 83' lang='lat' dir='ltr'><strong>ergo:</strong></span> <span class='ocrx_word' id='word_1_169' title='bbox 1298 3278 1333 3348; x_wconf 86' lang='lat' dir='ltr'><strong>Il</strong></span> <span class='ocrx_word' id='word_1_170' title='bbox 1346 3275 1471 3348; x_wconf 78' lang='lat' dir='ltr'><strong>dultin</strong></span> <span class='ocrx_word' id='word_1_171' title='bbox 1488 3295 1593 3348; x_wconf 76' lang='lat' dir='ltr'><strong>nasce</strong></span> <span class='ocrx_word' id='word_1_172' title='bbox 1606 3295 1675 3367; x_wconf 75' lang='lat' dir='ltr'><strong>per</strong></span> <span class='ocrx_word' id='word_1_173' title='bbox 1691 3278 1816 3369; x_wconf 85' lang='lat' dir='ltr'><strong>quello,</strong></span> <span class='ocrx_word' id='word_1_174' title='bbox 1837 3277 1908 3351; x_wconf 90' lang='lat' dir='ltr'><strong>sci-</strong></span> 
     </span>
     <span class='ocr_line' id='line_1_21' title="bbox 737 3390 1908 3489; baseline 0.002 -21"><span class='ocrx_word' id='word_1_175' title='bbox 737 3394 831 3488; x_wconf 91' lang='lat' dir='ltr'><strong>licet,</strong></span> <span class='ocrx_word' id='word_1_176' title='bbox 857 3394 1093 3488; x_wconf 87' lang='lat' dir='ltr'><strong>intellectum,</strong></span> <span class='ocrx_word' id='word_1_177' title='bbox 1119 3390 1224 3488; x_wconf 72' lang='lat' dir='ltr'><strong>appii</strong></span> <span class='ocrx_word' id='word_1_178' title='bbox 1237 3396 1295 3468; x_wconf 84' lang='lat' dir='ltr'><strong>det</strong></span> <span class='ocrx_word' id='word_1_179' title='bbox 1317 3415 1415 3487; x_wconf 82' lang='lat' dir='ltr'><strong>vero,</strong></span> <span class='ocrx_word' id='word_1_180' title='bbox 1440 3393 1546 3488; x_wconf 89' lang='lat' dir='ltr'><strong>qnasi</strong></span> <span class='ocrx_word' id='word_1_181' title='bbox 1574 3393 1682 3489; x_wconf 89' lang='lat' dir='ltr'><strong>dicat,</strong></span> <span class='ocrx_word' id='word_1_182' title='bbox 1708 3394 1805 3488; x_wconf 94' lang='lat' dir='ltr'><strong>qnod</strong></span> <span class='ocrx_word' id='word_1_183' title='bbox 1833 3417 1908 3470; x_wconf 90' lang='lat' dir='ltr'><strong>nna</strong></span> 
     </span>
     <span class='ocr_line' id='line_1_22' title="bbox 735 3512 1910 3608; baseline 0.001 -21"><span class='ocrx_word' id='word_1_184' title='bbox 735 3512 962 3588; x_wconf 89' lang='lat' dir='ltr'><strong>dubitatione</strong></span> <span class='ocrx_word' id='word_1_185' title='bbox 986 3513 1127 3588; x_wconf 85' lang='lat' dir='ltr'><strong>succisa</strong></span> <span class='ocrx_word' id='word_1_186' title='bbox 1153 3513 1190 3586; x_wconf 93' lang='lat' dir='ltr'><strong>in</strong></span> <span class='ocrx_word' id='word_1_187' title='bbox 1215 3513 1402 3588; x_wconf 84' lang='lat' dir='ltr'><strong>intellectu</strong></span> <span class='ocrx_word' id='word_1_188' title='bbox 1428 3514 1633 3589; x_wconf 88' lang='lat' dir='ltr'><strong>renascitur</strong></span> <span class='ocrx_word' id='word_1_189' title='bbox 1657 3515 1740 3608; x_wconf 86' lang='lat' dir='ltr'><strong>alia,</strong></span> <span class='ocrx_word' id='word_1_190' title='bbox 1760 3536 1786 3588; x_wconf 84' lang='lat' dir='ltr'><strong>a</strong></span> <span class='ocrx_word' id='word_1_191' title='bbox 1806 3519 1910 3604; x_wconf 75' lang='lat' dir='ltr'><strong>patira</strong></span> 
     </span>
     <span class='ocr_line' id='line_1_23' title="bbox 737 3626 1910 3729; baseline 0.002 -21"><span class='ocrx_word' id='word_1_192' title='bbox 737 3636 775 3708; x_wconf 84' lang='lat' dir='ltr'><strong>di</strong></span> <span class='ocrx_word' id='word_1_193' title='bbox 797 3637 986 3727; x_wconf 69' lang='lat' dir='ltr'><strong>rompono,</strong></span> <span class='ocrx_word' id='word_1_194' title='bbox 1012 3634 1114 3728; x_wconf 89' lang='lat' dir='ltr'><strong>idest,</strong></span> <span class='ocrx_word' id='word_1_195' title='bbox 1132 3633 1289 3728; x_wconf 92' lang='lat' dir='ltr'><strong>pnllonis</strong></span> <span class='ocrx_word' id='word_1_196' title='bbox 1308 3634 1387 3709; x_wconf 89' lang='lat' dir='ltr'><strong>sive</strong></span> <span class='ocrx_word' id='word_1_197' title='bbox 1403 3635 1546 3729; x_wconf 68' lang='lat' dir='ltr'><strong>plantae,</strong></span> <span class='ocrx_word' id='word_1_198' title='bbox 1564 3655 1649 3728; x_wconf 82' lang='lat' dir='ltr'><strong>quae</strong></span> <span class='ocrx_word' id='word_1_199' title='bbox 1666 3635 1713 3710; x_wconf 91' lang='lat' dir='ltr'><strong>de</strong></span> <span class='ocrx_word' id='word_1_200' title='bbox 1729 3655 1826 3710; x_wconf 87' lang='lat' dir='ltr'><strong>noro</strong></span> <span class='ocrx_word' id='word_1_201' title='bbox 1843 3626 1910 3710; x_wconf 78' lang='lat' dir='ltr'><strong>na-=</strong></span> 
     </span>
     <span class='ocr_line' id='line_1_24' title="bbox 738 3752 1910 3849; baseline 0.001 -20"><span class='ocrx_word' id='word_1_202' title='bbox 738 3753 851 3829; x_wconf 88' lang='lat' dir='ltr'><strong>scitur</strong></span> <span class='ocrx_word' id='word_1_203' title='bbox 872 3754 1088 3830; x_wconf 90' lang='lat' dir='ltr'><strong>naturaliter</strong></span> <span class='ocrx_word' id='word_1_204' title='bbox 1104 3755 1240 3830; x_wconf 88' lang='lat' dir='ltr'><strong>arbore</strong></span> <span class='ocrx_word' id='word_1_205' title='bbox 1256 3754 1416 3849; x_wconf 78' lang='lat' dir='ltr'><strong>succisa:</strong></span> <span class='ocrx_word' id='word_1_206' title='bbox 1433 3762 1467 3829; x_wconf 84' lang='lat' dir='ltr'><strong>et</strong></span> <span class='ocrx_word' id='word_1_207' title='bbox 1482 3752 1648 3829; x_wconf 77' lang='lat' dir='ltr'><strong>ductura</strong></span> <span class='ocrx_word' id='word_1_208' title='bbox 1663 3758 1764 3828; x_wconf 80' lang='lat' dir='ltr'><strong>ed&#39;nt</strong></span> <span class='ocrx_word' id='word_1_209' title='bbox 1776 3777 1910 3830; x_wconf 80' lang='lat' dir='ltr'><strong>sommo</strong></span> 
     </span>
     <span class='ocr_line' id='line_1_25' title="bbox 736 3873 1910 3968; baseline 0.003 -22"><span class='ocrx_word' id='word_1_210' title='bbox 736 3877 842 3967; x_wconf 79' lang='lat' dir='ltr'><strong>pinpe</strong></span> <span class='ocrx_word' id='word_1_211' title='bbox 866 3877 939 3965; x_wconf 84' lang='lat' dir='ltr'><strong>noi,</strong></span> <span class='ocrx_word' id='word_1_212' title='bbox 960 3873 1062 3968; x_wconf 90' lang='lat' dir='ltr'><strong>idest,</strong></span> <span class='ocrx_word' id='word_1_213' title='bbox 1080 3874 1127 3948; x_wconf 89' lang='lat' dir='ltr'><strong>ad</strong></span> <span class='ocrx_word' id='word_1_214' title='bbox 1143 3895 1330 3950; x_wconf 86' lang='lat' dir='ltr'><strong>summam</strong></span> <span class='ocrx_word' id='word_1_215' title='bbox 1349 3873 1542 3949; x_wconf 86' lang='lat' dir='ltr'><strong>veritatem</strong></span> <span class='ocrx_word' id='word_1_216' title='bbox 1559 3881 1598 3948; x_wconf 90' lang='lat' dir='ltr'><strong>et</strong></span> <span class='ocrx_word' id='word_1_217' title='bbox 1613 3873 1821 3951; x_wconf 83' lang='lat' dir='ltr'><strong>lelicitatem</strong></span> <span class='ocrx_word' id='word_1_218' title='bbox 1840 3875 1910 3950; x_wconf 88' lang='lat' dir='ltr'><strong>im-</strong></span> 
     </span>
     <span class='ocr_line' id='line_1_26' title="bbox 740 3994 1910 4093; baseline 0.005 -25"><span class='ocrx_word' id='word_1_219' title='bbox 740 3994 839 4090; x_wconf 91' lang='lat' dir='ltr'><strong>pellit</strong></span> <span class='ocrx_word' id='word_1_220' title='bbox 864 4015 942 4089; x_wconf 89' lang='lat' dir='ltr'><strong>nos,</strong></span> <span class='ocrx_word' id='word_1_221' title='bbox 967 3997 1118 4070; x_wconf 80' lang='lat' dir='ltr'><strong>dicullo</strong></span> <span class='ocrx_word' id='word_1_222' title='bbox 1142 3999 1180 4068; x_wconf 83' lang='lat' dir='ltr'><strong>in</strong></span> <span class='ocrx_word' id='word_1_223' title='bbox 1203 3998 1306 4086; x_wconf 86' lang='lat' dir='ltr'><strong>collo,</strong></span> <span class='ocrx_word' id='word_1_224' title='bbox 1332 3995 1434 4089; x_wconf 89' lang='lat' dir='ltr'><strong>idest,</strong></span> <span class='ocrx_word' id='word_1_225' title='bbox 1460 3995 1507 4070; x_wconf 90' lang='lat' dir='ltr'><strong>de</strong></span> <span class='ocrx_word' id='word_1_226' title='bbox 1534 3995 1653 4092; x_wconf 80' lang='lat' dir='ltr'><strong>gradu</strong></span> <span class='ocrx_word' id='word_1_227' title='bbox 1678 3996 1716 4070; x_wconf 94' lang='lat' dir='ltr'><strong>in</strong></span> <span class='ocrx_word' id='word_1_228' title='bbox 1739 3997 1910 4093; x_wconf 80' lang='lat' dir='ltr'><strong>gradum.</strong></span> 
     </span>
     <span class='ocr_line' id='line_1_27' title="bbox 740 4113 1912 4212; baseline 0.005 -24"><span class='ocrx_word' id='word_1_229' title='bbox 740 4115 784 4189; x_wconf 87' lang='lat' dir='ltr'><strong>Et</strong></span> <span class='ocrx_word' id='word_1_230' title='bbox 809 4115 866 4190; x_wconf 87' lang='lat' dir='ltr'><strong>hic</strong></span> <span class='ocrx_word' id='word_1_231' title='bbox 892 4123 978 4191; x_wconf 92' lang='lat' dir='ltr'><strong>nota</strong></span> <span class='ocrx_word' id='word_1_232' title='bbox 1003 4115 1102 4208; x_wconf 92' lang='lat' dir='ltr'><strong>quod</strong></span> <span class='ocrx_word' id='word_1_233' title='bbox 1128 4122 1261 4191; x_wconf 85' lang='lat' dir='ltr'><strong>natura</strong></span> <span class='ocrx_word' id='word_1_234' title='bbox 1285 4113 1349 4188; x_wconf 89' lang='lat' dir='ltr'><strong>dat</strong></span> <span class='ocrx_word' id='word_1_235' title='bbox 1372 4114 1518 4189; x_wconf 88' lang='lat' dir='ltr'><strong>entibus</strong></span> <span class='ocrx_word' id='word_1_236' title='bbox 1542 4135 1609 4209; x_wconf 89' lang='lat' dir='ltr'><strong>per</strong></span> <span class='ocrx_word' id='word_1_237' title='bbox 1634 4116 1732 4210; x_wconf 91' lang='lat' dir='ltr'><strong>quod</strong></span> <span class='ocrx_word' id='word_1_238' title='bbox 1759 4127 1912 4212; x_wconf 86' lang='lat' dir='ltr'><strong>possunt</strong></span> 
     </span>
     <span class='ocr_line' id='line_1_28' title="bbox 739 4233 1911 4333; baseline 0.003 -23"><span class='ocrx_word' id='word_1_239' title='bbox 739 4234 921 4331; x_wconf 82' lang='lat' dir='ltr'><strong>attingere</strong></span> <span class='ocrx_word' id='word_1_240' title='bbox 937 4255 1024 4309; x_wconf 88' lang='lat' dir='ltr'><strong>suos</strong></span> <span class='ocrx_word' id='word_1_241' title='bbox 1041 4235 1142 4328; x_wconf 89' lang='lat' dir='ltr'><strong>lines,</strong></span> <span class='ocrx_word' id='word_1_242' title='bbox 1160 4234 1266 4309; x_wconf 86' lang='lat' dir='ltr'><strong>aliter</strong></span> <span class='ocrx_word' id='word_1_243' title='bbox 1282 4239 1501 4329; x_wconf 87' lang='lat' dir='ltr'><strong>operaretur</strong></span> <span class='ocrx_word' id='word_1_244' title='bbox 1518 4233 1666 4311; x_wconf 85' lang='lat' dir='ltr'><strong>trustra.</strong></span> <span class='ocrx_word' id='word_1_245' title='bbox 1683 4236 1781 4333; x_wconf 79' lang='lat' dir='ltr'><strong>Ergo</strong></span> <span class='ocrx_word' id='word_1_246' title='bbox 1799 4239 1911 4314; x_wconf 87' lang='lat' dir='ltr'><strong>homo</strong></span> 
     </span>
     <span class='ocr_line' id='line_1_29' title="bbox 740 4353 1913 4451; baseline 0.005 -22"><span class='ocrx_word' id='word_1_247' title='bbox 740 4360 859 4450; x_wconf 84' lang='lat' dir='ltr'><strong>potest</strong></span> <span class='ocrx_word' id='word_1_248' title='bbox 882 4355 1055 4450; x_wconf 85' lang='lat' dir='ltr'><strong>consequi</strong></span> <span class='ocrx_word' id='word_1_249' title='bbox 1074 4353 1185 4430; x_wconf 89' lang='lat' dir='ltr'><strong>finem</strong></span> <span class='ocrx_word' id='word_1_250' title='bbox 1202 4375 1326 4450; x_wconf 86' lang='lat' dir='ltr'><strong>suum,</strong></span> <span class='ocrx_word' id='word_1_251' title='bbox 1344 4355 1408 4450; x_wconf 94' lang='lat' dir='ltr'><strong>qui</strong></span> <span class='ocrx_word' id='word_1_252' title='bbox 1428 4360 1484 4430; x_wconf 80' lang='lat' dir='ltr'><strong>ent</strong></span> <span class='ocrx_word' id='word_1_253' title='bbox 1503 4354 1652 4430; x_wconf 80' lang='lat' dir='ltr'><strong>felicitas</strong></span> <span class='ocrx_word' id='word_1_254' title='bbox 1670 4377 1737 4451; x_wconf 92' lang='lat' dir='ltr'><strong>per</strong></span> <span class='ocrx_word' id='word_1_255' title='bbox 1757 4357 1913 4435; x_wconf 83' lang='lat' dir='ltr'><strong>virtutes</strong></span> 
     </span>
     <span class='ocr_line' id='line_1_30' title="bbox 739 4472 1913 4570; baseline 0.005 -22"><span class='ocrx_word' id='word_1_256' title='bbox 739 4472 928 4569; x_wconf 89' lang='lat' dir='ltr'><strong>operando</strong></span> <span class='ocrx_word' id='word_1_257' title='bbox 952 4479 989 4549; x_wconf 93' lang='lat' dir='ltr'><strong>et</strong></span> <span class='ocrx_word' id='word_1_258' title='bbox 1018 4473 1232 4570; x_wconf 84' lang='lat' dir='ltr'><strong>sapientiam</strong></span> <span class='ocrx_word' id='word_1_259' title='bbox 1263 4473 1508 4570; x_wconf 88' lang='lat' dir='ltr'><strong>speculando:</strong></span> <span class='ocrx_word' id='word_1_260' title='bbox 1533 4475 1646 4548; x_wconf 84' lang='lat' dir='ltr'><strong>homo</strong></span> <span class='ocrx_word' id='word_1_261' title='bbox 1674 4475 1773 4550; x_wconf 92' lang='lat' dir='ltr'><strong>enim</strong></span> <span class='ocrx_word' id='word_1_262' title='bbox 1804 4483 1913 4554; x_wconf 82' lang='lat' dir='ltr'><strong>natus</strong></span> 
     </span>
     <span class='ocr_line' id='line_1_31' title="bbox 741 4592 1914 4691; baseline 0.004 -23"><span class='ocrx_word' id='word_1_263' title='bbox 741 4601 798 4668; x_wconf 89' lang='lat' dir='ltr'><strong>est</strong></span> <span class='ocrx_word' id='word_1_264' title='bbox 822 4599 864 4667; x_wconf 91' lang='lat' dir='ltr'><strong>ut</strong></span> <span class='ocrx_word' id='word_1_265' title='bbox 885 4592 948 4669; x_wconf 85' lang='lat' dir='ltr'><strong>tint</strong></span> <span class='ocrx_word' id='word_1_266' title='bbox 968 4593 1074 4688; x_wconf 75' lang='lat' dir='ltr'><strong>felix:</strong></span> <span class='ocrx_word' id='word_1_267' title='bbox 1095 4593 1271 4688; x_wconf 86' lang='lat' dir='ltr'><strong>sapientia</strong></span> <span class='ocrx_word' id='word_1_268' title='bbox 1288 4613 1380 4691; x_wconf 76' lang='lat' dir='ltr'><strong>ergo</strong></span> <span class='ocrx_word' id='word_1_269' title='bbox 1395 4594 1566 4691; x_wconf 87' lang='lat' dir='ltr'><strong>supponit</strong></span> <span class='ocrx_word' id='word_1_270' title='bbox 1582 4594 1737 4672; x_wconf 86' lang='lat' dir='ltr'><strong>virtutes</strong></span> <span class='ocrx_word' id='word_1_271' title='bbox 1754 4598 1914 4673; x_wconf 84' lang='lat' dir='ltr'><strong>morales</strong></span> 
     </span>
    </p>
   </div>
   <div class='ocr_carea' id='block_1_5' title="bbox 742 4712 1913 5172">
    <p class='ocr_par' dir='ltr' id='par_1_5' title="bbox 742 4712 1913 5172">
     <span class='ocr_line' id='line_1_32' title="bbox 742 4712 1913 4815; baseline 0.005 -27"><span class='ocrx_word' id='word_1_272' title='bbox 742 4718 781 4788; x_wconf 90' lang='lat' dir='ltr'><strong>et</strong></span> <span class='ocrx_word' id='word_1_273' title='bbox 806 4712 1079 4809; x_wconf 87' lang='lat' dir='ltr'><strong>intellectuales,</strong></span> <span class='ocrx_word' id='word_1_274' title='bbox 1105 4714 1199 4788; x_wconf 91' lang='lat' dir='ltr'><strong>sicut</strong></span> <span class='ocrx_word' id='word_1_275' title='bbox 1229 4712 1310 4789; x_wconf 82' lang='lat' dir='ltr'><strong>finis</strong></span> <span class='ocrx_word' id='word_1_276' title='bbox 1339 4714 1377 4789; x_wconf 93' lang='lat' dir='ltr'><strong>in</strong></span> <span class='ocrx_word' id='word_1_277' title='bbox 1405 4735 1450 4791; x_wconf 89' lang='lat' dir='ltr'><strong>ea</strong></span> <span class='ocrx_word' id='word_1_278' title='bbox 1481 4735 1566 4809; x_wconf 77' lang='lat' dir='ltr'><strong>quae</strong></span> <span class='ocrx_word' id='word_1_279' title='bbox 1590 4721 1677 4790; x_wconf 89' lang='lat' dir='ltr'><strong>sunt</strong></span> <span class='ocrx_word' id='word_1_280' title='bbox 1707 4715 1754 4791; x_wconf 90' lang='lat' dir='ltr'><strong>ad</strong></span> <span class='ocrx_word' id='word_1_281' title='bbox 1782 4717 1913 4815; x_wconf 77' lang='lat' dir='ltr'><strong>linem:</strong></span> 
     </span>
     <span class='ocr_line' id='line_1_33' title="bbox 744 4831 1913 4930; baseline 0.007 -24"><span class='ocrx_word' id='word_1_282' title='bbox 744 4831 826 4907; x_wconf 91' lang='lat' dir='ltr'><strong>ideo</strong></span> <span class='ocrx_word' id='word_1_283' title='bbox 851 4832 983 4907; x_wconf 87' lang='lat' dir='ltr'><strong>dicitur</strong></span> <span class='ocrx_word' id='word_1_284' title='bbox 1003 4841 1190 4930; x_wconf 90' lang='lat' dir='ltr'><strong>postrema</strong></span> <span class='ocrx_word' id='word_1_285' title='bbox 1207 4833 1267 4910; x_wconf 88' lang='lat' dir='ltr'><strong>via</strong></span> <span class='ocrx_word' id='word_1_286' title='bbox 1283 4834 1470 4910; x_wconf 75' lang='lat' dir='ltr'><strong>doctrinae.</strong></span> <span class='ocrx_word' id='word_1_287' title='bbox 1483 4875 1534 4890; x_wconf 88' lang='lat'>-</span> <span class='ocrx_word' id='word_1_288' title='bbox 1549 4841 1683 4924; x_wconf 61' lang='lat' dir='ltr'><strong>Quoto.</strong></span> <span class='ocrx_word' id='word_1_289' title='bbox 1701 4837 1768 4912; x_wconf 88' lang='lat' dir='ltr'><strong>Hic</strong></span> <span class='ocrx_word' id='word_1_290' title='bbox 1784 4838 1913 4915; x_wconf 88' lang='lat' dir='ltr'><strong>ultimo</strong></span> 
     </span>
     <span class='ocr_line' id='line_1_34' title="bbox 744 4952 1912 5050; baseline 0.008 -26"><span class='ocrx_word' id='word_1_291' title='bbox 744 4952 878 5025; x_wconf 87' lang='lat' dir='ltr'><strong>Dantes</strong></span> <span class='ocrx_word' id='word_1_292' title='bbox 911 4972 957 5026; x_wconf 83' lang='lat' dir='ltr'><strong>ex</strong></span> <span class='ocrx_word' id='word_1_293' title='bbox 992 4954 1189 5048; x_wconf 78' lang='lat' dir='ltr'><strong>praemissis</strong></span> <span class='ocrx_word' id='word_1_294' title='bbox 1219 4953 1316 5028; x_wconf 89' lang='lat' dir='ltr'><strong>elicit</strong></span> <span class='ocrx_word' id='word_1_295' title='bbox 1346 4953 1585 5030; x_wconf 81' lang='lat' dir='ltr'><strong>intentionem</strong></span> <span class='ocrx_word' id='word_1_296' title='bbox 1614 4975 1734 5050; x_wconf 87' lang='lat' dir='ltr'><strong>suam,</strong></span> <span class='ocrx_word' id='word_1_297' title='bbox 1768 4955 1912 5032; x_wconf 83' lang='lat' dir='ltr'><strong>diceus:</strong></span> 
     </span>
     <span class='ocr_line' id='line_1_35' title="bbox 748 5072 1913 5172; baseline 0.008 -29"><span class='ocrx_word' id='word_1_298' title='bbox 748 5077 884 5167; x_wconf 77' lang='lat' dir='ltr'><strong>Questq</strong></span> <span class='ocrx_word' id='word_1_299' title='bbox 921 5072 1072 5168; x_wconf 86' lang='lat' dir='ltr'><strong>scilieet,</strong></span> <span class='ocrx_word' id='word_1_300' title='bbox 1106 5074 1275 5150; x_wconf 88' lang='lat' dir='ltr'><strong>naturale</strong></span> <span class='ocrx_word' id='word_1_301' title='bbox 1306 5074 1540 5171; x_wconf 82' lang='lat' dir='ltr'><strong>desiderium,</strong></span> <span class='ocrx_word' id='word_1_302' title='bbox 1574 5079 1759 5172; x_wconf 82' lang='lat' dir='ltr'><strong>m&#39;inoito,</strong></span> <span class='ocrx_word' id='word_1_303' title='bbox 1795 5085 1913 5171; x_wconf 75' lang='lat' dir='ltr'><strong>questo</strong></span> 
     </span>
    </p>
   </div>
   <div class='ocr_carea' id='block_1_6' title="bbox 0 0 2312 6836">
    <p class='ocr_par' dir='ltr' id='par_1_6' title="bbox 0 0 2312 6836">
     <span class='ocr_line' id='line_1_36' title="bbox 0 0 2312 6836; baseline 0 0"><span class='ocrx_word' id='word_1_304' title='bbox 0 0 2312 6836; x_wconf 95' lang='lat' dir='ltr'><strong> </strong></span> 
     </span>
    </p>
   </div>
  </div>
 </body>
</html>
