4575 6842
734 1023 805 1089 478
1125 1036 1332 1093 couuuruu
1356 1039 1522 1093 ruuuorsr

731 1178 877 1275 sideret,
895 1180 1110 1277 possidendo
1136 1181 1346 1277 frueretur3
1365 1188 1402 1257 nt
1423 1202 1506 1257 eam
1527 1182 1598 1256 hoc
1618 1180 1728 1255 modo
1749 1180 1909 1256 distinxit

731 1306 773 1376 ut
796 1324 882 1398 pars
907 1302 944 1377 in
970 1303 1026 1377 sui
1052 1301 1212 1398 puritate
1238 1309 1484 1398 permaneret,
1502 1302 1638 1379 scilicet
1659 1302 1802 1399 angeli3
1823 1323 1908 1399 pars

731 1423 875 1518 corpori
908 1424 1144 1521 iungeretur,
1177 1423 1313 1499 scilicet
1345 1422 1480 1499 anima.
1518 1422 1603 1497 lden
1636 1423 1771 1498 auimae
1807 1444 1909 1498 asso-

732 1542 836 1618 ciatae
853 1550 941 1617 sunt
960 1544 1188 1639 corporibus,
1207 1543 1302 1618 utin
1328 1543 1380 1619 eis
1406 1542 1677 1618 famularentur
1702 1544 1779 1618 lieo
1793 1536 1842 1636 ζ’).
1859 1582 1908 1598 -

732 1668 766 1737 Ε
788 1666 912 1757 qnam.
938 1662 1003 1739 Hic
1030 1664 1159 1739 ultimo
1185 1662 1333 1739 Beatrix
1356 1684 1402 1739 ex
1423 1661 1526 1738 dictis
1543 1662 1650 1739 docet
1667 1683 1827 1760 arguere
1846 1684 1908 1739 re-

733 1785 998 1861 surrectionem
1026 1787 1277 1859 humanorum
1294 1804 1505 1879 corporum.
1523 1784 1577 1859 Ad
1597 1784 1695 1880 quod
1713 1791 1768 1859 est
1784 1785 1907 1881 primo

733 1905 935 1981 notandum
968 1905 1067 2001 quod
1099 1906 1276 1981 naturalis
1310 1905 1492 2001 appetitus
1529 1926 1602 1979 uon
1636 1905 1773 2001 patitur
1806 1906 1905 2002 quod

732 2026 855 2101 anima
873 2026 918 2100 sit
938 2028 1045 2122 plene
1061 2026 1181 2121 beata,
1201 2025 1266 2100 uisi
1288 2025 1505 2101 restituatur
1521 2024 1554 2100 ei
1572 2045 1725 2121 corpus:
1744 2025 1790 2099 ad
1807 2025 1906 2121 quod

733 2147 998 2222 resumendum
1032 2147 1142 2222 lrabet
1170 2146 1387 2222 naturaliter
1417 2144 1687 2221 inclinationem
1719 2146 1907 2241 insertam,

733 2265 819 2360 quia
845 2266 964 2342 omnis
990 2287 1050 2343 res
1085 2268 1142 2343 vel
1176 2267 1271 2343 bene
1302 2268 1362 2342 vel
1396 2266 1493 2341 male
1524 2266 1701 2341 merendo
1737 2266 1908 2342 laborans

732 2383 841 2460 debet
857 2387 1009 2481 praemio
1027 2386 1203 2484 gaudere,
1224 2388 1283 2463 vel
1301 2408 1409 2482 pneua
1426 2386 1612 2461 damnari:
1631 2392 1668 2461 et
1684 2386 1713 2460 si
1730 2387 1801 2463 alia
1818 2407 1907 2462 caro

733 2505 792 2579 vel
817 2505 911 2580 alius
935 2506 1082 2602 spiritus
1107 2514 1375 2601 assumeretur,
1394 2505 1488 2580 alius
1509 2512 1604 2581 esset
1620 2507 1733 2581 lromo
1751 2507 1814 2601 qui
1833 2527 1906 2582 uon

732 2622 834 2719 prius
860 2634 1061 2701 meruerat.
1079 2627 1172 2702 Dicit
1195 2648 1304 2724 ergo:
1322 2632 1356 2701 Ε
1371 2629 1498 2721 quina,
1518 2623 1621 2720 idest,
1640 2646 1686 2701 ex
1704 2646 1908 2723 argumen-

732 2744 778 2820 tis
802 2746 972 2842 superius
998 2747 1111 2844 iactis,
1126 2751 1215 2841 puni
1239 2754 1469 2840 argomentor
1493 2767 1643 2841 ancora,
1664 2753 1703 2821 tu
1724 2748 1907 2844 theologe,

733 2872 855 2940 vostra
887 2870 1126 2960 resurrezion,
1159 2867 1382 2943 resurrectio
1415 2874 1470 2942 est
1503 2866 1637 2942 animae
1671 2872 1710 2942 et
1742 2866 1907 2962 corporis

734 2995 854 3062 morte
879 2994 1134 3084 separatorum
1160 2988 1291 3064 iterata
1316 2988 1533 3063 coniunctio.
1552 2987 1597 3061 Et
1622 2987 1728 3062 docet
1753 2985 1904 3061 modum

733 3106 924 3204 arguendi,
951 3108 1091 3183 diceus:
1121 3131 1159 3183 sc
1194 3117 1229 3182 tu
1262 3111 1406 3202 mpmsi,
1432 3106 1534 3203 idest,
1561 3108 1696 3181 iterum
1727 3106 1844 3181 volvis
1870 3106 1905 3180 in

732 3228 857 3303 auimo
883 3227 918 3302 id
943 3227 1043 3323 quod
1069 3229 1149 3325 jam
1180 3228 1268 3303 dixit
1300 3229 1346 3303 de
1375 3228 1561 3304 creatione
1590 3228 1699 3324 primi
1729 3226 1906 3322 homiuis3

732 3369 829 3423 come
853 3350 876 3423 t'
887 3369 1020 3423 amona
1045 3369 1155 3422 carno
1175 3352 1261 3445 fessi
1285 3352 1416 3441 attera,
1433 3349 1536 3444 idest,
1553 3350 1648 3424 iacta
1666 3354 1721 3424 est
1746 3348 1907 3444 perlecta

732 3470 861 3545 allen
893 3467 972 3544 sine
1004 3469 1126 3544 medio
1161 3469 1255 3564 coeli,
1290 3472 1349 3543 cltc
1382 3473 1407 3543 li
1433 3473 1543 3563 primi
1569 3473 1714 3565 porculi
1743 3469 1910 3543 incumbi

730 3592 830 3685 sene.
859 3588 945 3664 Vult
970 3590 1110 3666 dicere:
1138 3590 1360 3665 resurrectio
1378 3590 1550 3686 arguitur
1566 3610 1646 3665 esse
1663 3589 1839 3685 possibilis
1861 3609 1907 3664 er

732 3712 815 3806 lroc,
842 3708 929 3805 quia
953 3731 1109 3806 corpora
1134 3711 1307 3787 suscitata
1337 3711 1522 3787 bonorum
1556 3711 1644 3787 licut
1674 3709 1796 3806 qualia
1827 3710 1908 3785 sue-

734 3838 821 3907 ruut
845 3832 882 3905 in
908 3832 1035 3927 primis
1060 3832 1284 3927 parentibus,
1306 3851 1391 3927 qum
1411 3831 1504 3907 iacta
1526 3832 1677 3906 luerunt
1696 3829 1907 3905 immediate

733 3974 756 4029 a
781 3953 857 4028 lieo
882 3952 962 4028 sinc
986 3953 1199 4049 operatione
1216 3952 1312 4048 coeli,
1334 3957 1371 4028 et
1388 3973 1462 4028 nou
1480 3972 1546 4048 per
1562 3951 1660 4027 riam
1679 3957 1821 4025 natura
1840 3970 1907 4047 ge-

733 4078 882 4148 neratae.
909 4071 1120 4148 Consanum
1147 4093 1238 4170 ergo
1263 4072 1408 4148 videtur
1433 4070 1533 4168 quod
1558 4072 1681 4146 anima
1704 4077 1784 4167 post
1805 4090 1907 4144 mor-

732 4198 809 4267 tem
836 4198 963 4267 utatur
987 4213 1128 4289 organo
1155 4200 1192 4267 et
1216 4191 1461 4268 instrumento
1497 4192 1535 4266 in
1565 4191 1681 4289 gloria
1714 4197 1750 4267 et
1784 4212 1906 4289 poeua,

734 4333 810 4408 quo
834 4312 872 4387 iu
896 4313 971 4389 vita
997 4334 1063 4388 usa
1089 4312 1207 4389 estin
1233 4312 1330 4388 bono
1355 4318 1393 4388 et
1419 4314 1527 4387 malo.

795 4575 823 4639 (¹)
839 4576 870 4626 B.
887 4588 903 4625 e
919 4580 943 4637 t,
959 4575 1023 4637 Deo,
1040 4581 1175 4628 atrorum
1191 4580 1219 4627 et
1233 4588 1366 4626 sommum
1382 4574 1481 4627 bonum
1497 4576 1759 4639 promererentur·
1769 4574 1795 4624 Ε
1813 4573 1908 4640 gratum

1189 4890 1453 4900 -a-——ss
