4575 6842
810 975 951 1030 clusus
976 973 1156 1041 ounnrus.
1498 958 1568 1027 383

393 1117 535 1194 literam
553 1119 692 1194 autoris
715 1118 838 1212 nostri,
857 1117 956 1213 qnod
974 1118 1050 1213 ipse
1068 1117 1169 1212 ponit
1181 1111 1219 1209 (¹)
1238 1120 1308 1192 hoc
1330 1139 1397 1214 per
1415 1119 1565 1194 modum

391 1239 686 1335 comparationis,
713 1258 787 1311 non
812 1237 997 1333 positionis
1025 1235 1347 1312 verm-Pcrclte'.
1367 1238 1433 1313 llic
1457 1247 1567 1314 antor

391 1360 547 1456 applicat
562 1359 675 1434 dictas
692 1357 1047 1453 comparationesad
1065 1356 1306 1451 propositum,
1320 1365 1359 1432 et
1374 1358 1459 1433 dicii
1479 1360 1567 1435 brc-

393 1480 487 1556 viter
512 1481 611 1576 quod
637 1480 713 1576 ipse
738 1477 907 1552 insimili
931 1483 1030 1552 stans
1053 1496 1253 1571 suspensus
1278 1477 1473 1553 interduo
1499 1501 1565 1555 sua

393 1600 503 1676 dubia
542 1621 615 1674 non
654 1605 797 1695 poterat
833 1619 1048 1695 praeponere
1082 1598 1241 1673 alterum
1273 1598 1450 1693 ipsorum,
1486 1600 1569 1676 licet

394 1725 489 1795 esset
514 1719 743 1795 avidissimus
769 1719 968 1812 quaerendi.
995 1717 1100 1793 Unde
1123 1717 1228 1792 dicit:
1248 1720 1414 1792 Pcrclr'io
1431 1739 1502 1792 oon
1521 1725 1570 1792 mi

393 1843 575 1934 riprende,
604 1840 705 1934 idest,
732 1861 804 1914 non
831 1861 964 1914 accuso
984 1860 1055 1934 me,
1073 1835 1119 1914 uc*
1140 1841 1357 1928 commuuio,
1379 1838 1481 1933 idest,
1499 1861 1569 1916 nec

393 1957 503 2032 lando
531 1979 601 2052 me,
626 1963 698 2032 s'io
722 1963 876 2052 cosmato
900 1961 987 2033 datii
1011 1962 1078 2032 mei
1101 1960 1230 2050 ductii,
1256 1957 1358 2054 idest,
1385 1959 1568 2054 incitatus,

265 2186 268 2192 ,
395 2080 773 2176 impulsusaduobus
790 2081 908 2155 dubiis
925 2079 1204 2173 subscribendis,
1223 2083 1312 2154 d’un
1329 2083 1448 2170 modo,
1466 2081 1567 2174 idest,
1702 2118 1705 2124 ·

393 2201 593 2295 aequaliter,
619 2204 653 2274 io
680 2205 727 2274 mi
750 2209 861 2295 tocco,
884 2201 971 2275 nihil
997 2201 1120 2275 dicens
1133 2192 1185 2293 (²),
1205 2203 1270 2294 poi
1293 2203 1422 2274 clt'ero
1447 2223 1565 2276 uccer-

393 2323 505 2414 surio,
534 2320 680 2414 scilicet,
707 2342 768 2396 me
805 2327 929 2396 tacere
958 2341 1003 2394 ex
1037 2341 1112 2415 quo
1143 2341 1216 2394 non
1249 2327 1416 2415 poteram
1446 2321 1568 2415 loqui3

395 2439 476 2515 ideo
500 2441 639 2515 subdit:
666 2444 702 2514 io
727 2443 776 2515 mi
799 2449 910 2535 tucca,
939 2440 1075 2516 scilicet
1099 2460 1187 2514 cum
1206 2440 1343 2537 lingua,
1364 2461 1424 2513 ma
1448 2444 1476 2514 it
1497 2443 1570 2514 mio

394 2563 496 2651 distr,
520 2561 771 2655 intrinsecum,
797 2564 918 2634 m'cro
944 2564 1089 2654 drpinto,
1116 2561 1219 2654 idest,
1243 2569 1371 2656 patens
1395 2568 1433 2636 et
1457 2581 1570 2657 appa-

396 2701 493 2774 rens,
519 2684 574 2754 c’t
598 2683 790 2756 dimontdur
814 2702 880 2754 coo
904 2683 982 2772 cilo,
1010 2680 1111 2773 idest,
1133 2686 1172 2754 et
1196 2680 1320 2774 petitio
1346 2681 1455 2755 simul
1481 2701 1568 2754 cum

395 2800 574 2876 desiderio
601 2800 862 2896 explicabatur,
887 2803 946 2874 uel
969 2802 1056 2892 uiso,
1082 2801 1174 2874 idest
1196 2801 1233 2874 in
1259 2800 1362 2893 facie,
1387 2805 1486 2874 assui
1506 2797 1570 2894 piri

396 2922 511 3008 coldo,
546 2920 648 3015 idest,
674 2919 874 2995 ferventius
905 2925 941 2994 et
972 2919 1219 3015 affectuosius,
1245 2923 1305 2993 cic
1336 2925 1477 2996 dutiuto
1504 2943 1571 3014 per

394 3043 537 3134 portur,
564 3041 667 3135 idest,
692 3061 806 3134 quam
832 3041 861 3114 si
887 3060 957 3136 ego
983 3041 1220 3135 explicassem
1248 3040 1380 3116 verbis.
1395 3045 1516 3116 -Fc'
1528 3034 1569 3116 ri.

396 3162 501 3236 Nune
525 3159 837 3236 Dantesintendit
864 3161 1097 3235 manifestare
1128 3182 1196 3234 sna
1227 3161 1357 3256 dnbia3
1388 3169 1426 3236 et
1449 3161 1571 3257 primo

396 3286 546 3376 apparat
571 3281 776 3356 Beatricem
803 3281 848 3354 ad
875 3282 946 3354 hoc
971 3300 1036 3376 per
1061 3281 1222 3356 nobilem
1243 3283 1570 3377 comparationem.

367 3401 448 3476 ‘Ad
482 3403 588 3476 cuius
621 3401 906 3477 declarationem
942 3409 997 3476 est
1032 3401 1300 3497 praesciendum
1334 3401 1445 3496 quod,
1478 3401 1572 3476 sicut

396 3521 571 3616 scriptum
598 3527 654 3596 est
678 3521 885 3618 Purgatorii
911 3521 1071 3616 capitulo
1088 3522 1198 3616 XXll‚
1223 3520 1350 3596 Daniel
1375 3520 1515 3617 positus
1535 3521 1572 3594 in

396 3642 604 3738 captivitate
635 3641 971 3717 Nabuchodonosor
998 3641 1095 3738 rogis
1120 3641 1348 3740 assyriorum
1382 3642 1419 3716 in
1448 3643 1572 3740 Baby·

396 3765 504 3859 lonia,
530 3765 625 3839 sicut
651 3765 807 3839 habetur
832 3762 989 3838 Danielis
1014 3764 1187 3858 secundo,
1212 3764 1342 3838 habuit
1367 3763 1573 3861 intelligen-

397 3885 486 3961 tiam
512 3885 678 3960 omninm
707 3884 888 3958 visionum
905 3888 943 3958 et
959 3883 1206 3978 somniorum3
1223 3905 1300 3978 qno
1319 3892 1487 3980 ternpore
1504 3905 1571 3960 rex

398 4005 475 4102 ipse
501 4005 584 4081 lecit
610 4003 776 4080 mirabile
800 4003 1010 4098 somnium;
1036 4003 1240 4098 quodcum
1259 4005 1316 4078 sui
1336 4005 1518 4100 sapientes
1535 4012 1574 4080 et

399 4126 619 4202 divinatores
644 4125 826 4202 nescirent
852 4143 1028 4200 revocare
1052 4124 1099 4199 ad
1127 4123 1344 4199 memoriam
1362 4124 1444 4200 eins
1466 4105 1573 4200 man-

399 4245 498 4322 davit
522 4267 651 4322 omnes
675 4245 840 4321 interfici.
872 4245 974 4320 'lunc
1004 4244 1131 4320 Daniel
1165 4245 1343 4320 revelavit
1374 4245 1573 4340 somnium,

400 4366 576 4462 videlicet,
603 4366 702 4462 quod
730 4388 793 4442 rex
821 4365 962 4441 viderat
987 4372 1147 4441 statuam
1173 4367 1257 4441 altae
1282 4373 1445 4460 staturae,
1466 4366 1574 4441 cuius

400 4493 509 4582 caput
535 4493 614 4560 erat
638 4509 686 4562 ex
703 4506 809 4580 auro,
829 4492 954 4580 pectus
972 4493 1009 4561 et
1027 4486 1175 4561 brachia
1193 4507 1240 4562 ex
1257 4493 1425 4584 argento,
1443 4497 1574 4564 venter

402 4612 438 4682 et
462 4608 601 4681 femora
629 4627 676 4681 ex
695 4625 811 4698 ramo,
829 4605 927 4679 tibiae
950 4605 1081 4682 ierreae
1105 4627 1192 4681 cum
1210 4606 1374 4700 pedihus,
1392 4607 1457 4682 sed
1478 4629 1576 4682 unus

400 4728 597 4825 digitorum
623 4727 882 4820 oraticnem,
908 4726 1002 4800 alter
1029 4733 1194 4801 terreus:
1221 4727 1367 4802 interim
1393 4728 1484 4823 lapis
1509 4748 1575 4804 ve·

402 4848 503 4923 niens
526 4847 573 4923 de
599 4853 724 4922 monte
750 4845 828 4920 sine
853 4844 1022 4919 monibus
1048 4846 1226 4940 percussit
1255 4847 1366 4943 pedes
1395 4854 1432 4922 et
1458 4853 1572 4921 totam

465 5064 708 5175 primulum*
900 5077 1188 5173 unumunurm.
