4575 6842
653 966 656 971 ¹
713 946 785 1013 294
1104 958 1309 1017 oouuuruu
1333 961 1501 1016 rantum

711 1102 939 1201 Augustinus
963 1104 1001 1179 in
1026 1104 1073 1180 de
1098 1104 1252 1183 Ciuitate
1276 1106 1353 1201 Dei,
1378 1106 1474 1183 sicut
1498 1112 1611 1182 nauta
1636 1104 1772 1181 navim.
1793 1104 1887 1181 Etsi

624 1258 627 1267 ·
710 1223 881 1299 obiicitur
901 1224 948 1301 de
966 1231 1067 1301 terra
1092 1246 1178 1321 quae
1198 1234 1254 1302 est
1273 1226 1479 1321 immobilis,
1500 1226 1696 1302 dicendum
1715 1224 1886 1321 estquod

712 1348 767 1419 cet
787 1364 919 1419 verum
937 1344 1060 1440 quoad
1077 1350 1233 1441 partem,
1253 1367 1326 1421 non
1344 1347 1467 1441 quoad
1485 1326 1615 1421 totomss
1629 1348 1683 1422 Er
1706 1366 1781 1443 quo
1799 1366 1890 1421 con·

711 1462 877 1538 tunditur
902 1466 1125 1563 nescioquis
1145 1469 1283 1543 Brutus
1303 1467 1550 1565 philosophus,
1571 1468 1635 1563 qui
1660 1468 1792 1543 asserit
1811 1473 1889 1543 ter·

713 1605 794 1657 rum
824 1585 914 1661 saiso
941 1588 1093 1682 moveri,
1120 1595 1163 1663 ut
1187 1587 1274 1664 dicit
1297 1588 1522 1681 Macrobios3
1553 1587 1619 1663 sed
1643 1608 1717 1662 non
1748 1588 1888 1661 miran-

711 1703 814 1798 dum,
828 1708 915 1800 quia
927 1714 1014 1783 ante
1025 1708 1221 1804 prandium
1239 1716 1321 1784 erat
1336 1707 1583 1805 phreneticus,
1595 1713 1678 1804 post
1689 1707 1885 1804 prandium

712 1825 837 1901 ebrius
863 1848 910 1903 ex
936 1828 1215 1925 consuetudine,
1231 1830 1281 1905 ita
1298 1829 1398 1923 quod
1423 1829 1504 1915 sibi·
1516 1828 1709 1904 uidebatur
1725 1828 1887 1904 circum·

711 1947 800 2021 terri
825 1947 999 2043 quicquid
1024 1950 1141 2025 oculis
1166 1952 1398 2026 occurrebat
1424 1952 1470 2025 Et
1493 1950 1546 2025 sic
1575 1948 1659 2025 vide
1682 1948 1783 2043 qood
1809 1948 1887 2023 iere

710 2087 823 2143 omne
850 2070 1006 2145 verbum
1034 2070 1138 2145 istius
1163 2072 1279 2147 literae
1304 2070 1414 2146 habet
1435 2069 1530 2147 inse
1547 2090 1724 2166 magnum
1749 2075 1887 2166 myste-

712 2186 808 2261 rium
828 2187 1030 2285 inclusum;
1046 2198 1195 2285 perrctro
1211 2214 1230 2264 e
1245 2194 1434 2285 rispteade,
1453 2190 1490 2265 in
1511 2192 1584 2266 hoc
1600 2189 1715 2286 tangit
1735 2188 1885 2284 amplis-

711 2306 842 2383 simam
869 2316 1086 2405 potestatem
1117 2311 1229 2386 huius
1257 2311 1397 2408 gioriae,
1424 2329 1509 2405 qoae
1525 2302 1562 2403 (¹)
1589 2329 1656 2405 pro
1686 2309 1887 2405 capacitate

712 2446 839 2501 rerum
867 2429 982 2525 reptet
1007 2452 1159 2507 omnem
1176 2437 1401 2525 creaturam,
1414 2452 1484 2523 per
1501 2433 1719 2523 intormem
1737 2428 1888 2505 univer-

710 2567 793 2621 sum
822 2549 955 2625 dicitur
980 2552 1080 2645 quod
1106 2552 1267 2627 continet
1283 2551 1420 2646 omnia,
1437 2550 1585 2646 scilicet,
1603 2551 1741 2626 coetum
1759 2556 1796 2625 et
1812 2555 1888 2624 ter-

712 2688 807 2764 ram,
833 2668 939 2745 aliter
971 2676 1096 2747 tamen
1123 2679 1161 2747 et
1193 2671 1320 2766 aitter3
1349 2671 1431 2747 ideo
1463 2671 1665 2766 prudenter
1699 2668 1815 2746 addit:
1847 2673 1887 2744 in

710 2810 784 2863 ano
796 2798 902 2883 porte
915 2786 990 2886 piri,
1018 2815 1037 2865 e
1061 2814 1164 2867 meno
1187 2796 1333 2867 ottrooe⁸
1360 2791 1463 2867 Unde
1488 2791 1572 2866 uolo
1598 2791 1657 2866 hic
1682 2796 1720 2866 tc
1744 2796 1885 2885 notare,

710 2910 837 3004 lector,
864 2912 964 3007 quod
988 2912 1306 3005 quemadmodum
1330 2911 1416 2986 dicit
1432 2911 1581 2986 Boetius
1600 2910 1638 2983 in
1654 2930 1723 2985 suo
1740 2910 1788 2984 de
1804 2909 1887 2983 oni·

711 3035 786 3104 tate
812 3031 920 3107 etde
946 3052 1039 3106 uno:
1065 3033 1095 3106 si
1122 3039 1197 3107 tres
1225 3033 1283 3107 vei
1310 3032 1435 3127 piures
1464 3031 1634 3105 terrestre
1658 3029 1786 3117 vitree
1811 3049 1885 3103 una

711 3155 791 3244 post
816 3150 926 3225 aliam
953 3159 1080 3228 contra
1107 3152 1253 3227 radium
1278 3152 1365 3227 sotis
1390 3160 1492 3227 recte
1507 3151 1746 3247 disponantur
1766 3151 1804 3225 in
1822 3171 1886 3225 or·

710 3270 806 3365 dine,
825 3278 967 3347 constat
988 3273 1088 3367 quod
1114 3273 1276 3349 secunda
1302 3273 1424 3348 minos
1444 3272 1571 3367 recipit
1595 3271 1644 3347 de
1667 3272 1751 3347 tuoe
1771 3290 1885 3365 qoam

710 3390 841 3487 prima,
868 3400 906 3469 et
931 3393 1039 3469 tertia
1065 3394 1189 3467 minus
1214 3413 1326 3489 quam
1353 3393 1526 3487 secunda,
1551 3398 1590 3469 et
1618 3391 1672 3467 sic
1696 3390 1887 3486 usquead

712 3510 879 3587 ultimam
906 3511 946 3588 iit
976 3512 1140 3588 deiectus
1173 3514 1332 3609 luminis,
1363 3535 1436 3588 non
1468 3520 1618 3609 pmpter
1650 3514 1787 3605 iumen,
1821 3510 1886 3587 sed

709 3637 860 3726 propter
873 3632 1144 3728 elongationem
1161 3634 1331 3709 fenestre
1349 3634 1478 3709 vitree
1493 3652 1517 3708 a
1534 3631 1692 3727 lumine;
1706 3632 1755 3706 ita
1768 3631 1886 3727 gioria

708 3750 838 3827 eterni
863 3752 948 3827 solis
975 3755 1057 3848 ptus
1078 3754 1221 3830 relucet
1238 3754 1274 3829 in
1291 3774 1426 3829 novem
1444 3752 1633 3830 ordinibus
1653 3752 1886 3849 angelorum,
1917 3767 1920 3771 ·

710 3869 832 3945 minus
858 3870 895 3945 in
920 3893 1055 3948 novem
1082 3874 1198 3969 speris
1223 3874 1418 3969 emiorum,
1445 3872 1567 3948 miuus
1596 3872 1634 3947 in
1666 3872 1781 3968 speris
1810 3872 1887 3947 eie·

710 3998 936 4087 mentorum,
957 3998 995 4067 et
1020 3992 1069 4067 ita
1086 3992 1133 4069 de
1150 3995 1304 4070 caeteris.
1323 3994 1499 4084 Quemvis
1520 3993 1618 4069 enim
1636 3993 1757 4089 prima
1773 4011 1886 4067 causa

710 4110 844 4187 existat
859 4112 898 4186 in
915 4112 1027 4187 rebus
1052 4115 1225 4190 omnibus
1241 4115 1445 4191 secondum
1471 4134 1584 4189 onam
1602 4113 1885 4210 dispositionem,

711 4237 837 4307 tamen
863 4252 1099 4330 unaqueque
1131 4256 1192 4310 res
1224 4236 1352 4331 recipit
1382 4255 1466 4311 eam
1496 4235 1700 4311 secondum
1731 4232 1884 4307 modum

711 4372 790 4427 soae
814 4352 1002 4449 potentiae3
1030 4375 1116 4429 nam
1150 4356 1320 4450 quedam
1351 4354 1532 4452 recipiunt
1562 4374 1647 4430 eam
1678 4352 1903 4450 receptionev

715 4472 834 4567 unica,
849 4475 1018 4569 quaedam
1036 4475 1291 4570 multiplicata3
1308 4474 1478 4570 quaedam
1498 4474 1677 4569 recipiunt
1694 4472 1808 4568 ipsam
1827 4490 1889 4547 re·

714 4594 881 4691 ceptione
906 4602 1055 4689 aeterne,
1076 4595 1245 4689 quaedam
1274 4595 1486 4692 temporaii;
1512 4593 1683 4689 quaedam
1709 4591 1889 4687 recipiunt
1986 4648 1990 4657 .

712 4734 797 4790 cam
814 4716 1023 4810 receptione
1039 4716 1228 4812 spirituaii,
1247 4716 1415 4811 quiedam
1431 4712 1630 4811 corporali:
1646 4719 1684 4788 et
1700 4711 1889 4787 diversitas

714 4833 865 4935 quidem
893 4836 1099 4931 recipientis
1124 4856 1199 4912 non
1226 4835 1266 4911 tit
1289 4856 1337 4911 ex
1357 4835 1477 4932 prima
1500 4854 1624 4927 causa,
1649 4831 1715 4907 sed
1740 4836 1888 4927 propter

774 5093 802 5159 (¹)
818 5094 843 5145 S.
860 5096 990 5159 quoniam.
