4575 6842
715 956 786 1025 tit
1106 968 1310 1025 conunruu
1336 968 1501 1023 remorer

710 1115 956 1209 praecipitatus
976 1121 1033 1191 est
1050 1114 1135 1208 quia
1155 1114 1349 1188 ridebatur
1366 1112 1542 1189 affectare
1563 1132 1739 1208 regnum:
1761 1112 1890 1189 deindo

709 1234 810 1309 Titus
835 1236 989 1334 Montius
1015 1235 1126 1331 impie
1151 1240 1331 1309 tractatus
1355 1254 1378 1307 a
1404 1240 1519 1328 patre,
1537 1231 1600 1325 qui
1627 1253 1716 1307 eum
1744 1234 1889 1309 tenebat

597 1364 619 1381 *
709 1354 747 1428 in
772 1377 862 1431 rnre
886 1357 934 1432 ad
959 1377 1073 1453 opera
1102 1355 1262 1447 servitia,
1289 1352 1456 1429 liberavit
1481 1358 1624 1448 patrem
1655 1355 1704 1427 ab
1735 1376 1889 1431 accusa·

709 1474 809 1551 tione
837 1478 983 1551 tribuni.
1002 1476 1101 1552 idem
1123 1476 1262 1573 galium
1285 1494 1403 1549 unum
1426 1493 1601 1548 senonem
1625 1482 1886 1567 provocantem

710 1596 796 1670 vicit
821 1598 857 1671 in
883 1598 1060 1695 singulari
1085 1596 1302 1690 certamine,
1327 1616 1348 1669 a
1376 1614 1452 1688 quo
1477 1593 1598 1668 occiso
1620 1600 1793 1688 torquem
1819 1617 1887 1691 au7

712 1737 814 1792 ream
831 1712 868 1811 (¹)
886 1718 1051 1812 extorsit,
1072 1723 1109 1792 et
1129 1716 1303 1811 imposuit
1319 1715 1413 1791 colio
1434 1736 1514 1807 suo,
1535 1717 1800 1811 propterquod
1822 1739 1886 1793 co-

710 1837 948 1933 gnominatus
973 1844 1029 1914 est
1052 1836 1272 1930 Torquatus,
1299 1842 1336 1911 et
1362 1854 1491 1910 omnes
1521 1834 1568 1909 de
1600 1835 1713 1929 stirpe
1736 1858 1814 1911 sua.
1842 1838 1886 1911 Et

708 1957 808 2034 idem
834 1960 897 2053 qui
918 1960 1039 2035 iuerat
1055 1958 1138 2054 pius
1155 1978 1245 2053 erga
1263 1962 1406 2052 patrem
1428 1956 1534 2056 nimis
1556 1955 1693 2063 rigidus
1714 1956 1781 2030 fuit
1797 1977 1886 2033 con-

711 2086 768 2154 tra
794 2080 928 2173 fitium,
954 2101 1040 2155 nam
1067 2079 1104 2153 in
1128 2079 1225 2153 beiio
1250 2078 1362 2153 latino
1388 2077 1593 2173 periculoso
1624 2076 1738 2151 filium
1765 2079 1885 2153 securi

709 2200 898 2294 percussit,
912 2200 974 2293 qui
995 2200 1148 2273 tatinum
1168 2204 1429 2292 provocantem
1444 2198 1561 2272 victor
1581 2198 1777 2291 occiderat,
1797 2198 1883 2291 quia

709 2326 839 2395 contra
870 2320 1030 2393 edictum
1061 2318 1254 2393 consulum
1286 2324 1527 2414 pugnaverat.
1565 2317 1609 2391 Et
1641 2318 1678 2390 in
1711 2338 1757 2393 eo
1790 2318 1887 2392 boiio

708 2439 804 2515 aiter
830 2442 957 2515 consui
983 2440 1115 2514 Decius
1142 2461 1228 2513 mor
1254 2458 1321 2533 pro
1340 2458 1408 2512 suo
1425 2438 1590 2513 exercitu
1615 2458 1656 2513 se
1673 2438 1830 2533 devovit,
1849 2450 1887 2517 et

711 2560 858 2635 irruens
884 2560 1033 2635 inermis
1053 2579 1142 2634 cum
1160 2580 1258 2652 equo
1274 2565 1403 2633 contra
1422 2558 1545 2631 hostes
1562 2558 1705 2632 occisus
1722 2568 1787 2633 est.
1807 2558 1886 2634 Nou

710 2680 848 2754 mirum
875 2700 966 2776 ergo
991 2679 1022 2753 si
1049 2678 1193 2753 romani
1216 2678 1405 2753 redierunt
1422 2696 1508 2751 cum
1527 2677 1679 2753 victoria
1698 2686 1735 2753 et
1754 2680 1886 2753 trium-

709 2802 791 2895 pbo.
803 2799 856 2874 nd
869 2800 1115 2897 cognitionem
1128 2798 1263 2887 Quintii
1281 2804 1336 2873 est
1352 2798 1540 2873 sciendum
1562 2798 1672 2893 quod,
1686 2800 1781 2873 sicut
1798 2802 1886 2875 scri-

557 3018 563 3029 ·
710 2920 763 2994 bit
787 2920 910 2994 Livius
934 2920 1028 2994 libro
1054 2920 1110 3011 ill,
1135 2918 1304 3007 Quintius
1329 2918 1562 2993 Cincinnatus
1584 2918 1779 3015 singularis
1804 2940 1886 3015 spes

710 3040 853 3136 imperii
879 3041 1002 3136 populi
1028 3040 1184 3132 romani,
1211 3059 1351 3136 pauper
1377 3040 1492 3115 iactus
1510 3060 1556 3114 ex
1580 3024 1907 3117 condemnatione·

710 3160 843 3235 iniusta
860 3181 972 3254 quam
992 3162 1153 3237 solverat
1170 3180 1236 3253 pro
1254 3160 1419 3235 Censone
1444 3159 1516 3234 titio
1543 3180 1612 3234 suo
1632 3160 1773 3255 juvene
1795 3182 1885 3256 pro-

711 3281 871 3374 bissimo,
898 3280 1087 3355 habitabat
1125 3280 1222 3354 ultra
1254 3279 1413 3355 Tiberim
1449 3300 1581 3355 vacans
1612 3281 1713 3375 operi
1749 3282 1886 3357 rustico

710 3402 858 3496 quando
885 3400 1082 3494 requisitus
1106 3408 1163 3475 est
1189 3400 1287 3493 quod
1313 3400 1431 3475 iactus
1455 3399 1610 3474 dictator
1640 3400 1782 3475 veniret
1811 3402 1885 3476 Ro-

711 3540 825 3614 mam,
843 3521 929 3614 quia
950 3520 1122 3593 Minutius
1147 3520 1275 3594 consui
1301 3541 1387 3593 cum
1407 3526 1482 3595 toto
1500 3520 1664 3595 exercitu
1692 3522 1728 3595 in
1756 3542 1885 3617 campo

711 3647 793 3716 erat
805 3641 976 3716 obsessus
992 3640 1041 3714 ab
1053 3639 1182 3734 AEquis
1197 3640 1360 3715 hostibus
1375 3660 1630 3715 romanorum:
1646 3642 1709 3735 qui
1724 3642 1885 3735 veniens,

710 3761 806 3837 iacto
830 3767 1010 3857 apparatu
1035 3781 1115 3854 suo,
1141 3760 1262 3836 statim
1290 3762 1430 3837 obsedit
1455 3764 1576 3837 bostes
1597 3764 1660 3858 qui
1687 3786 1884 3839 romanum

712 3882 917 3959 exercitum
936 3887 974 3955 et
989 3880 1179 3955 consulem
1198 3882 1416 3956 clauserant.
1440 3882 1482 3956 Et
1506 3883 1667 3959 breviter
1685 3884 1794 3978 AEqni
1812 3885 1884 3959 im-

711 4002 861 4099 pugnati
887 4001 934 4075 ab
961 4022 1035 4075 una
1065 4007 1169 4094 parte
1194 4022 1215 4074 a
1242 4000 1431 4097 dictatore,
1463 4004 1510 4077 ab
1543 4003 1658 4078 altera
1686 4026 1707 4078 a
1733 4006 1885 4082 consule

709 4122 928 4206 dediderunt
940 4142 991 4215 se,
1005 4142 1099 4214 quos
1116 4122 1152 4194 in
1171 4121 1316 4218 signum
1334 4122 1521 4197 servitutis
1538 4125 1607 4198 sub
1619 4126 1754 4222 jugum
1774 4127 1884 4221 misit,

710 4248 747 4318 et
781 4247 895 4316 totam
926 4240 1088 4335 praedam
1123 4241 1243 4315 scium
1278 4240 1375 4317 dedit
1410 4244 1485 4317 suis
1523 4244 1696 4321 militibus
1733 4248 1884 4323 consule

710 4369 864 4455 cassato,
882 4368 919 4435 et
944 4381 1031 4435 cum
1057 4360 1244 4456 triumpbo
1270 4362 1353 4437 iaete
1378 4363 1483 4438 rediit
1509 4371 1546 4439 et
1571 4364 1736 4461 spoliavit
1762 4386 1801 4441 se
1828 4367 1885 4442 di·

709 4490 854 4559 ctatura
880 4480 1150 4556 sextadecima
1176 4481 1246 4576 die,
1273 4503 1387 4577 quam
1417 4491 1542 4560 tamen
1573 4485 1609 4560 in
1642 4506 1706 4561 sex
1738 4508 1885 4565 menses

708 4609 913 4698 acceperat,
940 4602 988 4675 ita
1017 4609 1057 4676 ut
1080 4602 1128 4677 ad
1152 4602 1342 4677 dimissum
1368 4625 1461 4699 opus
1489 4606 1668 4681 rusticum
1689 4608 1810 4683 redire
1830 4609 1886 4683 vi·

708 4723 871 4799 deretur.
891 4722 1205 4819 recognitionem
1225 4725 1421 4801 Deciorum
1443 4734 1498 4801 est
1518 4728 1667 4803 brevius
1693 4730 1882 4806 sciendum

709 4844 810 4937 quod
834 4842 1037 4917 secundum
1063 4844 1207 4918 Livium
1233 4851 1272 4921 et
1294 4846 1385 4921 alios
1411 4847 1611 4943 historicos,
1633 4848 1707 4923 duo
1732 4849 1884 4925 merum

772 5100 802 5166 (¹)
817 5100 848 5151 B.
865 5100 932 5151 auri.
