4575 6842
756 977 898 1033 caurus
921 979 1112 1034 vrersruus
1137 980 1267 1035 nonus.
1528 969 1596 1036 187

425 1145 522 1199 rum.
549 1123 702 1220 Signum
730 1129 855 1198 autem
882 1123 961 1218 luit,
979 1123 1078 1218 quod
1104 1123 1193 1198 illud
1219 1125 1344 1199 lumen
1370 1126 1513 1200 clarum
1532 1147 1597 1200 su-

422 1244 499 1320 bito
524 1245 661 1319 lactum
687 1251 743 1318 est
769 1243 1017 1318 rubicundum
1043 1249 1080 1319 et
1110 1243 1335 1318 flammeum.
1362 1245 1438 1320 lloc
1468 1252 1594 1321 autem

390 1449 397 1460 ,
422 1365 648 1462 significabat
664 1364 763 1458 quod
779 1364 1120 1459 appropinquabant
1138 1371 1278 1458 septem
1297 1366 1515 1441 candelabra
1531 1388 1596 1439 ru-

423 1486 562 1561 tilantia
579 1493 616 1560 et
632 1485 808 1560 ardentia.
827 1484 1047 1581 Dicit-ergo:
1068 1487 1238 1558 Mndr‘io
1256 1487 1301 1558 ιη’
1315 1487 1473 1576 anduno,
1492 1486 1593 1578 idest,

423 1605 569 1680 interim
585 1605 676 1679 dum
694 1605 805 1697 ibam,
818 1612 902 1678 tutto
918 1625 1073 1697 sospem,
1092 1604 1196 1698 idest,
1211 1605 1492 1700 cogitabundus
1510 1605 1595 1679 abs·

422 1733 572 1819 tractus,
598 1733 657 1799 tro
681 1734 775 1800 tunic
794 1729 959 1818 primicie
991 1728 1197 1799 dettetemo
1225 1729 1391 1819 plocerc;
1417 1725 1594 1820 primitias

421 1851 528 1921 vocat
553 1846 680 1922 lumen
705 1853 743 1920 et
769 1846 977 1938 melodiam,
995 1865 1079 1940 quae
1104 1851 1211 1952 erant
1237 1845 1406 1938 quaedam
1435 1867 1594 1940 praeam-

419 1966 508 2040 bula
533 1972 759 2040 aeternorum
785 1966 969 2039 donorum
997 1965 1242 2058 venientium3
1263 1987 1282 2038 c
1305 1967 1448 2056 disioso,
1466 1987 1511 2040 ex
1530 1987 1594 2060 spe

419 2086 514 2160 illius
530 2086 678 2160 luminis
695 2091 732 2160 et
749 2092 889 2178 cantus,
908 2085 994 2178 quia
1015 2085 1255 2180 expectabam
1275 2085 1399 2160 videre
1419 2087 1594 2180 aquibus

418 2213 624 2301 utrumque
656 2204 889 2300 procederem
922 2210 958 2280 et
984 2225 1090 2279 ecce:
1124 2207 1255 2278 L’uire
1283 2209 1372 2299 eisc
1397 2209 1545 2281 dinanzi
1569 2228 1594 2278 a
1643 2285 1645 2290 ,

418 2330 491 2419 noi,
517 2326 632 2421 poetis
663 2333 701 2401 et
730 2325 899 2420 llatbildi,
926 2332 1015 2398 sotm
1039 2328 1053 2398 i
1083 2327 1184 2399 oerdi
1207 2329 1314 2415 rami,
1337 2326 1515 2400 arborum
1543 2327 1590 2400 ibi

419 2447 631 2540 virentium,
657 2449 708 2520 tul
727 2450 813 2539 qual
826 2467 875 2518 aa
888 2450 970 2540 foco
987 2467 1129 2538 ucceso;
1147 2453 1227 2520 erat
1244 2445 1341 2520 idem
1362 2448 1487 2522 lumen
1505 2468 1590 2522 cum

418 2566 538 2660 primo
569 2566 632 2640 sed
665 2567 781 2663 magis
811 2566 1078 2661 propinquum;
1109 2575 1146 2640 et
1187 2567 1370 2642 simililer:
1402 2571 1462 2640 e'l
1495 2570 1593 2642 dolce

418 2708 543 2778 suerro,
563 2687 668 2780 idest,
685 2687 842 2762 melodia
867 2687 1050 2782 praedicta,
1069 2709 1133 2760 era
1157 2678 1219 2779 ptd
1243 2691 1353 2761 inum
1376 2710 1441 2780 per
1466 2697 1591 2782 canto,

419 2808 500 2882 vult
518 2807 642 2882 dicere
666 2808 764 2901 quod
790 2816 941 2902 propter
959 2809 1269 2903 propinquitatem
1296 2810 1464 2905 apparuit
1491 2809 1589 2882 illam

419 2927 615 3002 melodiam
642 2947 723 3002 esse
748 2927 985 3001 cantantium.
1011 2929 1055 3001 Et
1081 2936 1168 3002 nota
1186 2929 1283 3022 quod
1305 2929 1399 3003 bene
1417 2929 1591 3030 assimilat

418 3047 528 3122 istum
556 3047 786 3143 splendorem
814 3048 898 3144 igni,
925 3048 1012 3142 quia
1038 3048 1208 3123 veniebat
1237 3069 1259 3122 a
1289 3048 1424 3144 Spiritu
1450 3056 1590 3142 sancto,

417 3170 481 3264 qui
508 3169 646 3263 ubique
671 3168 854 3264 liguratur
879 3168 916 3241 in
942 3169 1036 3264 igne.
1050 3208 1100 3222 -
1118 3173 1158 3242 0.
1178 3167 1242 3243 Hic
1260 3176 1367 3264 poeta
1387 3169 1591 3264 descriptu-

418 3311 482 3363 rus
508 3292 620 3364 altam
647 3288 839 3362 materiam
865 3288 949 3362 lacit
974 3288 1241 3363 invocationem
1263 3309 1369 3362 suam
1391 3288 1438 3362 ad
1465 3309 1590 3362 musas

417 3410 616 3504 implorans
646 3409 848 3483 subsidium
880 3414 918 3483 et
950 3410 1115 3483 lavorem
1147 3429 1291 3502 earum,
1325 3409 1410 3503 quia
1443 3429 1591 3502 semper

415 3531 554 3606 studuit
587 3531 682 3625 ipsas
717 3531 919 3621 bonorare,
953 3529 1035 3604 ideo
1068 3528 1203 3603 debent
1237 3530 1377 3625 dignari
1412 3529 1590 3604 adiuvare

415 3652 546 3747 ipsum.
572 3651 664 3725 llicit
689 3671 799 3747 ergo:
831 3653 861 3722 0
884 3669 988 3722 sucre
1009 3656 1110 3722 sante
1128 3653 1279 3740 carpini,
1295 3649 1398 3744 idest,
1416 3671 1439 3724 o
1456 3649 1587 3724 divina.

415 3793 534 3846 musae
559 3791 643 3866 quae
668 3771 783 3845 facitis
809 3770 974 3844 homines
990 3790 1114 3844 sacros
1139 3775 1177 3844 et
1202 3777 1357 3863 sanctos,
1378 3771 1473 3844 sicut
1494 3772 1588 3846 bene

416 3892 572 3967 ostendit
595 3891 736 3965 Tullius
760 3890 798 3963 in
824 3890 990 3964 oratione
1014 3909 1082 3984 pro
1106 3888 1239 3963 Arabia
1264 3896 1489 3984 praeceptore
1506 3910 1586 3984 suo,

414 4015 542 4104 capion
566 4014 615 4085 mi
637 4031 786 4104 sproum
804 4010 906 4105 idest,
926 4016 1035 4105 urget
1057 4015 1094 4083 et
1115 4009 1278 4083 stimulat
1305 4030 1376 4103 me,
1399 4010 1485 4104 quia
1503 4031 1585 4083 sum

414 4133 452 4207 in
477 4132 631 4207 articulo
657 4131 752 4225 lorti,
774 4134 874 4204 elr’io
898 4127 1013 4204 merce*
1033 4151 1078 4204 oc
1102 4133 1242 4222 clienti,
1264 4129 1365 4222 idest,
1394 4131 1584 4224 implorem

415 4254 610 4349 benignam
637 4253 793 4349 gratiam
820 4259 993 4345 vestram,
1018 4274 1056 4325 se
1080 4255 1154 4325 moi
1168 4254 1320 4343 suffusi,
1337 4251 1367 4322 si
1395 4272 1462 4344 pro
1487 4249 1586 4343 quia,

410 4377 514 4466 sami,
524 4375 645 4467 [reddi
663 4395 686 4446 o
703 4376 838 4465 cipido,-
856 4393 942 4446 nam
964 4374 1043 4446 baec
1060 4370 1292 4446 incommoda
1319 4377 1356 4445 et
1381 4370 1451 4443 alia
1470 4370 1585 4444 multa

414 4491 491 4585 tuli,
512 4515 581 4585 per
607 4496 676 4583 voi,
702 4513 770 4590 pro
795 4491 944 4566 scientia
975 4491 1115 4586 poetica
1148 4489 1371 4583 acquirenda
1402 4495 1439 4563 et
1473 4489 1587 4562 susci-

414 4612 645 4706 laudaque
671 4620 818 4686 mortua
845 4617 925 4686 erat
952 4616 1117 4705 tempure
1151 4631 1246 4685 meo.
1273 4610 1317 4682 Et
1349 4609 1465 4704 tangit
1497 4629 1586 4683 cau-

414 4751 493 4804 sam
518 4731 768 4824 invocationis,
793 4731 936 4805 dicens:
968 4751 1013 4802 or
1037 4750 1183 4821 concon,
1208 4729 1310 4821 idest,
1338 4727 1448 4802 modo
1472 4749 1585 4823 erpe-

412 4852 475 4947 dit,
500 4855 561 4926 circ
591 4855 749 4946 Elr‘cono,
778 4851 857 4926 lons
886 4849 1047 4943 Parnasi,
1072 4849 1119 4924 de
1148 4849 1254 4923 cuius
1282 4870 1380 4943 aqua
1412 4849 1584 4924 dicuntur

414 4980 542 5070 potare
566 4978 694 5068 poetar,
722 4994 791 5064 per
820 4976 886 5044 mc
901 4974 1007 5060 versi,
1032 4970 1135 5064 idest,
1165 4991 1294 5044 versus
1326 4970 1445 5064 iaciat,
1479 4972 1582 5064 quasi

413 5095 528 5171 dicat:
554 5113 653 5168 nuuc
678 5099 822 5188 oportet
846 5091 945 5186 quod
971 5091 1140 5166 bauriam
1170 5091 1217 5166 de
1245 5091 1344 5166 sonte
1369 5091 1511 5186 poetico
1536 5091 1582 5165 ad
