4575 6842
849 972 986 1026 cunnus
1010 972 1155 1028 narnus.
1513 961 1583 1030 329

416 1123 489 1192 tem
518 1137 590 1192 non
616 1117 707 1192 laesit
734 1116 986 1210 manducatus,
1013 1123 1105 1194 teste
1135 1118 1306 1213 Galieu03
1338 1125 1375 1194 et
1406 1141 1489 1194 mus
1523 1120 1587 1214 qui

416 1237 576 1335 pascitur
601 1237 744 1334 napello
775 1243 831 1312 est
861 1237 987 1312 tiriaca
1018 1245 1145 1312 contra
1181 1240 1377 1333 napellum.
1412 1240 1584 1315 Similiter

415 1366 537 1435 tantus
562 1364 617 1434 est
641 1357 734 1432 ordo
752 1357 987 1451 providentiae
1004 1358 1135 1432 divinae
1152 1360 1251 1452 quod
1271 1361 1412 1434 nullum
1431 1368 1488 1436 est
1507 1369 1582 1434 tam

417 1501 592 1577 magnum
621 1479 775 1571 malum,
801 1476 899 1570 quod
924 1477 1008 1552 inde
1034 1499 1107 1552 non
1123 1479 1243 1554 eliciat
1263 1481 1408 1574 aliquod
1429 1481 1579 1554 bunum.

416 1601 519 1675 Unde
542 1597 768 1696 Augustinus
794 1597 830 1670 in
845 1589 881 1690 (¹)
909 1597 1138 1674 Euchiridion
1162 1598 1271 1673 dicit:
1299 1600 1398 1674 Deus
1414 1600 1583 1694 omnipo-

417 1727 496 1794 tens
522 1739 595 1794 non
621 1718 757 1792 sineret
782 1716 861 1792 fieri
888 1719 983 1793 mala
1010 1719 1087 1794 sive
1105 1727 1248 1794 naturae
1264 1718 1342 1795 sire
1362 1721 1491 1814 culpas,
1507 1720 1584 1796 sire

417 1859 546 1935 prenae,
572 1839 640 1912 nisi
666 1845 761 1914 esset
786 1839 834 1913 ita
861 1845 999 1934 potens,
1030 1840 1128 1934 quod
1155 1861 1201 1916 ex
1223 1861 1461 1936 quocumque
1487 1843 1584 1916 malo

416 1964 536 2055 posset
569 1958 703 2034 elicere
735 1958 913 2052 optimum
949 1960 1098 2034 bonum.
1134 1960 1178 2034 Et
1211 1960 1319 2034 dicit:
1348 1982 1418 2054 per
1451 1964 1586 2036 diverse

413 2083 514 2172 sorti,
541 2079 644 2174 quasi
670 2078 775 2171 dicat,
801 2079 906 2153 aliter
932 2087 969 2154 et
994 2080 1111 2174 aliter,
1137 2080 1209 2154 illae
1233 2087 1388 2173 naturae,
1404 2079 1499 2174 dico,
1521 2075 1585 2173 piri

414 2221 528 2273 emen
546 2202 654 2272 vidue
669 2202 708 2273 al
717 2201 893 2292 prtncipio
907 2202 998 2293 loro,
1015 2199 1160 2292 scilicet,
1175 2199 1263 2293 Deo,
1277 2199 1342 2293 qui
1354 2206 1409 2274 est
1421 2200 1582 2294 primum

414 2319 630 2415 principium
654 2338 818 2414 movens,
844 2319 936 2394 sicut
957 2321 1035 2416 jam
1071 2321 1166 2394 bene
1196 2318 1423 2395 deciaratum
1458 2327 1513 2394 est
1545 2320 1584 2395 iu

414 2439 590 2536 principio
616 2439 783 2534 capituli3
809 2439 914 2514 aliter
939 2439 1035 2513 enim
1067 2440 1165 2514 lucet
1197 2439 1252 2514 sol
1285 2439 1320 2512 in
1353 2460 1452 2534 aere,
1478 2439 1584 2516 aliter

414 2561 451 2634 in
470 2559 580 2652 nube,
601 2558 707 2634 aliter
727 2559 764 2632 in
782 2559 869 2634 luto.
887 2558 972 2634 ldeo
989 2559 1133 2634 subdit:
1154 2562 1245 2632 uude
1260 2562 1294 2632 si
1308 2580 1494 2654 muovoao,
1515 2559 1584 2634 illae

414 2686 569 2773 naturae,
598 2679 684 2773 quia
710 2685 843 2754 natura
868 2687 924 2754 est
944 2679 1160 2775 principium
1180 2686 1303 2754 motus
1324 2680 1526 2756 secundum
1544 2701 1585 2756 se

415 2819 488 2874 non
513 2820 579 2893 per
599 2798 778 2892 accidens,
797 2799 969 2893 quoniam
988 2819 1098 2874 omne
1115 2820 1249 2894 corpus
1267 2800 1378 2874 habet
1394 2801 1581 2896 proprium

415 2925 569 3012 motum,
589 2924 629 2992 ut
649 2918 740 3015 ignis
765 2939 928 3013 sursum,
953 2927 1051 2994 terra
1076 2918 1265 3010 deorsum,
1283 2940 1307 2991 a
1324 2922 1455 2994 diversi
1466 2923 1581 3014 porti,

413 3038 501 3132 quia
528 3039 679 3114 veniunt
704 3038 748 3112 ad
774 3045 910 3132 ortum,
933 3061 1000 3132 per
1020 3043 1054 3112 lo
1070 3060 1165 3131 prou
1182 3060 1264 3114 mur
1279 3043 1357 3115 deu
1370 3062 1495 3135 msere,
1515 3062 1582 3137 per

416 3159 703 3257 magnitudinem
730 3167 768 3234 et
791 3160 1074 3254 profunditatem
1094 3161 1261 3236 esseutiae
1277 3168 1420 3236 naturae
1442 3183 1581 3258 rerum,

413 3301 433 3353 e
456 3283 634 3375 meana,
662 3280 801 3374 supple,
827 3286 959 3354 natura
979 3287 1164 3375 movetur,
1183 3302 1249 3354 con
1269 3284 1385 3356 istimo
1400 3304 1425 3355 a
1441 3285 1485 3356 ici
1499 3285 1585 3357 dato

412 3401 471 3474 cle
495 3403 531 3473 lu
552 3403 664 3493 porti,
697 3399 799 3494 idest,
831 3400 964 3496 dirigat
993 3400 1030 3473 in
1063 3399 1173 3476 finem
1206 3421 1328 3474 suum.
1363 3401 1463 3476 Unde
1498 3408 1583 3476 nota

413 3520 510 3614 quod
538 3541 610 3594 non
635 3527 691 3595 est
715 3520 838 3614 aliqua
868 3526 999 3594 natura
1032 3539 1117 3614 quae
1152 3541 1226 3595 non
1260 3520 1394 3595 lrabeat
1426 3520 1583 3596 formam

413 3640 643 3714 essentialem
661 3641 943 3714 constituentem
969 3639 1035 3714 sibi
1062 3659 1160 3735 esse3
1178 3647 1214 3716 et
1232 3643 1310 3716 lraec
1333 3641 1453 3716 forma
1474 3643 1586 3718 hahet

413 3761 573 3854 aliquam
600 3760 828 3835 essentialem
854 3759 1117 3855 operationem,
1149 3767 1188 3835 et
1219 3761 1299 3834 haec
1327 3762 1490 3856 operatio
1525 3781 1585 3836 es·

413 3881 572 3955 sentialis
599 3879 722 3954 finitur
747 3881 793 3953 ad
819 3879 979 3973 aliquid;
1006 3887 1043 3954 et
1068 3879 1151 3954 ideo
1175 3880 1340 3974 operatio
1372 3881 1451 3956 lraec
1483 3881 1582 3956 linita

412 4001 458 4075 ad
483 4001 519 4075 id
543 4000 589 4075 ud
615 4001 713 4094 quod
739 4007 794 4074 est
819 3999 1069 4093 essentialiter,
1086 4007 1141 4074 est
1159 4000 1298 4074 bonum
1317 3999 1411 4074 illius
1429 4006 1581 4074 naturae.

413 4161 462 4176 —
479 4125 602 4211 Questi.
629 4121 694 4196 llic
719 4125 825 4215 poeta
852 4119 982 4214 probat
1006 4127 1044 4194 et
1069 4119 1230 4194 declarat
1254 4120 1393 4194 dictum
1415 4121 1581 4196 ordinem

414 4241 681 4337 particulariter
706 4241 743 4316 in
769 4239 988 4334 quibusdam
1016 4241 1126 4315 rebus
1144 4240 1390 4333 naturalibus;
1407 4248 1445 4316 et
1464 4249 1518 4316 est
1539 4241 1582 4316 li·

413 4370 491 4436 tera
518 4363 629 4452 clara,
655 4361 752 4434 unde
776 4360 884 4434 dicit:
914 4363 1041 4454 Quesd,
1070 4360 1206 4450 scilicet
1230 4361 1332 4454 ordo,
1357 4383 1402 4436 nc
1426 4364 1585 4454 portati

410 4485 513 4576 proco
537 4477 638 4554 lucer
663 4483 699 4554 lu
724 4483 821 4572 luna,
850 4479 935 4573 quia
963 4479 1055 4575 ignis
1087 4480 1261 4556 velociter
1285 4488 1323 4556 et
1354 4480 1583 4556 uniformiter

413 4600 579 4675 imitatur
597 4607 739 4675 motum
761 4600 855 4693 coeli,
873 4619 938 4674 aer
955 4608 1081 4674 autem
1099 4601 1265 4674 imitatur
1281 4600 1414 4697 ipsum,
1431 4602 1582 4678 sednon

415 4721 667 4814 uniformiter;
685 4741 780 4813 aqua
794 4711 830 4810 (²)
851 4739 924 4794 non
942 4719 1174 4794 uniformiter
1187 4741 1256 4795 nec
1267 4721 1466 4816 complete3
1482 4729 1581 4797 terra
1712 4807 1715 4812 ,

412 4860 615 4934 numquam
638 4845 803 4912 mutatur
813 4830 864 4931 (³),
881 4839 944 4913 sed
964 4846 1140 4934 perpetuo
1157 4840 1194 4913 in
1211 4861 1280 4916 sue
1304 4843 1386 4916 loco
1411 4841 1582 4936 quiescit3

475 5096 503 5159 (¹)
519 5097 550 5146 Ε.
566 5096 593 5145 ln
609 5095 677 5146 libro
693 5097 866 5147 Enchfrldiou.
947 5093 975 5156 Ρ)
992 5096 1023 5146 E.
1040 5109 1105 5160 aqua
1122 5111 1186 5148 roro
1201 5111 1263 5149 uon.
1340 5097 1368 5161 (⁸)
1383 5099 1415 5150 li.
1430 5100 1555 5150 imitatur.
