4575 6842
680 1000 704 1068 t
1044 1005 1248 1062 cousnruu
1273 1003 1493 1060 susurronn

680 1160 785 1230 erant
811 1151 998 1230 tractanda
1025 1170 1091 1246 per
1116 1169 1204 1226 eum
1240 1169 1325 1243 quae
1355 1168 1430 1222 non
1462 1152 1605 1242 poterat
1635 1147 1714 1223 sine
1743 1153 1852 1244 poeto

679 1272 887 1366 christiano,
908 1277 952 1344 ut
976 1270 1113 1366 patebit
1130 1269 1168 1344 in
1184 1269 1283 1344 XXV
1302 1269 1462 1364 capitulo
1482 1274 1521 1342 et
1539 1267 1635 1342 elmi.
1653 1267 1725 1344 Sed
1744 1274 1852 1364 poeta

680 1394 800 1492 potius
825 1391 1023 1468 introducit
1047 1411 1135 1466 eum
1161 1391 1232 1485 hic,
1258 1389 1345 1484 quia
1369 1394 1511 1464 constet
1527 1387 1647 1484 ipsum
1665 1388 1800 1464 vixisse
1815 1388 1854 1464 in

680 1533 827 1596 summa
852 1517 1015 1608 egestate
1046 1517 1083 1585 et
1114 1509 1255 1606 inopia3
1287 1509 1387 1603 quod
1416 1529 1491 1584 non
1515 1508 1661 1584 videtur
1691 1509 1854 1605 potuisse

681 1635 893 1732 contingere
918 1633 998 1708 viro
1021 1637 1129 1706 tentes
1146 1631 1374 1706 excellentie
1392 1631 1430 1705 in
1447 1631 1553 1725 urhe
1572 1630 1611 1704 in
1627 1652 1702 1725 qua
1719 1630 1853 1704 dicitnr

682 1754 902 1832 rhetoricam
927 1752 1104 1847 docuisse,
1131 1750 1198 1825 nisi
1231 1772 1279 1827 en
1309 1771 1439 1826 errore
1469 1750 1631 1847 prodige
1660 1749 1849 1846 largitatis

680 1875 879 1952 Introducit
903 1880 1028 1950 entem
1054 1875 1154 1948 hunc
1179 1871 1422 1947 clarissimum
1448 1876 1595 1965 poetam
1617 1891 1683 1966 per
1706 1870 1854 1944 nobilis·

681 1999 810 2074 simam
837 1995 1162 2090 comparationem,
1178 1992 1319 2067 dicens:
1345 1997 1389 2066 nt
1412 2011 1492 2064 ccco
1516 1991 1728 2084 no’omlrrm
1747 1991 1852 2086 idest,

681 2117 827 2194 illustris
852 2117 975 2191 anima
999 2113 1111 2208 Statii,
1138 2116 1170 2187 ci
1194 2135 1365 2206 apporuc,
1392 2112 1496 2188 nobis
1520 2113 1676 2208 duobus,
1701 2105 1733 2186 si
1756 2133 1853 2186 nome

681 2260 724 2312 ne
746 2240 858 2310 scrire
882 2241 989 2328 Loco,
1014 2235 1142 2310 llllllll
1167 2239 1203 2308 et
1228 2233 1360 2306 ultimo
1384 2232 1555 2328 capitulo,
1573 2235 1766 2306 ciceron
1790 2223 1852 2324 ord

680 2367 790 2450 serto,
815 2357 919 2450 idest,
935 2357 1077 2432 levatus
1102 2375 1169 2451 per
1182 2349 1219 2447 (¹)
1248 2353 1567 2449 resurrectionem,
1582 2359 1668 2448 scor
1690 2357 1783 2428 dello
1798 2375 1854 2426 se-

674 2480 817 2574 pulcrot
840 2478 941 2568 buco,
967 2476 1058 2550 idest
1082 2481 1189 2550 extra
1213 2495 1255 2548 os
1278 2474 1448 2570 sepulcri,
1467 2495 1626 2568 apporoe
1640 2477 1766 2564 a’duo,
1784 2473 1854 2549 sci·

680 2600 775 2694 licet,
807 2597 997 2698 discipulis,
1028 2598 1203 2670 cl'erouo
1233 2598 1272 2668 in
1302 2599 1375 2686 oio,
1408 2600 1539 2670 euntes
1573 2595 1622 2670 nd
1658 2595 1851 2670 castellon

681 2720 880 2811 Emmaus3
906 2723 943 2791 et
968 2715 1070 2792 dicit:
1096 2737 1115 2789 e
1139 2719 1251 2790 diedo
1277 2737 1301 2788 o
1325 2719 1387 2788 noi
1411 2719 1526 2807 voda,
1549 2715 1610 2790 illa
1637 2717 1782 2810 umbra,
1803 2719 1852 2790 do

677 2834 736 2932 pie*
758 2840 973 2928 coarctando
997 2839 1033 2910 lo
1057 2837 1245 2910 turbante
1267 2839 1379 2926 uince,
1405 2835 1552 2930 scilicet,
1576 2836 1849 2911 multitudinem

679 2978 878 3033 avarorum
907 2977 1079 3051 magnum
1100 2955 1303 3051 jacentium
1336 2975 1402 3050 per
1436 2961 1588 3050 terram,
1619 2955 1850 3049 inquorum

680 3098 841 3151 numero
865 3084 903 3152 et
925 3075 1099 3171 supplicio
1128 3075 1206 3169 ipse
1236 3081 1317 3150 crat
1341 3075 1451 3170 paulo
1475 3080 1585 3168 ante3
1611 3082 1649 3150 et
1674 3075 1779 3150 dicit:
1805 3072 1852 3150 nd

679 3201 711 3272 ci
735 3199 921 3272 addemme
946 3201 984 3270 di
1008 3199 1063 3288 lei,
1089 3195 1193 3287 idest,
1219 3214 1293 3268 non
1319 3194 1578 3290 perpendimus
1601 3194 1649 3270 de
1672 3194 1769 3269 illius
1785 3215 1851 3269 su-

679 3317 753 3393 bite
780 3317 1015 3413 apparitione,
1032 3310 1063 3390 si
1077 3309 1187 3408 porld
1203 3317 1301 3408 prio,
1318 3317 1484 3389 dicendo:
1508 3317 1658 3408 Osratc'
1671 3316 1763 3403 miei,
1782 3317 1853 3388 Dio

681 3441 716 3511 vi
740 3441 800 3513 dio
821 3459 925 3531 poce,
950 3436 1097 3530 scilicet,
1122 3442 1311 3530 aeternam,
1337 3435 1383 3510 ad
1416 3455 1528 3529 quem
1560 3455 1631 3532 ego
1660 3434 1781 3509 tendo.
1809 3435 1854 3508 nt

679 3557 738 3632 lric
769 3564 856 3632 notu
886 3563 1065 3651 quantum
1096 3557 1191 3633 dicta
1220 3555 1447 3650 comparatio
1476 3561 1531 3632 est
1562 3556 1721 3651 propria.
1751 3554 1854 3630 Sicut

679 3678 777 3754 euim
795 3669 830 3769 (²)
859 3676 1021 3752 Christus
1046 3683 1127 3773 post
1154 3675 1462 3751 resurrectionem
1483 3675 1529 3750 de
1545 3677 1714 3770 sepulcro
1741 3695 1854 3770 appu·

678 3801 754 3876 ruit
778 3800 922 3875 duobus
951 3799 1122 3893 apostolis
1152 3797 1309 3894 ignotus,
1340 3815 1434 3891 quos
1458 3797 1651 3889 salutarit3
1676 3797 1726 3873 ito
1753 3816 1852 3872 nunc

679 3919 815 3996 Statius
840 3928 920 4015 post
945 3920 1196 3994 liberationem
1227 3939 1334 3994 suam
1367 3937 1414 3992 ex
1444 3937 1596 3993 carcere
1611 3909 1648 4011 (⁰)
1679 3916 1850 4013 apperuit

679 4042 824 4138 ignotus
840 4041 984 4114 duobus
1002 4040 1117 4135 poetis
1134 4058 1228 4132 quos
1245 4038 1411 4112 similiter
1428 4038 1610 4113 salutarit.
1624 4077 1675 4092 -
1688 4041 1766 4112 Not
1785 4036 1850 4111 llic

679 4167 786 4257 poeta
810 4159 911 4255 ponit
935 4159 1209 4255 responsionem
1227 4158 1365 4254 Virgilii
1391 4159 1454 4252 qui
1480 4157 1636 4234 reddidit
1660 4158 1710 4232 illi
1730 4158 1850 4233 ricem

679 4281 783 4356 vultu
810 4285 846 4354 et
871 4281 1004 4374 verb03
1031 4278 1128 4354 unde
1152 4278 1257 4353 dicit:
1285 4281 1365 4370 Not,
1390 4279 1512 4372 ambo,
1533 4281 1775 4369 anduennio
1790 4297 1851 4350 su·

679 4401 760 4492 dito,
786 4400 831 4474 ed
858 4420 937 4474 rem
964 4420 1111 4492 novam,
1132 4397 1219 4493 quia
1237 4396 1402 4471 nondum
1428 4396 1595 4472 viderant
1618 4397 1658 4470 in
1683 4404 1763 4471 toto
1779 4396 1853 4471 cir·

679 4524 764 4597 culo
790 4523 857 4596 isto
883 4521 1044 4602 enimam
1068 4520 1234 4612 liberum,
1253 4521 1414 4593 solutam
1434 4525 1471 4593 et
1490 4517 1612 4593 laetum
1640 4517 1707 4592 nisi
1732 4517 1850 4590 istem

679 4643 723 4716 Et
749 4642 807 4716 hic
833 4648 919 4716 notu
945 4641 1043 4734 quod
1070 4648 1178 4735 poete
1192 4628 1229 4732 (⁴)
1257 4647 1383 4734 noster
1407 4659 1495 4713 cum
1518 4638 1646 4715 lecerit
1672 4644 1747 4712 lem
1772 4636 1853 4710 lon-

681 4783 772 4859 gum
801 4767 996 4836 tractatum
1023 4759 1069 4835 de
1088 4760 1211 4836 araris
1229 4758 1266 4834 in
1284 4759 1354 4834 isto
1370 4758 1522 4853 circulo,
1541 4779 1641 4834 nnnc
1659 4756 1855 4832 introducit

743 4991 770 5055 (¹)
786 4992 817 5042 Ε.
834 5005 881 5055 per
898 4990 1109 5055 gloriosissimam
1125 4993 1181 5043 cios
1196 4993 1424 5043 resurrectionem.

743 5069 771 5133 (¹)
788 5069 818 5119 Ε.
834 5070 905 5119 enirn
922 5068 1049 5120 Dominus
1065 5075 1152 5120 noster
1167 5069 1243 5120 lesus
1257 5067 1375 5119 Christus
1390 5075 1457 5132 post.

744 5146 771 5209 [⁸]
788 5151 841 5204 117,
858 5145 905 5196 illo
921 5159 1034 5197 concere.
1228 5146 1255 5209 (¹)
1272 5145 1298 5197 s.
1314 5150 1391 5196 sutor
1405 5149 1503 5197 noster,
