4575 6842
705 946 775 1016 138
1064 956 1268 1012 connuvurr
1293 955 1512 1012 runcnronu

701 1109 739 1178 et
763 1102 857 1177 vado
882 1099 1073 1196 cantando,
1090 1099 1186 1177 sicut
1211 1106 1248 1176 et
1272 1099 1344 1194 alii,
1371 1098 1433 1194 qui
1454 1107 1681 1194 purgantur:
1711 1102 1874 1174 comior

703 1223 768 1315 om,
787 1221 889 1316 idest,
906 1221 1100 1318 cogitando
1117 1221 1224 1315 vado,
1250 1223 1286 1294 la
1307 1221 1469 1314 possode
1490 1221 1601 1314 solor,
1626 1219 1718 1295 idest
1742 1226 1876 1316 praele·

702 1341 811 1415 ritam
835 1340 1024 1415 stultitiam
1049 1338 1127 1415 sive
1152 1339 1307 1414 lolliam:
1326 1340 1587 1430 Evetjaozon
1603 1341 1706 1430 lojoi
1721 1343 1873 1434 ct’espcr

702 1463 833 1554 denuo,
859 1461 960 1556 idest,
983 1461 1087 1535 video
1106 1460 1273 1558 gaudeus
1297 1460 1408 1554 diem,
1429 1479 1542 1554 quem
1560 1480 1667 1556 sporo
1693 1461 1730 1534 in
1755 1467 1874 1554 antea,

703 1583 796 1657 sicut
820 1581 850 1657 si
870 1583 950 1677 jam
982 1586 1077 1656 esset
1108 1601 1235 1656 eoram
1267 1601 1337 1656 me.
1369 1581 1413 1654 Et
1443 1580 1528 1656 lacit
1560 1581 1786 1676 petitionem,
1821 1581 1876 1655 di-

580 1796 584 1805 ,
703 1723 809 1779 cens:
835 1710 913 1777 Ara
937 1723 979 1776 us
999 1723 1085 1793 proc
1103 1723 1172 1794 per
1196 1704 1334 1793 covello
1351 1704 1468 1793 valor,
1485 1701 1587 1796 idest,
1606 1722 1671 1777 vos
1691 1721 1823 1798 precor
1840 1708 1876 1776 et

704 1823 835 1900 adiuro
868 1843 935 1919 per
967 1822 1069 1896 illum
1103 1822 1280 1916 valorem,
1312 1821 1405 1896 idest
1429 1821 1625 1897 virtutem:
1655 1827 1727 1912 Quo
1742 1824 1790 1914 ja
1815 1844 1877 1898 vot

702 1947 812 2036 putata
835 1947 874 2018 at
894 1964 971 2017 corn
996 1945 1039 2016 de
1064 1945 1254 2035 testatiora,
1272 1941 1375 2036 idest,
1393 1943 1457 2037 qui
1483 1944 1586 2018 valor
1613 1963 1678 2018 vos
1702 1942 1803 2019 ducit
1828 1944 1874 2018 ad

704 2084 893 2138 summum
913 2063 1020 2137 soalae
1039 2062 1254 2158 purgatorii,
1271 2062 1310 2136 iu
1326 2062 1433 2144 cuius
1460 2061 1532 2138 line
1548 2083 1678 2138 sumus
1695 2063 1813 2158 positi,
1839 2069 1876 2138 et
1988 2151 1992 2158 ,

705 2183 777 2258 cito
802 2181 1020 2278 pervenietis
1045 2183 1091 2256 ad
1120 2183 1282 2277 coelum3
1312 2185 1496 2258 Souoenlva
1532 2203 1573 2256 us
1610 2189 1792 2276 atemprar
1817 2203 1877 2256 ova

705 2305 822 2393 dolor,
860 2301 962 2396 idest,
995 2301 1118 2376 veniat
1156 2302 1257 2376 vobis
1295 2301 1331 2376 in
1370 2310 1532 2378 mentem
1562 2310 1599 2378 et
1633 2302 1875 2378 recordamini

704 2424 777 2499 mei
804 2443 873 2498 suo
899 2430 1076 2517 tempore,
1093 2429 1131 2497 et
1154 2423 1290 2498 doloris
1308 2423 1392 2517 mei,
1412 2424 1575 2522 rogando
1592 2425 1711 2499 lleum
1728 2444 1796 2518 pro
1814 2441 1876 2498 me

705 2544 905 2636 modicum,
930 2541 1023 2616 sicut
1049 2541 1175 2637 petivit
1200 2542 1317 2616 Guido
1342 2550 1428 2618 ante
1454 2563 1532 2618 me:
1555 2545 1657 2638 quasi
1676 2543 1770 2618 dicat
1789 2542 1874 2616 lvre-

708 2664 821 2740 viter:
841 2661 974 2738 Dicatis
990 2663 1101 2738 etiam
1121 2683 1238 2736 unum
1256 2663 1370 2737 alium
1390 2669 1496 2738 Pater
1520 2671 1638 2738 noste
1660 2685 1727 2758 pro
1746 2682 1817 2757 me,
1837 2669 1878 2735 ut

707 2785 895 2860 brevietur
920 2802 1030 2878 poena
1054 2782 1158 2857 istius
1189 2782 1292 2879 ignis,
1318 2784 1363 2857 Et
1388 2784 1571 2859 concludit
1603 2789 1711 2880 poeta
1736 2789 1773 2858 et
1800 2781 1878 2856 linit

708 2904 920 3000 capitulum,
945 2903 1086 2978 dicens:
1113 2907 1179 2976 Pot
1202 2906 1365 2978 castore
1395 2907 1453 2978 nel
1471 2908 1577 3000 [uoco
1601 2908 1661 2978 olle
1683 2905 1734 2996 pli
1758 2907 1878 2996 affluo,

708 3027 801 3102 sicut
825 3045 963 3100 nurum
989 3025 1165 3098 affluatur
1190 3022 1227 3096 in
1253 3025 1411 3100 tornaco.
1431 3027 1476 3100 Et
1492 3026 1637 3103 videtur
1655 3025 1754 3119 quod
1771 3029 1878 3119 poeta

709 3154 833 3222 noster
857 3144 1010 3220 inseruit
1035 3144 1092 3218 lric
1123 3144 1190 3218 ista
1222 3145 1335 3220 verba
1363 3145 1598 3241 provincialia
1627 3145 1674 3220 ad
1705 3145 1875 3220 decorem

709 3265 903 3361 latinitatis,
920 3271 958 3340 et
976 3271 1016 3338 ut
1032 3263 1242 3338 ostenderet
1260 3285 1300 3339 se
1316 3263 1362 3341 de
1379 3266 1550 3341 omnibus
1566 3265 1702 3361 aliquid
1720 3263 1876 3340 scivisse.
