4575 6842
809 1000 948 1055 murus
972 1000 1198 1055 uuroasruus.
1519 988 1588 1055 211

420 1147 557 1223 vocatis
583 1146 708 1221 vicinis
733 1166 819 1220 oum
841 1142 1057 1219 dominabus
1078 1161 1223 1238 eorum,
1240 1144 1375 1219 Dentes
1395 1150 1483 1219 tunc
1500 1165 1591 1240 pue-

421 1268 526 1343 rulus
552 1288 685 1343 novem
710 1284 895 1341 annorum
925 1270 1074 1339 secutus
1105 1269 1247 1358 patrem
1279 1284 1388 1339 suum
1419 1264 1592 1363 didigne-

423 1386 532 1481 rium,
551 1387 708 1480 quierat
722 1406 819 1459 unus
843 1382 889 1459 de
912 1403 1069 1457 numero
1086 1383 1340 1477 convivarum,
1358 1384 1446 1459 vidit
1461 1406 1486 1459 a
1502 1407 1591 1461 oasa

422 1506 518 1581 inter
548 1506 637 1580 alias
666 1506 805 1600 puellas
839 1503 1039 1598 puellulam
1068 1502 1179 1577 tiliam
1215 1502 1353 1597 praelati
1388 1504 1500 1599 Falci,
1531 1506 1594 1581 eui

424 1646 559 1702 nomen
584 1632 665 1701 erat
690 1625 850 1718 Beatrix‚
866 1624 982 1698 aetatis
1002 1628 1085 1698 octo
1110 1644 1306 1718 annorum,
1332 1625 1436 1699 mirae
1458 1626 1594 1720 pulcri·

424 1747 567 1841 tudinis,
594 1746 658 1821 sed
685 1745 832 1820 maioris
857 1744 1071 1837 honestatis;
1097 1764 1183 1837 qoae
1208 1744 1330 1819 subito
1354 1744 1503 1821 intravit
1528 1768 1594 1823 eor

424 1868 514 1961 eius,
541 1866 590 1940 ita
616 1865 715 1959 quod
740 1885 945 1960 numquam
967 1870 1091 1959 postea
1109 1858 1309 1956 reoessitd)
1334 1866 1381 1940 ab
1407 1886 1453 1941 eo
1477 1866 1595 1945 donec
1710 1857 1716 1873 '

424 1988 483 2063 illa
510 1986 611 2081 vixit,
636 1987 713 2060 sive
739 2004 783 2061 ex
811 1984 1066 2059 conformitate
1096 1985 1358 2089 complexionis
1375 1993 1412 2061 et
1432 2008 1595 2085 morum,
1623 1968 1626 1976 ’

423 2107 500 2182 sire
526 2127 573 2182 ex
598 2105 773 2202 singulari
799 2103 985 2179 influentia
1010 2104 1104 2179 ooeli.
1126 2104 1273 2179 Etcum
1290 2111 1399 2181 aetate
1419 2108 1596 2185 continuo

424 2226 670 2325 multiplicate
687 2232 773 2301 sunt
789 2244 970 2299 amorosae
991 2223 1168 2317 dammae3
1185 2243 1233 2298 ex
1249 2245 1325 2317 quo
1345 2226 1479 2301 Dantes
1497 2235 1596 2305 totus

423 2346 566 2425 deditus
591 2347 641 2421 illi
665 2364 905 2440 quocumque
930 2344 1000 2419 iret
1025 2343 1204 2441 pergebat
1234 2344 1387 2421 credens
1417 2347 1454 2421 in
1479 2350 1596 2424 oeulis

424 2468 504 2545 eius
530 2468 655 2543 videre
680 2487 864 2541 summam
891 2464 1110 2559 felicitatem,
1130 2486 1197 2560 per
1213 2457 1379 2559 quam(')
1402 2468 1597 2565 lacrymas,
1638 2483 1641 2493 ·

425 2588 565 2686 vigilias
589 2594 627 2662 et
651 2586 807 2661 infinitas
832 2584 915 2659 tulit
940 2605 1084 2679 poenas3
1109 2590 1234 2660 tamen
1260 2584 1318 2659 hio
1347 2606 1454 2662 amor
1484 2589 1598 2665 hone-
1643 2665 1647 2682 ,

426 2708 606 2784 stissimus
631 2726 777 2802 semper
803 2704 882 2799 luit,
910 2710 950 2777 ut
965 2694 1002 2796 (³)
1030 2725 1235 2797 numquam
1261 2706 1430 2801 apparuit
1449 2708 1598 2805 signum
1642 2689 1649 2799 ζ

426 2827 606 2903 libidinosi
621 2834 726 2903 aetus
744 2826 781 2899 in
797 2830 945 2899 amante
963 2824 1020 2899 vel
1037 2830 1172 2899 amata.
1190 2824 1268 2898 lioo
1284 2832 1409 2901 autem
1431 2826 1500 2901 luit
1516 2848 1600 2903 oer-
1746 2836 1750 2843 '

427 2948 608 3023 tissimum
631 2944 905 3043 prognosticum
921 2950 958 3019 et
980 2944 1181 3041 angurium
1197 2944 1311 3019 loturi
1324 2947 1472 3041 amoris,
1486 2970 1600 3042 quem

429 3068 621 3143 habiturus
647 3072 728 3142 erat
752 3065 798 3142 ad
826 3085 999 3161 magnam
1016 3064 1221 3137 Beatrioem
1247 3084 1404 3158 sacram,
1421 3066 1468 3141 ad
1485 3090 1600 3161 quam

429 3194 510 3264 erat
535 3208 673 3284 pronus
697 3209 718 3263 a
746 3192 890 3261 natura.
917 3186 971 3259 En
998 3183 1053 3258 his
1077 3190 1181 3280 potes
1207 3184 1343 3277 videre,
1369 3187 1467 3279 quod
1493 3196 1602 3282 poeta

429 3310 551 3403 aliqua
576 3308 662 3384 dicit
688 3308 869 3399 historice,
890 3305 1014 3399 aliqua
1036 3304 1234 3401 allegorice
1258 3305 1305 3379 de
1330 3307 1497 3383 Beatrice
1522 3330 1601 3384 soa.

429 3428 534 3503 Nono
546 3428 592 3503 ad
607 3428 764 3521 literam,
778 3425 862 3501 dicit
880 3432 1007 3520 poeta:
1026 3428 1108 3499 illo
1123 3427 1248 3517 spirito
1264 3428 1349 3516 mio,
1361 3427 1508 3522 scilieet,
1522 3449 1604 3524 spe-

430 3549 565 3633 culatio
591 3568 686 3643 mea,
719 3550 780 3621 cia
803 3537 865 3638 oid
890 3553 1181 3637 coloniolam,
1213 3545 1300 3639 quia
1321 3547 1400 3641 jam
1430 3547 1508 3625 lere
1538 3571 1605 3646 per

430 3668 662 3761 decennium,
689 3674 730 3743 ut
754 3666 897 3743 dicetur
922 3672 1060 3762 postea,
1077 3686 1142 3739 ero
1157 3671 1248 3739 stolo
1268 3668 1320 3739 clr'
1333 3670 1408 3741 olla
1431 3690 1498 3741 suo
1516 3692 1605 3762 pre-

431 3792 567 3881 seuzio,
593 3808 680 3863 cum
706 3786 885 3863 desiderio
912 3784 1097 3861 revidendi
1128 3805 1225 3880 eam,
1251 3808 1322 3859 ooo
1353 3808 1419 3861 ero
1442 3794 1606 3881 'offrooto

433 3913 482 3987 do
505 3916 659 4003 empore,
684 3908 776 3983 idest
801 3913 967 3982 remotus
991 3905 1040 3979 ab
1064 3905 1318 3981 admiratione.
1343 3906 1446 3983 Unde
1471 3909 1606 4005 subdit,

434 4030 534 4127 quod
558 4030 625 4105 ista
651 4028 769 4124 prima
795 4028 949 4122 parvula
974 4024 1065 4101 risio
1085 4027 1291 4121 penetravit
1311 4034 1421 4103 acute
1445 4050 1607 4123 praeeor·

434 4150 493 4227 dia
519 4150 609 4243 eius,
634 4148 777 4222 dicens:
803 4139 889 4221 sorti
919 4149 956 4220 lo
979 4166 1075 4237 oron
1098 4148 1266 4238 poteuzio
1296 4150 1331 4220 α’
1343 4152 1459 4223 oadoo
1489 4170 1607 4243 amor,

435 4270 539 4346 istius
564 4268 745 4362 mulieris3
771 4288 878 4343 amor
903 4267 1001 4341 eninr
1035 4286 1094 4342 res
1124 4265 1372 4361 potentissima
1397 4276 1453 4345 est
1477 4272 1608 4366 praeci·

435 4410 509 4487 pue
533 4390 754 4483 antiquatos,
777 4409 845 4482 per
868 4389 1003 4461 monito
1027 4382 1125 4461 verti
1149 4388 1210 4459 oie
1233 4389 1284 4460 do
1300 4390 1345 4461 lei
1360 4408 1484 4482 morse,
1503 4390 1607 4487 idest,

435 4509 484 4584 ab
509 4528 554 4585 ea
578 4507 770 4603 prooessit3
790 4514 827 4583 et
847 4527 936 4583 vere
953 4507 1096 4583 occulta
1117 4507 1235 4582 virtus
1258 4513 1296 4583 et
1319 4507 1429 4604 digna
1446 4510 1609 4589 admira-

438 4631 539 4705 tione
567 4649 702 4726 magna
732 4627 810 4722 luit,
829 4627 927 4721 quod
958 4646 1051 4722 puer
1076 4626 1197 4722 primo
1213 4634 1411 4723 oonspertu
1431 4622 1608 4724 puellael‘)

501 4902 576 4965 (¹1ss
592 4903 699 4953 rooeutt
713 4916 729 4953 ι
744 4902 824 4953 eorde
838 4916 887 4953 suo
902 4902 994 4953 donee.

501 4979 529 5044 ρ)
546 4980 577 5029 Ε.
594 4993 642 5043 pro
657 4992 709 5044 qun
724 4979 878 5044 lacrymam,
896 4978 1003 5043 vigillas.

503 5054 531 5120 Γ)
547 5061 592 5107 lll
608 5070 623 5107 o
640 5056 671 5106 ll.
687 5056 752 5107 adeo
767 5060 798 5107 ot
813 5070 956 5121 numquam
972 5056 1129 5121 apparuerit.

504 5130 531 5197 Ρ)
548 5137 602 5194 117,
618 5132 749 5197 pneuma
