4575 6842
716 955 763 1022 tid
1076 967 1281 1023 contemnum
1305 971 1525 1026 nunccionu

712 1121 838 1190 tamon
858 1115 991 1190 mulier
1007 1115 1122 1190 soleat
1140 1115 1292 1192 laciliter
1304 1115 1465 1192 oblivisci
1483 1116 1649 1212 priorum
1667 1116 1883 1213 affectuum,

715 1242 758 1308 ut
781 1241 891 1320 antor
914 1235 998 1310 alibi
1019 1235 1098 1332 J'am
1124 1235 1224 1309 dixit.
1251 1236 1342 1312 Dicit
1366 1257 1477 1334 ergo:
1505 1243 1549 1310 Et
1569 1240 1641 1330 epti
1664 1259 1689 1310 a
1713 1259 1780 1330 mc,
1797 1260 1885 1334 sup-

713 1358 783 1452 ple,
810 1355 994 1451 respondit
1018 1355 1208 1432 Foresius:
1235 1361 1287 1429 Lu
1313 1359 1414 1432 Nellc
1445 1360 1531 1448 mio,
1556 1357 1681 1432 vetula
1712 1379 1809 1432 uxor
1832 1358 1884 1432 sic

710 1483 855 1571 vocata,
889 1469 919 1550 si
948 1485 1035 1551 tosto
1065 1480 1171 1550 m'lrc
1201 1481 1368 1552 condutio
1385 1500 1410 1550 a
1443 1479 1504 1552 der
1536 1481 1571 1551 lo
1599 1481 1697 1552 dolce
1725 1483 1886 1553 ammio

713 1590 927 1690 ddmortlru)
940 1597 1042 1692 idest,
1056 1598 1201 1672 dulcem
1219 1597 1503 1673 amaritudinem
1517 1617 1732 1693 poenarum:
1748 1605 1887 1693 quanto

714 1717 812 1791 enim
838 1715 1029 1792 delectatio
1054 1718 1091 1790 in
1116 1719 1198 1792 cibo
1221 1725 1259 1795 et
1283 1725 1372 1814 potu
1399 1717 1467 1790 luit
1492 1738 1638 1814 magna,
1657 1725 1758 1792 tanto
1775 1738 1884 1813 poena

715 1843 771 1911 est
794 1857 922 1912 amara
948 1836 984 1910 in
1010 1837 1106 1912 lame
1132 1844 1169 1912 et
1194 1837 1262 1931 siti,
1288 1843 1327 1912 et
1351 1845 1475 1914 tamen
1506 1837 1622 1912 deicis
1653 1839 1798 1915 videtur
1824 1859 1886 1912 ra·

715 1955 813 2032 tione
837 1957 930 2050 spei3
957 1959 1013 2028 col
1033 1977 1097 2029 suo
1117 1960 1242 2050 piunto
1269 1959 1413 2048 duolio,
1438 1957 1488 2031 ita
1515 1957 1614 2051 quod
1644 1957 1765 2032 sobria
1795 1957 1880 2051 vini,

714 2077 808 2152 lacta
833 2083 890 2152 est
914 2077 1063 2174 prodiga
1089 2078 1351 2173 lacrymarum,
1377 2077 1502 2171 etita,
1528 2081 1632 2150 m’da
1657 2085 1764 2151 trotto
1788 2081 1883 2152 dello

714 2207 823 2290 costo,
849 2199 994 2291 scilicet,
1025 2198 1187 2273 inferiori
1222 2199 1366 2292 montis,
1399 2219 1463 2271 ooo
1499 2201 1688 2291 s'uspctto,
1712 2199 1759 2273 ad
1786 2205 1881 2272 tem·

714 2339 795 2413 pus,
823 2325 863 2391 ut
888 2317 1024 2391 dicium
1053 2326 1119 2410 est,
1145 2321 1288 2391 co’suoi
1307 2320 1445 2410 pileolo
1467 2319 1588 2409 diooti,·
1605 2323 1644 2392 et
1659 2317 1741 2393 ideo
1761 2317 1880 2413 justis,

626 2452 628 2460 ’
715 2457 734 2510 e
758 2458 822 2510 con
848 2441 988 2529 sospiri,
1010 2459 1031 2510 a
1051 2437 1232 2532 prolundo
1248 2438 1378 2512 cordis.
1396 2437 1440 2511 Et
1455 2436 1558 2512 dicit:
1584 2439 1765 2510 edomate
1781 2439 1883 2544 m'lu

716 2561 808 2651 depli
832 2561 916 2630 altri
945 2560 1029 2649 piri,
1055 2558 1287 2632 interioribus
1319 2556 1534 2654 purgatorii,
1559 2557 1704 2652 scilicet7
1734 2558 1781 2631 de
1811 2557 1884 2631 cir·

717 2681 802 2754 culo
826 2679 1018 2774 superbiae,
1044 2677 1187 2752 invidiae
1201 2672 1238 2771 (¹)
1261 2685 1329 2753 etc.
1344 2719 1394 2732 -
1410 2683 1531 2751 Tanto.
1549 2678 1615 2752 llio
1630 2678 1801 2752 Foresius
1816 2697 1884 2751 ex·

717 2801 808 2874 tollit
833 2799 1121 2896 singularitatem
1157 2797 1301 2872 virtutis
1329 2798 1477 2891 duellae,
1502 2819 1588 2891 quae
1613 2818 1750 2893 paticus
1773 2797 1885 2872 habet

715 2921 830 2996 socias
856 2919 951 2994 inter
989 2927 1042 2993 tot
1079 2919 1288 2994 inhonestas
1321 2919 1495 2993 mulieres
1520 2919 1740 2992 florentinos.
1773 2919 1817 2991 Et
1842 2923 1885 2991 ut

714 3041 850 3134 videm,
874 3039 962 3134 quid
988 3047 1097 3114 autor
1123 3047 1248 3114 noster
1272 3039 1403 3114 sentiat
1420 3038 1489 3113 sub
1510 3039 1658 3114 nomino
1677 3039 1800 3132 unius,
1817 3039 1883 3114 de·

713 3163 778 3236 bes
804 3167 942 3253 notare,
969 3159 1069 3254 quod
1096 3159 1183 3233 nihil
1207 3165 1263 3234 est
1288 3158 1432 3252 melius,
1458 3157 1545 3232 ninii
1575 3157 1701 3231 utilius
1725 3157 1884 3232 muliere

714 3281 855 3377 pudica.
882 3281 993 3354 Multa
1019 3280 1115 3354 enim
1143 3287 1229 3353 sunt
1245 3301 1330 3374 qum
1345 3299 1413 3374 per
1429 3299 1470 3352 se
1490 3278 1681 3352 nobilitant
1707 3279 1806 3353 clara
1828 3279 1884 3352 in·

714 3401 820 3498 Quia
847 3401 1034 3494 virorum3
1066 3408 1104 3474 at
1140 3401 1338 3474 mulierum
1366 3399 1512 3494 propria
1543 3399 1660 3473 virtus
1690 3406 1745 3474 est
1777 3399 1881 3494 pudi·
1970 3405 1984 3442 ‘

713 3521 820 3596 citio:
860 3522 940 3596 ideo
978 3543 1124 3596 summe
1162 3521 1355 3615 laudanda,
1393 3521 1479 3614 quia
1510 3519 1605 3594 bene
1638 3527 1805 3596 meretur
1835 3521 1882 3596 de

713 3641 924 3734 maioribus,
956 3662 1117 3736 quorum
1152 3641 1369 3737 sanguinem
1399 3639 1533 3713 furtiva
1558 3639 1701 3714 soboles
1726 3660 1799 3714 non
1827 3639 1882 3712 vi-

714 3761 799 3854 tiat3
825 3759 919 3834 bene
943 3759 989 3834 de
1015 3759 1094 3834 liliis
1119 3761 1182 3854 qui
1206 3781 1278 3834 non
1297 3759 1432 3834 habent
1450 3759 1734 3834 erubesceretis
1751 3766 1880 3852 matre,

714 3901 782 3956 nec
807 3879 974 3954 dubitare
998 3879 1044 3953 de
1069 3887 1194 3975 patre;
1220 3879 1315 3954 bene
1339 3879 1522 3974 primodo
1543 3900 1594 3973 se,
1613 3878 1725 3973 quam
1753 3879 1883 3954 liberat

714 4021 735 4075 a
761 4001 982 4076 contumelia
1012 4000 1117 4074 alieni
1145 4000 1318 4096 corporis.
1349 4001 1446 4096 Ergo
1476 3999 1774 4094 principalissime
1799 4020 1883 4073 mu·

714 4119 781 4195 lier
806 4120 914 4194 debet
940 4119 1077 4194 habere
1102 4140 1232 4194 curam
1256 4119 1448 4215 pudicitiae,
1466 4139 1540 4213 qua
1555 4119 1691 4194 amissa
1706 4110 1743 4211 (²)
1762 4119 1882 4195 omnis

713 4239 829 4314 virtus
855 4239 938 4313 ruit.
958 4239 1042 4313 llaeo
1059 4260 1259 4334 pauperem
1286 4237 1530 4331 commendat,
1556 4239 1705 4314 divitem
1731 4239 1881 4333 extollit,

711 4362 914 4436 deformem
943 4359 1098 4452 redimit,
1125 4366 1282 4434 exornat
1307 4361 1484 4455 pulcram.
1504 4361 1601 4456 Ergo
1618 4359 1748 4434 beatus
1767 4359 1881 4432 Fore·

713 4481 800 4574 sius,
813 4481 873 4555 cui
886 4481 1035 4576 contigit
1053 4479 1190 4555 nabere
1204 4481 1314 4554 talem
1329 4480 1542 4573 mulierem3
1556 4479 1603 4554 de
1620 4501 1694 4573 qua
1709 4479 1813 4554 dicit:
1831 4483 1884 4551 Lu

713 4603 890 4674 oedoocllo
916 4603 999 4692 mio,
1020 4599 1166 4694 scilicet,
1185 4600 1324 4692 duella,
1338 4621 1452 4694 quam
1473 4601 1612 4675 annulo
1635 4598 1882 4694 desponsave-

714 4741 806 4813 ram,
832 4722 891 4792 cie
915 4726 1010 4792 tanto
1028 4723 1135 4811 amai,
1157 4725 1195 4794 et
1212 4719 1307 4794 bene
1324 4719 1527 4795 redamavit
1544 4741 1606 4794 me
1623 4719 1819 4811 virentem,
1844 4723 1883 4793 ct

713 4839 938 4932 defunctum,
956 4845 1051 4912 moto
1067 4835 1088 4913 e*
1105 4861 1130 4911 o
1150 4842 1218 4912 Dio
1230 4834 1293 4932 pici
1309 4859 1400 4912 cora
1424 4861 1443 4912 c
1464 4834 1526 4933 pid
1545 4843 1677 4930 ddctto,
1697 4847 1829 4930 quomo
1843 4841 1882 4911 in

776 5096 801 5160 (¹)
819 5095 849 5148 Ε.
866 5095 966 5147 invidie
982 5103 1007 5148 ct
1024 5097 1145 5148 notm-
1157 5099 1245 5148 Tanto.
1322 5097 1350 5160 Ρ)
1366 5096 1397 5148 Ε.
1413 5098 1513 5160 amisso,
1530 5097 1685 5149 mitoneis
1700 5097 1784 5149 unm
1799 5097 1881 5150 llllur.
