4575 6842
697 976 768 1075 tot
1089 985 1294 1043 counuruu
1319 988 1486 1043 ranunrsr

695 1134 794 1213 enim
820 1140 930 1209 autor
950 1133 988 1208 iu
1011 1140 1134 1209 mento
1151 1154 1238 1209 sua:
1257 1135 1352 1210 bene
1369 1134 1475 1211 video
1492 1135 1592 1230 quod
1609 1137 1709 1213 Deus
1725 1144 1871 1216 creator

694 1253 852 1332 bominis
874 1253 1002 1329 debuit
1021 1274 1101 1329 esse
1122 1254 1394 1350 redemptorem
1418 1254 1519 1350 eius;
1539 1255 1603 1330 sed
1624 1277 1743 1352 quare
1756 1256 1870 1359 voluit

694 1394 886 1451 assumere
910 1394 1062 1450 carnem
1088 1376 1289 1450 humanam
1314 1375 1361 1451 de
1382 1396 1457 1449 una
1477 1375 1629 1453 loemina
1646 1384 1684 1455 et
1700 1379 1772 1475 pati
1790 1400 1871 1475 poe·

694 1518 780 1573 nam
807 1517 996 1589 amaram;
1016 1516 1137 1570 nonne
1162 1501 1306 1592 poterat
1330 1496 1516 1572 dimittere
1541 1497 1647 1573 bum
1669 1501 1815 1596 culpam
1833 1506 1870 1575 et

693 1617 880 1693 bominem
907 1636 1082 1713 reparare
1106 1616 1183 1691 sola
1209 1617 1400 1693 voluntate
1431 1622 1526 1693 snut
1556 1627 1658 1696 certe
1687 1620 1748 1696 sic.
1776 1620 1868 1696 Dicit

694 1759 804 1835 ergo:
831 1745 867 1812 tu
891 1740 971 1832 dici,
997 1737 1099 1833 idest,
1125 1737 1249 1813 dicere
1274 1743 1311 1812 et
1336 1744 1463 1832 petere
1496 1738 1569 1813 ris:
1603 1744 1677 1814 Bm
1705 1745 1867 1817 dbcmno

692 1852 746 1933 oid
771 1861 949 1949 cb'i’odo,
974 1857 1077 1952 idest,
1103 1858 1199 1932 bene
1224 1857 1496 1955 comprehendo
1529 1859 1701 1955 quicquid
1734 1870 1773 1936 tu
1810 1862 1866 1938 di-

694 1980 787 2073 xisti,
812 1978 958 2074 scilicet,
976 1978 1075 2072 quod
1101 1978 1265 2053 Christus
1283 1985 1405 2054 morte
1421 2000 1488 2054 sua
1508 1981 1662 2058 redemit
1679 1983 1863 2061 bominem

692 2100 906 2175 damnatum
940 2098 1048 2195 culpa
1082 2120 1170 2193 sua;
1196 2121 1256 2173 mo
1290 2096 1370 2175 m’e'
1399 2105 1543 2193 occulto,
1573 2102 1676 2195 idest,
1708 2124 1775 2199 per
1805 2124 1868 2181 me

691 2243 765 2297 nou
785 2220 923 2317 iudico,
944 2216 1074 2314 percle*
1095 2224 1166 2294 Dio
1191 2224 1320 2295 potesse
1340 2242 1412 2315 pur
1437 2229 1555 2314 quem
1584 2225 1701 2317 modo,
1730 2229 1767 2298 ot
1791 2244 1866 2299 non

690 2342 819 2437 alium,
842 2364 867 2415 α
891 2349 1015 2417 corbo
1039 2343 1261 2417 redemtore.
1287 2340 1341 2417 dd
1367 2342 1437 2416 boc
1472 2342 1667 2438 respondet
1690 2342 1865 2441 Augusti·

692 2485 772 2556 nus,
803 2461 901 2557 quod
935 2461 1027 2536 alius
1061 2461 1192 2536 modus
1223 2461 1291 2536 luit
1320 2461 1496 2559 possibilis
1525 2463 1614 2557 Deo,
1645 2462 1708 2539 sed
1742 2465 1863 2539 nullus

690 2590 825 2657 nostrae
859 2582 1016 2685 miseriae
1030 2575 1066 2675 (¹)
1098 2582 1280 2657 salvandae
1312 2582 1610 2658 convenientior:
1647 2604 1715 2659 neo
1740 2590 1864 2661 tamen

689 2706 866 2799 dicemus,
892 2703 1018 2779 debuit
1042 2703 1114 2777 alio
1140 2703 1251 2779 modo
1274 2703 1473 2779 redemisse
1498 2704 1692 2800 mundum,
1711 2706 1769 2779 rel
1790 2726 1864 2781 non
1939 2792 1943 2797 ,

690 2824 826 2918 debuit,
844 2823 930 2919 quia
948 2844 1021 2897 uon
1046 2843 1093 2898 ex
1118 2822 1253 2917 debito,
1274 2823 1338 2898 sed
1357 2845 1406 2898 ex
1426 2825 1503 2899 sola
1524 2824 1686 2901 bonitate
1711 2824 1796 2900 lacit
1811 2817 1861 2919 ζ’).

688 2985 738 3000 -
755 2950 889 3035 Questo.
915 2943 981 3019 Hic
1005 2944 1153 3019 Beatrix
1172 2943 1332 3040 assignat
1348 2964 1499 3020 oausam
1517 2943 1627 3020 buius
1647 2944 1862 3043 ignorantie

689 3074 726 3143 et
750 3065 991 3160 difficultatis3
1017 3064 1126 3139 etad
1152 3064 1262 3139 buius
1288 3065 1403 3141 tttorae
1427 3065 1579 3141 difficilis
1596 3057 1632 3159 (³)
1659 3066 1863 3164 intelligen-

689 3188 777 3263 tiam
803 3192 948 3282 oportet
973 3185 1092 3282 primo
1119 3192 1260 3279 notare,
1286 3185 1385 3279 quod
1411 3185 1534 3261 nullus
1559 3193 1614 3261 est
1640 3186 1862 3264 conveniens

688 3308 834 3382 auditor
859 3327 974 3382 sacrae
995 3305 1167 3399 scientiae,
1186 3304 1253 3379 nisi
1271 3305 1429 3399 bumilis,
1449 3306 1621 3402 mundus,
1641 3306 1764 3401 tidelis,
1782 3313 1861 3381 stu-

688 3429 831 3522 diosus;
856 3426 938 3501 ideo
955 3426 1025 3500 sub
1042 3425 1179 3500 cortice
1196 3426 1312 3501 literae
1328 3433 1456 3520 aperte
1481 3427 1687 3502 occultatur
1708 3427 1861 3525 mystica

689 3556 726 3626 et
751 3546 932 3645 protunda
956 3544 1192 3642 intelligentia
1216 3545 1264 3621 ad
1288 3544 1602 3641 comprimendam
1628 3548 1858 3644 superbiam:

689 3669 853 3745 Christus
877 3666 975 3743 enim
1002 3664 1129 3739 doctor
1156 3664 1265 3739 buius
1290 3665 1460 3761 scientiae,
1483 3665 1567 3741 licet
1592 3677 1689 3743 esset
1713 3667 1860 3743 humilis

687 3790 724 3863 in
750 3808 874 3882 carne,
899 3786 995 3860 altus
1019 3792 1144 3860 tamen
1178 3792 1258 3861 erat
1289 3786 1327 3860 in
1356 3786 1563 3883 divinitate3
1594 3787 1676 3863 ideo
1706 3788 1858 3865 decebat

687 3912 807 4007 ipsum
832 3913 871 3984 et
895 3906 974 3982 eius
990 3906 1195 3982 doctrinam
1212 3906 1350 3982 babere
1367 3906 1610 3983 humilitatem
1631 3908 1669 3982 in
1686 3928 1857 3983 sermone

686 4052 773 4105 cum
799 4026 1044 4125 profunditate
1069 4026 1278 4123 sententiae3
1296 4032 1333 4102 et
1350 4026 1437 4123 quia
1463 4026 1595 4103 missus
1620 4034 1701 4103 erat
1725 4028 1859 4103 docere

686 4169 836 4226 omnem
864 4146 1068 4242 veritatem,
1089 4146 1171 4222 ideo
1197 4148 1429 4243 competebat
1453 4147 1534 4223 eius
1557 4148 1744 4243 doctrinae,
1764 4154 1804 4223 ut
1820 4147 1855 4221 iu

686 4291 762 4347 uno
779 4287 951 4345 sermone
964 4266 1182 4363 multiplices
1195 4268 1350 4343 laterent
1366 4267 1625 4365 intelligentie.
1639 4267 1731 4343 Dicit
1747 4287 1855 4365 ergo:

690 4396 843 4487 Osrute,
862 4389 963 4483 idest,
982 4389 1157 4463 obantes
1177 4387 1307 4463 dilecte
1333 4388 1394 4483 mi,
1412 4395 1536 4483 queem·
1554 4392 1703 4485 decr-em
1723 4388 1857 4463 scilicet

686 4510 953 4606 incarnationis,
969 4516 1024 4583 stu
1041 4511 1185 4601 sepulto,
1203 4508 1305 4603 idest,
1326 4508 1549 4606 ignoratum,
1567 4512 1641 4601 apli
1659 4510 1767 4600 occdi,
1786 4506 1856 4583 sci-

686 4628 768 4709 licet
784 4628 1100 4724 intellectualibus,
1117 4630 1156 4703 di
1171 4632 1348 4723 οἱαεαιηο,
1365 4628 1502 4705 scilicet
1518 4628 1677 4725 superbi,
1691 4630 1719 4702 tl
1732 4630 1788 4701 cui
1802 4630 1857 4701 irr-

684 4773 798 4845 pepno
815 4771 888 4826 nou
905 4746 1072 4842 dodum,
1090 4749 1193 4845 idest,
1211 4749 1405 4847 nutritum,
1422 4754 1516 4825 uella
1528 4754 1677 4845 flammo
1692 4753 1852 4844 d'omor,

686 4873 788 4967 idest,
804 4870 947 4946 ardenti
971 4891 1100 4945 amore
1124 4870 1294 4945 caritatis.
1313 4870 1405 4945 Nam
1426 4870 1635 4945 divinarum
1653 4870 1853 4966 scriptura-

747 5134 776 5201 (¹)
792 5134 823 5185 B.
838 5138 933 5186 nubre
949 5134 1041 5187 mima
1057 5134 1193 5187 salvanda.
1319 5134 1347 5199 (⁸)
1362 5134 1393 5186 ll.
1409 5134 1479 5189 recte
1604 5132 1632 5201 (¹)
1648 5139 1672 5199 l,
1688 5134 1770 5189 lortls
