4575 6842
821 975 962 1030 caurus
985 975 1156 1029 ocrnms.
1506 962 1577 1029 493

406 1139 453 1195 ex
471 1121 602 1217 pelago
626 1108 757 1195 Africae
782 1140 869 1193 cum
895 1120 1066 1195 omnibus
1094 1118 1206 1214 copiis
1236 1120 1439 1194 Messanam
1467 1120 1580 1214 appli-

404 1241 492 1316 cuit
515 1240 574 1315 Sic
591 1241 705 1337 igitur
722 1240 905 1315 lohannes
922 1240 1016 1314 mira
1037 1246 1119 1313 arte
1134 1244 1172 1313 et
1189 1239 1420 1327 noncredita
1448 1239 1582 1333 eripuit

404 1360 562 1437 Siciliam
593 1360 736 1454 Carolo,
767 1379 865 1434 anno
897 1359 1145 1435 sextodecimo
1184 1364 1378 1453 postquam
1409 1363 1580 1434 tenuerat

404 1480 504 1556 illam
532 1481 690 1556 nobilem
719 1480 902 1572 insulam,
928 1500 995 1574 pro
1025 1501 1099 1572 qua
1128 1478 1295 1553 habenda
1329 1484 1382 1553 tot
1412 1486 1449 1555 et
1481 1485 1580 1553 tanta

352 1659 355 1662 -
405 1602 534 1697 proelia
559 1601 646 1675 olim
672 1609 776 1698 gesta
801 1606 888 1675 sunt
912 1600 1007 1677 inter
1032 1601 1188 1673 Romam
1215 1606 1253 1673 et
1276 1600 1447 1673 Africam.
1474 1600 1579 1673 Nunc

406 1728 462 1797 est
484 1721 778 1796 descendendum
805 1721 852 1795 ad
876 1720 1034 1795 literam.
1061 1718 1153 1793 Dicit
1178 1720 1349 1793 Carolus:
1378 1718 1505 1793 nobilis
1522 1718 1579 1791 in·

405 1841 485 1915 sula
512 1841 640 1915 Siciliae
666 1840 890 1935 pervenisset
914 1839 962 1913 ad
985 1838 1245 1914 descendentes
1272 1858 1385 1932 meos,
1416 1860 1454 1912 se
1482 1840 1580 1911 mola

404 1964 579 2053 morta,
597 1962 808 2035 lranoorum
833 1980 920 2035 cum
947 1958 1130 2054 superbia,
1148 1958 1309 2051 luxuria,
1330 1957 1484 2033 avaritia
1507 1958 1577 2030 im-

406 2081 585 2175 portabili,
605 2082 671 2167 ple
693 2101 830 2172 smnpre
852 2099 997 2170 cccoru,
1015 2078 1117 2171 idest,
1135 2084 1253 2170 necat,
1275 2079 1333 2151 vel
1351 2076 1516 2152 accendit
1532 2077 1579 2151 ad

333 2228 336 2238 ¹
405 2199 513 2293 iram,
540 2202 706 2293 lipopoli
728 2203 888 2292 suppetit,
907 2220 981 2272 non
1006 2218 1126 2271 coesse
1149 2218 1264 2271 moseo
1289 2200 1468 2287 Pulermo,
1491 2216 1574 2271 nam

405 2320 503 2415 apud
516 2322 743 2395 Panormum
758 2321 906 2415 incoepit
919 2320 1111 2412 tumultus,
1124 2340 1150 2389 a
1165 2321 1316 2409 prtdcr:
1328 2322 1447 2409 Mora,
1462 2338 1576 2391 amru.

405 2438 481 2515 Nec
506 2460 686 2533 umquam
713 2439 866 2514 Carolus
890 2444 1029 2534 postea,
1054 2439 1112 2513 vel
1137 2439 1194 2511 sui
1220 2438 1481 2513 descendentes
1511 2458 1577 2533 po·

405 2567 558 2635 tuerunt
583 2580 805 2655 recuperare
829 2559 1006 2654 Siciliam,
1037 2560 1112 2634 imo
1144 2560 1221 2654 ipse
1254 2560 1407 2633 Carolus
1432 2560 1506 2633 cito
1531 2579 1576 2633 er

405 2682 532 2757 dolore
559 2690 728 2755 mortuus
752 2687 820 2775 est,
838 2682 964 2756 relicto
990 2680 1063 2755 lilio
1088 2687 1207 2775 capto,
1234 2688 1271 2756 et
1297 2699 1412 2777 regno
1437 2680 1577 2775 Apuliae

406 2803 442 2877 in
469 2824 604 2897 magna
630 2802 965 2876 contusione-E.
992 2802 1057 2876 llic
1081 2802 1235 2877 Carolus
1260 2801 1456 2896 persuadet
1473 2799 1577 2875 lratri

407 2944 489 3017 suo,
516 2931 557 2997 ut
582 2924 751 3017 exemplo
776 2922 836 2996 avi
862 2924 918 2995 sui
945 2923 1094 2997 territus
1118 2929 1248 2997 careat
1272 2942 1319 2997 ne
1344 2922 1484 2997 accidat
1508 2920 1576 2995 sibi

407 3044 524 3130 simile
549 3043 586 3116 in
612 3062 727 3138 regno
758 3063 838 3134 suo,
865 3042 952 3135 quia
985 3043 1141 3118 babebat
1171 3042 1345 3117 officiales
1375 3062 1509 3115 avaros
1537 3040 1576 3113 in

406 3164 516 3239 terris
539 3163 625 3255 suis,
651 3163 715 3255 qui
740 3161 980 3255 acquirebant
1005 3162 1071 3235 sibi
1099 3162 1290 3257 pecuniam
1317 3168 1354 3237 et
1379 3162 1457 3257 regi
1483 3159 1577 3235 inla-

408 3284 531 3359 miam.
550 3282 641 3356 Dicit
657 3302 763 3377 ergo:
782 3287 815 3354 E
827 3303 865 3355 se
885 3286 955 3354 mm
969 3286 1076 3375 fruta,
1090 3281 1236 3375 scilicet,
1250 3282 1445 3375 asbertus,
1459 3288 1577 3373 questo

366 3431 371 3440 ·
406 3404 631 3492 ondoedesse,
645 3401 749 3493 quasi
763 3400 875 3474 dicat:
893 3401 925 3485 si¹
940 3421 987 3475 er
1006 3403 1076 3476 boc
1089 3402 1186 3476 malo
1199 3401 1385 3496 praeterito
1399 3401 1578 3496 praeride-

407 3531 464 3599 ret
484 3524 543 3597 rel
565 3520 890 3616 praecousideraret
913 3542 1038 3614 suum,
1049 3522 1129 3616 jam
1148 3521 1355 3616 provideret
1375 3521 1458 3615 sibi3
1481 3521 1580 3595 unde

405 3644 510 3720 dicit:
537 3645 690 3715 l'avom
711 3630 861 3733 povertd
884 3642 922 3713 di
948 3644 1158 3731 Catalopno,
1184 3642 1253 3715 boc
1278 3642 1374 3735 dicit,
1397 3642 1483 3735 quia
1510 3660 1575 3715 rex

407 3764 588 3838 liebertus
614 3762 760 3855 quando
786 3760 884 3835 stetit
900 3760 938 3833 in
954 3760 1149 3856 aragonia,
1167 3762 1272 3835 cuius
1289 3784 1374 3857 pars
1392 3761 1575 3836 maritima

407 3890 561 3958 vocatur
585 3881 782 3972 Catalonia,
808 3880 916 3955 obses
939 3901 1007 3975 pro
1032 3887 1137 3974 patre
1162 3902 1242 3974 suo,
1267 3882 1459 3973 acquisivit
1483 3880 1579 3956 ami-

407 4003 509 4077 citias
533 4010 572 4076 et
596 4001 859 4075 lamiliaritates
883 4002 1100 4094 multomm,
1130 4021 1225 4093 quos
1254 4006 1379 4095 postea
1408 4001 1444 4073 in
1475 4000 1576 4075 ltalia

408 4123 650 4219 promovebat
679 4123 726 4196 ad
753 4121 884 4215 officia,
917 4121 981 4215 qui
1012 4127 1195 4195 noverant
1209 4112 1245 4211 (¹)
1278 4120 1371 4194 bene
1396 4140 1576 4194 accumu-

409 4244 498 4317 lare.
525 4242 578 4315 dd
604 4241 702 4336 quod
727 4243 803 4316 duo
828 4240 1061 4336 impellebant
1085 4260 1161 4332 eos,
1192 4238 1338 4333 scilicet,
1368 4246 1576 4334 paupertas,

409 4384 494 4459 quae
520 4361 650 4437 suadet
675 4362 813 4437 homini
839 4363 979 4437 lurtum
998 4368 1036 4436 et
1052 4362 1236 4455 rapinam3
1255 4366 1291 4435 et
1308 4360 1473 4455 avaritia,
1492 4350 1577 4453 qum

410 4484 527 4559 reddit
544 4484 730 4558 bominem
753 4483 983 4577 ingeniosum
1000 4480 1187 4556 adomnia
1205 4478 1325 4555 illicita
1342 4479 1456 4555 lucra.
1476 4480 1579 4556 Unde

409 4604 505 4679 bene
524 4603 716 4677 Africanus
742 4602 862 4677 minor
878 4603 1067 4676 consultus
1091 4602 1129 4675 in
1154 4608 1296 4694 senatu,
1316 4606 1400 4677 uter
1416 4600 1577 4676 duorum
1647 4658 1652 4665 .

408 4720 563 4798 deberet
581 4723 673 4797 mitti
689 4723 736 4797 ad
750 4721 949 4819 regendam
962 4720 1199 4815 provinciam,
1214 4721 1413 4815 respondit:
1434 4729 1579 4822 neuter,

409 4844 494 4938 quia
519 4845 613 4918 alter
638 4843 725 4916 nibil
750 4843 871 4935 babet,
897 4840 1001 4915 alteri
1028 4841 1114 4915 nibil
1130 4840 1279 4916 sufficit.
1301 4842 1345 4913 Et
1366 4861 1455 4917 vere
1479 4850 1580 4919 cata-

471 5100 499 5165 (¹)
514 5100 545 5151 lt
560 5100 710 5152 rolnernnt.
