4575 6842
840 1005 980 1062 murus
1004 1006 1147 1060 sarnus.
1506 993 1577 1062 325

406 1153 563 1236 ellectu:
590 1154 685 1230 boue
708 1171 890 1248 cognosco
915 1170 961 1226 ex
987 1149 1109 1225 verbis
1143 1149 1216 1224 tuis
1251 1170 1369 1244 quare
1399 1149 1576 1246 coeperim

406 1294 506 1352 uuuc
530 1273 660 1350 audire
685 1290 825 1347 novum
857 1273 1001 1364 sonum,
1035 1276 1072 1344 et
1105 1267 1232 1344 videre
1265 1289 1403 1344 novum
1439 1270 1578 1363 lumen,

406 1393 470 1472 sod
495 1412 569 1468 nou
595 1411 743 1488 possum
770 1409 994 1486 cognoscere
1019 1388 1178 1484 qualiter
1202 1407 1301 1463 nunc
1318 1409 1403 1464 cum
1422 1409 1578 1484 corpore

405 1512 610 1610 ponderoso
638 1519 822 1588 transeam
848 1530 914 1605 per
939 1510 1008 1586 isla
1032 1529 1188 1606 corpora
1213 1509 1319 1584 levia.
1341 1510 1385 1583 El
1406 1511 1463 1586 bic
1480 1517 1576 1604 nota,

405 1633 532 1728 lector,
558 1633 656 1727 quod
682 1635 752 1708 boo
777 1638 832 1708 est
856 1631 1008 1727 dignum
1035 1633 1143 1728 longa
1169 1630 1393 1706 discussione
1406 1623 1443 1723 (⁴)
1467 1652 1578 1726 super

405 1753 472 1830 ista
497 1753 737 1850 admiratione
762 1751 925 1845 autorls;
952 1771 1038 1828 uam
1068 1751 1204 1830 Dentes
1236 1771 1335 1826 nunc
1368 1756 1578 1829 contractus

405 1873 442 1950 iu
467 1893 593 1950 arcem
626 1891 707 1948 sum
736 1871 868 1948 mentis
901 1871 1161 1966 speculabatur
1193 1871 1303 1946 simul
1336 1871 1511 1952 vilitatem
1541 1876 1579 1950 et
1651 1959 1654 1964 ,

405 1994 666 2072 sublimitatem
689 1994 862 2070 bumana
880 2000 1034 2070 nalurae.
1052 1992 1158 2087 Nam,
1176 1999 1219 2069 ut
1235 1991 1477 2088 perstringam
1495 1992 1578 2086 plu·

405 2115 500 2192 rima
525 2114 661 2210 paucis,
688 2113 776 2190 nibil
802 2113 972 2188 miserius
996 2113 1157 2205 bomine,
1192 2111 1280 2188 nibil
1309 2111 1467 2206 lelicius3
1498 2111 1578 2188 vili·

406 2243 518 2312 tatem
546 2233 693 2329 quidem
720 2233 974 2309 considerabat
999 2233 1141 2308 ratione
1156 2225 1194 2325 (¹)
1221 2232 1385 2308 maaria
1414 2231 1578 2327 corporis

405 2354 669 2452 pergravantis,
695 2361 738 2428 ut
762 2355 950 2451 eleganter
975 2359 1013 2430 ot
1038 2374 1134 2450 saepe
1159 2353 1284 2429 scribit
1303 2353 1440 2426 Plinius
1456 2353 1492 2427 in
1511 2373 1579 2428 na-

290 2567 292 2572 ,
405 2475 515 2552 lurali
533 2475 706 2552 bisloria:
726 2473 812 2568 quid
830 2473 928 2548 enim
946 2473 1118 2554 miserius
1133 2473 1282 2550 bomine
1300 2472 1362 2566 qui
1379 2478 1579 2567 conceptus

405 2596 443 2674 iu
467 2594 598 2672 loetore
615 2593 785 2687 luxuria,
804 2593 963 2668 nutritus
984 2593 1181 2668 loedissimo
1197 2593 1384 2685 alimento,
1399 2591 1498 2687 quod
1510 2612 1578 2666 no·

407 2714 548 2790 minare
573 2713 692 2808 pudor
716 2710 904 2807 probibet3
924 2732 1035 2806 quem
1053 2717 1254 2805 antequam
1276 2717 1449 2786 nascatur
1464 2710 1578 2787 inter-

407 2835 496 2912 dum
523 2833 632 2911 loelor
656 2831 816 2908 caudelae
834 2831 1003 2906 extincta
1021 2831 1202 2926 interficit,
1222 2836 1260 2906 et
1281 2829 1408 2907 natum
1431 2850 1577 2905 morsus

407 2953 533 3034 culicis
557 2958 675 3046 necat,
701 2951 776 3027 imo
801 2951 895 3047 pilus
915 2951 953 3026 in
978 2953 1072 3028 lacte
1097 2952 1290 3028 suffocavit
1306 2951 1464 3028 nobilem
1490 2969 1579 3045 poe·

406 3082 482 3150 tam
508 3093 697 3170 graecum:
723 3073 835 3148 bomo
862 3071 1091 3148 miserrimus
1123 3072 1350 3166 animalium,
1378 3071 1575 3167 hospitium

408 3169 654 3287 miseriarum,
681 3193 954 3287 receptaculum
987 3192 1163 3285 sordium,
1189 3191 1396 3266 subiectum
1426 3189 1578 3265 morbu-

407 3335 505 3408 rum,
523 3333 634 3409 egens
654 3311 834 3404 omnium,
852 3311 938 3386 nibil
959 3331 1085 3388 secum
1105 3317 1227 3407 portat
1241 3303 1290 3406 (⁸),
1308 3311 1404 3388 iuter
1419 3311 1578 3402 dolores,

406 3454 533 3530 poeuas
559 3439 597 3508 et
620 3432 801 3528 pericula:
829 3432 923 3507 inter
950 3431 1182 3507 incommoda
1208 3437 1309 3508 tanta
1334 3438 1410 3506 tam
1437 3438 1580 3506 naturae

407 3575 520 3649 quam
539 3553 707 3647 lorluuae,
724 3555 836 3628 vitam
854 3553 931 3649 agit
948 3552 1215 3660 brevissimam,
1233 3573 1347 3647 qoam
1368 3551 1580 3647 auspicatur

407 3696 430 3754 a
456 3674 624 3769 planctu;
650 3692 796 3768 semper
821 3671 1018 3766 inquietus,
1036 3672 1209 3748 sollicitus
1234 3672 1281 3748 de
1304 3671 1500 3769 glorians
1516 3692 1582 3767 pe·

408 3794 530 3887 cunia,
555 3811 700 3886 semper
726 3797 883 3868 mortem
915 3791 1059 3885 timens,
1092 3812 1166 3885 qua
1198 3792 1285 3866 nibil
1320 3792 1452 3866 melius
1483 3791 1582 3866 dedit

408 3921 543 3994 natura
569 3911 718 4006 bomini,
749 3933 835 3986 cum
870 3912 983 3986 bomo
1015 3911 1153 3986 bomini
1184 3911 1292 3986 iaciat
1323 3919 1377 3987 tot
1409 3913 1518 4006 mala,
1544 3919 1582 3986 et

408 4034 598 4112 insidietur
636 4031 720 4108 vitae
757 4031 982 4107 breuissima
1016 4051 1081 4126 per
1117 4037 1173 4106 tot
1204 4052 1344 4128 genera
1379 4037 1581 4105 tormento·

410 4176 508 4248 rum,
534 4153 710 4230 mortium
727 4158 775 4228 et
809 4151 1064 4227 ludibriorum.
1089 4151 1184 4241 Quid
1210 4153 1309 4246 quod
1333 4151 1489 4248 pediculi
1514 4151 1582 4226 ali-

409 4274 557 4370 quando
583 4279 756 4350 roserunt
781 4292 909 4368 regem
935 4278 972 4348 et
994 4293 1141 4348 vermes
1167 4272 1454 4368 imperatorem?
1479 4272 1582 4347 Unde

409 4393 627 4491 quibusdam
655 4394 773 4468 visum
800 4399 855 4468 est
871 4393 1051 4488 optimum
1073 4413 1154 4469 esse
1171 4382 1355 4487 hominio)
1376 4415 1448 4468 non
1469 4395 1582 4488 nasci,

410 4517 469 4592 vel
494 4515 566 4594 cito
593 4514 698 4588 mori.
724 4515 752 4588 Ε
778 4520 905 4588 contra
931 4519 1057 4590 autem
1084 4513 1338 4590 considerabat
1362 4515 1495 4588 bantes
1520 4534 1583 4587 su·

409 4635 623 4712 blimitatem
651 4633 807 4733 bominis
833 4639 1013 4728 quantum
1039 4634 1084 4708 ad
1112 4633 1334 4708 intellectum
1363 4635 1465 4728 quasi
1490 4634 1583 4709 diri·

410 4776 513 4832 num.
537 4755 666 4830 Nonne
692 4759 820 4828 contra
846 4759 898 4828 tot
923 4773 1061 4848 genera
1079 4753 1312 4828 miseriarum
1335 4754 1445 4827 bomo
1462 4774 1503 4830 se
1519 4774 1583 4828 ar·

411 4880 489 4952 mat
513 4893 578 4968 per
604 4878 658 4948 tot
681 4891 819 4968 genera
843 4872 980 4949 artium
1007 4871 1182 4947 imitando
1207 4877 1410 4947 naturam?
1434 4873 1525 4947 Nam
1552 4874 1582 4946 si

472 5061 499 5118 ιζ’)
516 5058 546 5108 li.
563 5057 733 5108 distinctione.
921 5057 948 5120 (¹)
965 5057 996 5107 li.
1012 5057 1113 5108 ratione
1129 5059 1248 5120 corporis
1263 5058 1453 5120 praegraranlis.

474 5135 501 5198 (⁸)
517 5135 547 5185 ll.
563 5139 649 5199 partu
664 5134 712 5186 uiri
728 5133 840 5195 dolores,
854 5133 965 5195 laborer,
982 5147 1070 5198 panas
1085 5139 1120 5186 cl.
1245 5131 1272 5194 (ἢ
1288 5133 1320 5183 E.
1335 5134 1478 5184 bominum.
