4575 6842
725 1038 796 1107 466
1116 1054 1321 1111 corrrnruu
1346 1056 1513 1111 nunanrsr

723 1192 764 1272 se*
784 1206 907 1292 amsa,
933 1201 982 1275 ob
1006 1201 1153 1295 eulpam
1180 1220 1286 1275 suam
1314 1201 1350 1275 in
1375 1221 1525 1299 genere,
1546 1194 1638 1295 perr)
1667 1203 1727 1275 ohe
1751 1204 1783 1275 si
1806 1208 1899 1274 torre

724 1321 772 1392 du
797 1321 857 1393 viu
881 1322 920 1394 di
944 1310 1056 1395 uettd
1079 1342 1099 1393 e
1122 1322 1172 1395 do
1196 1341 1263 1395 suu
1287 1324 1371 1414 nitu,
1392 1322 1496 1416 idest,
1513 1322 1600 1417 quia
1618 1322 1767 1397 recessit
1784 1342 1807 1397 a
1822 1322 1899 1397 Deo

724 1440 787 1534 qui
813 1447 868 1515 est
893 1442 964 1536 via,
990 1441 1125 1516 veritas
1150 1449 1188 1517 et
1213 1442 1298 1536 vita,
1326 1448 1362 1517 et
1387 1442 1517 1518 cecidit
1533 1435 1569 1535 (¹)
1591 1442 1627 1517 iu
1653 1443 1811 1537 deviam,
1832 1441 1899 1518 ial-

725 1559 867 1636 sitatem
889 1568 926 1636 et
948 1568 1117 1636 mortem.
1131 1603 1182 1616 -
1194 1567 1246 1635 Lu
1262 1584 1368 1657 penu.
1386 1563 1451 1637 llic
1468 1563 1616 1639 Beatrix
1634 1562 1816 1639 ooucludit
1834 1584 1899 1639 ve-

726 1681 871 1756 ritatem
885 1681 1095 1775 quaestionis
1107 1702 1173 1777 per
1191 1703 1304 1756 unam
1322 1683 1609 1777 distinetionem3
1624 1690 1661 1758 et
1678 1685 1757 1759 vult
1774 1684 1898 1759 breri-

726 1808 783 1876 ter
809 1802 931 1877 dicere
956 1803 1055 1898 quod
1075 1824 1177 1877 mors
1194 1803 1324 1878 Christi
1343 1804 1409 1878 init
1421 1805 1521 1899 justa
1542 1810 1580 1880 et
1596 1803 1728 1880 iniusta
1744 1804 1897 1881 diversis

727 1922 963 2018 respectibus.
978 1922 1069 1997 Dicit
1086 1943 1197 2020 ergo:
1211 1930 1359 2016 Dunque
1377 1926 1487 2016 nulla,
1501 1924 1637 1999 scilicet
1649 1944 1768 2020 poena,
1780 1928 1896 2015 piam·

726 2044 799 2113 mui
822 2062 951 2134 morse,
969 2041 1072 2136 idest,
1089 2042 1230 2138 punivit
1249 2044 1423 2139 aliquem,
1440 2036 1470 2117 si
1487 2048 1524 2119 tu
1540 2066 1634 2138 perro
1653 2047 1714 2120 clu
1738 2048 1775 2117 lu
1797 2065 1898 2117 croco

720 2181 843 2254 porse,
869 2162 1015 2257 scilicet,
1042 2162 1195 2257 Christo,
1215 2184 1288 2256 qua
1314 2164 1414 2238 nulla
1435 2164 1503 2239 luit
1520 2164 1638 2238 maior
1663 2164 1710 2239 ad
1736 2186 1899 2261 purgan-

725 2280 811 2356 dam
838 2281 1039 2357 maximam
1065 2283 1224 2379 culpam,
1250 2304 1287 2356 se
1310 2288 1342 2357 si
1366 2287 1514 2377 misma,
1535 2284 1637 2379 idest,
1655 2284 1684 2359 si
1702 2284 1898 2379 reseratur,

726 2404 800 2475 ullu
824 2410 956 2477 nutura
981 2412 1139 2499 assunto,
1168 2404 1314 2499 scilicet,
1347 2406 1561 2499 humanam,
1593 2426 1706 2500 quarn
1735 2406 1900 2481 Christus

726 2522 922 2617 assumpsit
938 2530 980 2597 ut
1006 2523 1222 2618 redimeret3
1249 2546 1267 2597 e
1292 2517 1363 2597 cosi
1382 2528 1493 2618 nulla,
1519 2526 1623 2621 idest,
1648 2526 1698 2602 ita
1724 2532 1899 2603 econtra

726 2641 826 2715 nulla
849 2662 968 2737 poena,
984 2647 1025 2738 su
1041 2646 1080 2718 di
1095 2651 1194 2718 touta
1209 2646 1365 2735 inpima,
1384 2644 1474 2720 idest
1499 2645 1650 2741 ollensa,
1667 2649 1895 2742 puurdondo,

726 2760 830 2855 idest,
857 2769 1064 2857 respectum
1086 2764 1267 2859 hahendo,
1285 2768 1359 2838 ullo
1371 2786 1528 2858 persona
1544 2768 1604 2839 ohe
1619 2772 1777 2861 sufferre,
1797 2768 1899 2863 idest,

726 2882 774 2957 ad
800 2882 983 2957 Christum
1011 2884 1075 2979 qui
1101 2905 1230 2979 passus
1255 2892 1310 2960 est
1334 2886 1462 2981 ipsam,
1486 2890 1523 2960 in
1549 2890 1621 2979 ote,
1648 2887 1750 2983 idest,
1768 2888 1899 2983 inqua

726 3022 882 3098 persona
900 3005 1043 3100 Christi,
1061 3027 1125 3078 eru
1143 3012 1319 3081 contracta
1339 3009 1547 3101 tornatura,
1568 3008 1704 3084 scilicet
1724 3010 1897 3084 humana.

727 3124 772 3197 Et
796 3124 854 3199 hic
881 3130 966 3199 nota
992 3125 1091 3220 quod
1116 3126 1280 3200 Christus
1305 3147 1433 3222 passus
1458 3133 1513 3201 est
1543 3127 1708 3223 passione
1723 3119 1761 3220 (¹)
1785 3148 1900 3225 gene-

728 3244 907 3321 ralissima
932 3267 1006 3321 non
1031 3244 1150 3320 solum
1178 3247 1381 3321 secundum
1399 3246 1523 3322 omnia
1544 3248 1712 3322 membra
1735 3247 1899 3344 corporis

727 3364 950 3461 principalia,
976 3366 1176 3443 sedetiam
1202 3367 1407 3441 secundum
1433 3388 1583 3441 omnem
1609 3368 1741 3443 animae
1770 3374 1899 3464 poten·

728 3484 838 3559 tiam:
864 3487 1032 3582 passione
1057 3486 1291 3565 acerbissima
1317 3508 1392 3561 non
1423 3486 1542 3562 solum
1574 3487 1741 3582 dolendo,
1768 3494 1811 3561 ut
1834 3508 1899 3584 pa-

727 3604 821 3679 tiens
846 3625 913 3699 per
939 3606 1105 3701 vulnera,
1132 3605 1195 3681 sed
1221 3606 1331 3680 etiam
1358 3607 1584 3681 condolendo
1609 3612 1651 3680 ut
1676 3608 1900 3703 compatiens

725 3729 876 3820 propter
897 3731 1022 3799 nostra
1039 3725 1188 3801 delicta:
1206 3726 1374 3821 passione
1391 3725 1731 3823 ignominiosissima
1751 3734 1900 3823 propter

727 3844 933 3940 patibulum
967 3845 1088 3920 crucis
1121 3845 1217 3921 inter
1245 3846 1424 3922 latrones:
1456 3846 1624 3942 passione
1654 3846 1900 3943 peremptoria

728 3972 877 4061 propter
907 3966 1175 4062 separationem
1208 3967 1341 4041 animae
1378 3988 1400 4041 a
1439 3987 1606 4063 corpore,
1638 3968 1738 4043 salva
1777 3973 1900 4043 tamen

729 4086 866 4161 unione
884 4086 1076 4181 utriusque
1093 4108 1179 4161 cum
1199 4087 1352 4162 deitate:
1368 4087 1462 4161 lilius
1479 4088 1577 4162 enirn
1597 4094 1767 4163 naturam
1787 4110 1900 4184 quam

729 4208 844 4283 semel
869 4206 1064 4304 assumpsit
1089 4228 1295 4302 numquam
1320 4200 1644 4282 dimisit-Peri.
1671 4208 1736 4283 llic
1753 4208 1900 4284 Beatrix

729 4348 776 4403 ex
802 4328 904 4402 dictis
929 4328 1024 4403 elicit
1049 4348 1163 4401 unam
1186 4328 1382 4403 notabilem
1401 4328 1632 4422 seutentiam,
1651 4328 1786 4403 seilicet
1802 4328 1900 4423 quod

729 4470 827 4521 unus
852 4455 889 4524 et
914 4449 1010 4523 idem
1038 4454 1143 4523 actus
1160 4454 1277 4544 potest
1303 4468 1381 4523 esse
1407 4448 1526 4522 honus
1551 4455 1586 4523 et
1613 4448 1731 4523 malus
1751 4449 1902 4525 diversi·

729 4569 849 4644 mode.
867 4570 912 4643 Et
928 4570 974 4644 ad
992 4570 1102 4644 huius
1119 4569 1234 4644 literae
1253 4570 1379 4644 utilem
1398 4568 1669 4666 intelligentiam
1689 4576 1745 4645 est
1760 4570 1899 4645 henum

730 4696 860 4765 notare
886 4691 985 4786 quod
1011 4690 1183 4787 quamvis
1204 4690 1321 4785 passio
1339 4690 1470 4765 Christi
1490 4691 1586 4765 bona
1604 4690 1714 4765 luerit
1738 4690 1775 4765 in
1800 4712 1841 4767 se
1866 4698 1902 4767 et

730 4811 968 4905 sanctissima,
994 4817 1031 4886 et
1056 4812 1220 4886 humano
1251 4810 1378 4907 generi
1410 4811 1609 4907 fructuosa,
1640 4818 1764 4888 tamen
1789 4812 1902 4908 judai

731 4950 804 5003 non
830 4932 1098 5007 constituerunt
1123 4954 1206 5007 eam
1222 4922 1258 5026 (³)
1278 4932 1389 5007 linem
1407 4952 1484 5007 suae
1501 4932 1653 5007 actionis
1670 4942 1819 5029 propter
1836 4934 1902 5009 ho-

793 5113 822 5177 (¹)
837 5117 868 5166 E.
885 5118 977 5168 oecidit
992 5118 1019 5167 in
1035 5118 1182 5169 salutatem.
1343 5118 1371 5181 (¹)
1387 5122 1410 5179 t,
1428 5119 1570 5181 passionem
1586 5116 1814 5183 generalissimam.

794 5190 820 5254 (Ἴ
836 5192 867 5242 B.
883 5204 941 5243 enm
958 5194 990 5245 ml
1006 5193 1092 5245 fluam
