4575 6842
727 950 799 1017 tlt
1118 956 1324 1013 comanus
1348 958 1516 1013 nauum

722 1112 764 1204 [u
787 1110 826 1182 di
849 1111 901 1181 nrt
924 1108 1017 1198 voto,
1047 1106 1135 1200 quia
1152 1104 1283 1197 aquila
1309 1105 1393 1179 lecit
1413 1112 1502 1181 tuuc
1520 1126 1697 1203 magnum
1717 1110 1901 1203 volatum3

724 1248 815 1303 uam
841 1228 905 1301 ubi
932 1226 1056 1303 Gasar
1079 1231 1293 1321 portaverat
1321 1225 1441 1320 primo
1469 1226 1631 1322 aquilam
1662 1227 1701 1301 iu
1730 1228 1901 1304 nonusn-

725 1356 815 1444 tem,
841 1368 940 1423 uuae
965 1346 1113 1422 retorsit
1135 1345 1253 1441 ipsam
1278 1345 1315 1420 iu
1340 1346 1535 1441 orientem,
1553 1352 1595 1421 ut
1614 1347 1667 1421 ait
1682 1347 1824 1443 Florus,
1842 1350 1902 1422 uta

724 1472 787 1543 nol
808 1471 997 1559 oparata
1020 1471 1142 1558 dopna
1166 1462 1212 1541 nd
1230 1487 1363 1559 penna,
1389 1467 1494 1561 quasi
1520 1466 1635 1541 dieat:
1663 1467 1788 1565 lingua
1819 1468 1902 1544 luti·

724 1596 879 1687 paretur
909 1589 947 1662 iu
982 1586 1179 1681 narrando,
1213 1594 1250 1661 et
1282 1606 1404 1682 penna
1436 1586 1474 1660 iu
1506 1586 1767 1680 describeud03
1802 1588 1900 1663 uode

723 1713 818 1787 alter
842 1709 1038 1786 Suetonius
1062 1708 1147 1783 lecit
1170 1708 1257 1783 satis
1284 1728 1462 1803 magnum
1489 1708 1625 1783 librum
1650 1708 1698 1785 da
1726 1709 1793 1783 ista
1819 1730 1900 1784 ma-

723 1832 828 1908 teria.
855 1832 900 1904 Et
931 1828 1054 1915 subdit
1086 1829 1201 1903 breve
1230 1827 1368 1902 bellum
1398 1828 1536 1903 lactum
1569 1828 1605 1901 in
1634 1828 1813 1924 H'upauia
1843 1830 1898 1903 nd

726 1950 825 2047 quod
842 1956 897 2023 est
914 1948 1116 2041 sciendum,
1142 1947 1243 2041 quod
1259 1946 1382 2022 Caesar
1399 1948 1577 2043 dispositis
1598 1949 1709 2024 rebus
1730 1950 1766 2024 iu
1783 1950 1898 2043 itala,

724 2071 851 2169 fugato
875 2069 1049 2163 Pompeio
1075 2068 1193 2142 noluit
1226 2068 1397 2163 persequi
1432 2069 1565 2165 ipsum,
1597 2090 1645 2145 ne
1674 2070 1899 2165 relimpreret

723 2190 790 2265 sibi
814 2210 836 2264 a
863 2197 969 2287 tergo
993 2189 1132 2263 bellum
1159 2187 1400 2283 formidabile,
1425 2210 1512 2264 cum
1539 2189 1738 2265 incredibili
1769 2189 1900 2266 eeleri-

723 2316 800 2385 tate
827 2309 991 2384 transivit
1016 2308 1053 2383 in
1084 2309 1307 2402 Hispaniam,
1333 2330 1448 2403 quam
1474 2310 1650 2385 tenebant
1681 2318 1757 2384 tres
1791 2312 1898 2407 legati

724 2429 898 2525 Pompeii,
924 2429 1090 2503 Petreius
1115 2434 1153 2503 et
1178 2428 1349 2503 Afranius
1375 2434 1484 2504 erant
1509 2430 1546 2503 iu
1571 2430 1753 2525 citeriore,
1779 2431 1899 2506 Varus

724 2552 762 2625 in
787 2551 982 2625 ulteriore:
1002 2549 1051 2624 ibi
1071 2570 1199 2644 passus
1218 2569 1396 2645 maguum
1423 2550 1600 2625 diluvium
1625 2570 1810 2645 aquarum
1829 2553 1899 2627 Pe-

725 2672 859 2746 treium
892 2678 930 2745 et
963 2669 1154 2744 Afranium
1189 2670 1318 2745 clausit
1348 2670 1444 2743 iutra
1479 2663 1643 2746 montem
1678 2671 1776 2767 apud
1808 2672 1898 2746 llor-

720 2790 809 2866 dam
835 2791 1019 2865 civitatem
1045 2791 1259 2885 dragouiae3
1285 2796 1323 2864 at
1350 2809 1436 2864 eum
1465 2799 1614 2886 propter
1642 2790 1737 2865 sitim
1763 2792 1899 2866 deditio

724 2918 959 3005 tractaretur,
985 2918 1023 2985 et
1047 2911 1179 2985 milites
1206 2911 1289 2985 bino
1315 2912 1398 2985 inde
1428 2910 1582 2987 fidenter
1608 2920 1645 2988 et
1670 2912 1897 2990 familiariter

724 3034 763 3107 iu
793 3039 914 3107 castra
952 3032 1058 3126 irent,
1088 3032 1254 3106 Petreius
1291 3040 1329 3106 et
1362 3033 1532 3109 Afranius
1565 3032 1704 3129 perfide
1740 3040 1778 3109 el
1815 3055 1897 3109 ma·

724 3154 822 3250 nga
846 3152 1071 3227 Caesariauos
1099 3152 1266 3225 incautos
1296 3156 1333 3227 et
1365 3152 1526 3227 inermes
1555 3154 1834 3229 trucidaverunt
1858 3155 1896 3228 in

725 3275 801 3349 suis
820 3273 965 3367 eastris3
986 3292 1056 3347 neo
1081 3278 1205 3347 tamen
1231 3272 1353 3347 Caesar
1377 3273 1683 3349 clementissimus
1707 3276 1824 3350 voluit
1846 3276 1895 3351 si·

725 3394 812 3469 mile
836 3393 915 3469 lieri
941 3393 979 3467 io
1003 3392 1080 3466 suis
1104 3393 1243 3487 castris,
1272 3392 1348 3467 imo
1368 3400 1493 3489 postea
1519 3394 1587 3468 illis
1611 3396 1897 3493 supplicantibus

723 3534 852 3611 pacem
879 3512 977 3588 dedit
1001 3519 1039 3587 et
1064 3514 1211 3587 veniam
1238 3534 1323 3589 oum
1351 3514 1399 3587 illi
1421 3514 1501 3610 jam
1530 3535 1598 3612 per
1624 3522 1785 3610 quatuor
1818 3516 1897 3593 dies

716 3633 859 3731 ieiunio
895 3633 1015 3707 allecti
1050 3640 1182 3708 esseut.
1217 3634 1309 3709 Dicit
1342 3655 1455 3731 ergo:
1481 3634 1582 3710 inodr
1607 3640 1644 3709 la
1669 3643 1814 3732 Spapnn
1840 3641 1895 3712 ri·

723 3757 817 3827 volsa
848 3757 884 3826 lo
910 3757 1036 3848 surolo,
1073 3754 1176 3848 idest,
1211 3755 1299 3830 illud
1332 3756 1478 3853 Quum
1513 3758 1659 3833 reduxit
1688 3761 1894 3835 exereitum

722 3875 760 3949 iu
793 3874 1013 3969 Hispaniam,
1045 3895 1158 3969 quam
1192 3881 1307 3949 totam
1342 3876 1554 3974 subiugavit
1587 3880 1703 3975 spatio
1732 3878 1894 3976 quadra-

721 3995 821 4091 ginta
846 3994 1006 4071 diorum:
1033 3995 1115 4070 ideo
1139 3994 1234 4071 bene
1259 4016 1345 4072 oum
1372 3998 1443 4073 iret
1465 3998 1504 4073 in
1529 4000 1736 4096 Hispaniam
1763 4004 1896 4097 praedi·

722 4122 828 4191 xerat
851 4136 893 4191 se
916 4115 973 4190 ire
996 4116 1044 4190 ad
1069 4114 1274 4190 exereitum
1310 4118 1388 4192 siue
1417 4117 1524 4209 duee,
1550 4127 1588 4194 et
1614 4120 1820 4199 rediturum
1845 4123 1893 4199 ad

721 4236 855 4310 durem
882 4234 959 4309 sine
983 4235 1298 4309 exercitu-Por·
1316 4233 1376 4309 odr
1395 4242 1578 4312 Dorurzo.
1597 4242 1702 4316 Nunc
1720 4243 1895 4318 Iustinia-

722 4378 792 4430 nus
809 4356 925 4451 tangit
951 4355 1044 4430 bella
1061 4356 1214 4430 Caesaris
1235 4363 1363 4432 eontra
1381 4359 1595 4455 Pompeium
1616 4361 1651 4435 in
1670 4361 1829 4439 oraectn:
1846 4366 1892 4439 ad

720 4495 882 4570 quorum
908 4474 1155 4569 coguitionem
1185 4482 1240 4551 est
1272 4477 1462 4553 sciendum
1495 4481 1595 4574 quod
1624 4483 1747 4557 Caesar
1777 4482 1893 4560 victor

719 4595 900 4691 Hispania
924 4615 1097 4671 reversus
1122 4596 1160 4670 iu
1183 4597 1325 4672 ltaliam
1351 4620 1487 4697 magno
1512 4601 1646 4677 ardore
1660 4597 1696 4697 (¹)
1716 4624 1803 4679 eum
1829 4605 1893 4680 de-

720 4715 853 4791 siderio
878 4716 1035 4791 bellandi
1060 4738 1127 4812 per
1153 4717 1290 4793 medias
1317 4725 1552 4815 tempestates
1577 4729 1615 4797 et
1639 4744 1753 4819 parra
1778 4726 1893 4801 classe

720 4857 742 4911 a
767 4836 974 4911 Brundusio
1001 4838 1166 4912 transivit
1190 4838 1228 4912 in
1251 4838 1432 4915 Gnosiam
1450 4848 1487 4916 et
1504 4842 1540 4916 in
1559 4844 1668 4939 Epiro
1692 4846 1814 4940 posuit
1831 4866 1893 4921 aa·

783 5094 810 5157 (¹)
825 5093 857 5145 tt.
870 5094 963 5144 ardore
977 5100 1005 5147 sl
1020 5096 1157 5149 desiderio.
