4575 6842
831 949 970 1005 caurus
995 949 1137 1006 ramus.
1499 935 1570 1004 319

395 1093 500 1168 Nunc
526 1092 656 1168 ultimo
682 1099 789 1189 poeta
814 1093 986 1170 describit
1003 1095 1090 1190 quid
1109 1095 1229 1191 primo
1250 1095 1380 1171 viderit
1402 1103 1442 1171 et
1465 1095 1571 1170 audi·

396 1213 490 1289 verit
508 1213 544 1288 in
563 1213 729 1311 ingressu
748 1215 898 1309 coeli;et
915 1216 1100 1310 premittit
1118 1236 1224 1292 more
1238 1216 1390 1313 apostoli
1406 1237 1447 1292 se
1462 1217 1569 1314 igue·

398 1359 483 1414 rare
508 1338 537 1412 si
564 1344 645 1414 erat
670 1359 757 1413 cum
783 1356 938 1434 corpore
962 1339 1021 1414 vel
1047 1341 1125 1414 sine
1151 1341 1330 1436 carpere,
1358 1340 1456 1415 uude
1481 1361 1571 1435 ape-

397 1462 591 1556 strephaus
615 1459 662 1534 ad
688 1460 820 1554 Deum,
839 1459 941 1535 dicit:
965 1465 995 1535 0
1020 1482 1137 1553 antor,
1158 1461 1305 1555 scilicet,
1322 1460 1455 1555 divine,
1475 1463 1535 1535 cle
1548 1463 1575 1534 't

397 1583 462 1654 ciel
483 1582 643 1673 qevcrni,
673 1579 772 1673 quud
802 1600 872 1676 ego
907 1599 1004 1654 nuuc
1037 1581 1232 1674 intrabam,
1259 1588 1294 1654 ta
1312 1583 1338 1654 'l
1369 1584 1437 1674 sei,
1466 1580 1571 1674 quasi

398 1699 513 1775 dicat:
540 1718 610 1796 ego
636 1698 772 1792 nescio,
797 1705 838 1773 tu
865 1699 945 1794 scis,
971 1702 1043 1794 cte,
1072 1700 1175 1794 idest,
1202 1699 1277 1795 qui,
1298 1703 1348 1774 mi
1371 1703 1494 1774 euasti
1516 1703 1573 1774 cot

310 1829 312 1834 '
399 1828 456 1894 tao
481 1823 584 1911 tame,
610 1819 712 1913 idest,
739 1827 803 1894 tua
828 1821 946 1916 gratia
973 1821 1125 1916 rapuisti
1152 1841 1213 1896 me
1237 1820 1284 1895 ad
1308 1821 1458 1914 caelum,
1485 1819 1573 1914 quia

352 1986 358 1998 ·
400 1940 518 2037 gratia
538 1947 603 2016 tua
621 1959 683 2014 me
707 1941 895 2035 prevenit,
914 1947 951 2016 et
968 1941 1138 2016 excitavit
1156 1941 1193 2014 ia
1215 1960 1276 2016 me
1295 1939 1455 2014 liberum
1472 1939 1574 2014 arbi-

401 2061 526 2156 trium,
553 2066 589 2136 et
615 2061 799 2156 promovit
819 2061 865 2135 ad
886 2067 962 2135 tam
984 2063 1101 2136 altum
1119 2062 1277 2158 gradum
1293 2061 1576 2157 'contemplatio-

400 2181 466 2276 uis,
491 2184 520 2254 ε’
532 2184 568 2254 tc
592 2202 658 2254 era
690 2183 748 2255 sot
769 2182 807 2254 dt
831 2201 885 2254 me
916 2185 996 2275 quel
1025 2184 1085 2254 cltc
1113 2186 1253 2276 creasti,
1281 2181 1384 2276 idest,
1411 2182 1441 2256 si
1471 2201 1575 2256 eram

400 2303 499 2377 sotus
525 2323 610 2378 cum
637 2301 763 2376 animo
789 2323 899 2397 quem
928 2302 1059 2378 creasti
1082 2302 1129 2378 de
1154 2303 1290 2397 nihil0;
1317 2323 1452 2398 corpus
1476 2301 1575 2397 enim

401 2443 474 2498 non
501 2429 618 2519 potest
643 2423 790 2519 proprie
816 2423 884 2499 dici
904 2431 1086 2519 creatum,
1107 2423 1171 2498 sed
1191 2432 1411 2521 generatum
1430 2445 1477 2499 ex
1498 2425 1575 2500 ele-

401 2543 545 2638 mentis,
571 2543 657 2636 quia
682 2542 792 2617 datur
817 2564 840 2618 a
865 2543 1089 2639 parentibus,
1113 2548 1376 2636 metantem,
1402 2545 1517 2639 idest,
1531 2545 1579 2644 de

401 2661 571 2770 praesenti
604 2662 641 2735 in
672 2662 739 2736 ista
771 2682 854 2737 mea
880 2663 1023 2738 novella
1050 2664 1368 2740 ascensicuez'ita
1394 2673 1495 2740 recte
1518 2665 1576 2740 di·
1661 2641 1667 2660 ’

403 2783 509 2858 cebat
534 2783 671 2857 Paulus
696 2784 850 2878 loquens
874 2783 921 2858 de
946 2790 1054 2879 raptu
1085 2804 1155 2859 suo
1183 2785 1230 2859 ad
1259 2786 1396 2861 coelum
1427 2785 1505 2860 sive
1536 2785 1574 2859 in

403 2925 570 3001 corpere,
590 2904 668 2980 sive
689 2912 795 2980 extra
821 2924 955 3000 cerpus
981 2911 1049 2980 etc.
1077 2905 1121 2980 ldt
1148 2906 1206 2982 tric
1231 2913 1316 2981 nota
1343 2906 1442 3001 quod
1467 2911 1579 2981 auter

404 3045 478 3100 nen
495 3024 681 3100 immerito
698 3023 800 3120 fingit
817 3045 857 3100 se
875 3045 948 3100 non
966 3025 1153 3100 recordari
1170 3046 1249 3100 suae
1266 3025 1441 3102 mirabilis
1458 3017 1580 3101 trans-

405 3145 628 3240 mutationis,
655 3146 843 3240 quoniam,
862 3150 904 3219 ut
923 3146 1019 3222 bene
1043 3147 1094 3221 ait
1110 3147 1350 3244 Augustinus
1371 3149 1466 3224 sicut
1486 3148 1580 3224 stilla

404 3286 513 3359 aquae
539 3266 656 3341 multo
682 3265 801 3340 inlusa
822 3265 908 3340 vino
925 3265 1083 3340 delicere
1099 3266 1137 3341 in
1157 3286 1198 3341 se
1215 3272 1292 3342 tota
1309 3267 1466 3362 videtur,
1486 3267 1577 3342 dum

405 3406 573 3482 saporem
600 3386 675 3461 vini
692 3385 808 3463 induit
825 3392 862 3461 et
879 3386 1061 3481 colorem;
1078 3387 1130 3462 sic
1148 3387 1304 3462 hominis
1322 3387 1467 3462 allectio
1484 3408 1580 3482 quu-
1708 3420 1712 3425 >

406 3506 489 3583 dam
517 3506 689 3582 ineffabili
715 3507 825 3582 medo
852 3506 1056 3601 liquescens
1082 3507 1351 3581 transfunditur
1376 3507 1521 3602 penitus
1542 3507 1580 3582 iu

407 3626 471 3702 Dei
496 3646 678 3721 amorem,
697 3633 734 3702 et
755 3627 916 3721 quodam
943 3627 1049 3721 quasi
1067 3627 1178 3700 modo
1194 3628 1329 3701 oblitus
1346 3628 1403 3701 sui
1420 3649 1487 3723 per
1504 3649 1583 3703 cce·

408 3747 516 3822 lestes
547 3767 673 3842 speras
709 3746 917 3821 mentaliter
946 3745 1124 3822 scandens
1155 3747 1201 3821 ad
1233 3754 1415 3822 aeternum
1443 3749 1585 3844 Regem

408 3866 558 3962 perduci
577 3866 733 3960 lestinat,
744 3873 868 3940 mente
880 3867 959 3962 jam
978 3866 1079 3942 ebria
1096 3866 1278 3941 suavitate
1294 3867 1423 3964 gratiae
1441 3868 1582 3942 inlusae.

409 3988 462 4061 Ex
487 3987 590 4062 dictis
606 3981 642 4081 (¹)
669 3992 768 4082 patet
789 3987 887 4081 quud
905 3992 1014 4062 autor
1034 4006 1133 4061 nunc
1153 3987 1319 4081 loquitur
1343 3987 1390 4064 de
1415 3987 1585 4083 paradise

410 4106 540 4183 murali
566 4127 638 4182 nou
664 4105 857 4201 essentiali,
884 4106 978 4181 sicut
1009 4127 1121 4202 supra
1154 4108 1301 4183 uetari:
1328 4108 1452 4182 anima
1484 4107 1583 4182 enim
1725 4167 1731 4180 .

410 4225 530 4302 adhuc
549 4227 678 4322 juncta
705 4225 850 4321 corpori
867 4225 1052 4300 interdum
1071 4227 1266 4302 felicitatur
1284 4228 1379 4303 sicut
1396 4227 1582 4308 interdum

411 4347 618 4442 damnatur,
645 4347 828 4421 interdum
856 4352 1039 4442 purgatur
1064 4347 1101 4420 iu
1128 4348 1267 4423 munde
1291 4349 1379 4423 isto:
1399 4349 1467 4424 viri
1495 4370 1586 4445 ergo

411 4467 558 4562 perlecti
580 4468 659 4563 jam
684 4474 771 4542 aute
797 4473 956 4541 mortem
982 4467 1177 4564 degustant
1198 4488 1304 4543 aram
1329 4475 1479 4544 aeterna
1506 4470 1586 4544 leli·

411 4585 537 4661 citatis.
565 4588 608 4660 Et
633 4586 754 4661 subdit
780 4586 867 4680 quid
893 4585 1024 4662 viderit
1049 4593 1086 4662 et
1111 4587 1295 4663 audiverit
1319 4588 1504 4663 insolitum
1537 4589 1589 4664 sic

412 4709 555 4784 levatus
572 4706 713 4782 lumine
726 4697 763 4800 (¹)
779 4726 950 4802 superna
965 4707 1112 4803 gratiae,
1127 4714 1164 4782 et
1181 4709 1297 4806 tangit
1314 4709 1389 4784 duo
1406 4710 1585 4804 miranda,

415 4847 500 4924 quae
524 4827 691 4903 lecerunt
717 4827 834 4922 ipsum
861 4833 1056 4922 attentum,
1081 4828 1218 4904 scilicet
1248 4829 1498 4906 dulcissimum
1526 4853 1587 4907 so-

435 5095 438 5103 '
479 5085 506 5148 l'J
523 5085 850 5150 enumeraremus.
1093 5087 1121 5152 (²)
1137 5092 1161 5148 t,
1177 5088 1204 5138 tn
1220 5087 1328 5140 tumtun,
