<?xml version="1.0" encoding="UTF-8"?>
<!DOCTYPE html PUBLIC "-//W3C//DTD XHTML 1.0 Transitional//EN"
    "http://www.w3.org/TR/xhtml1/DTD/xhtml1-transitional.dtd">
<html xmlns="http://www.w3.org/1999/xhtml" xml:lang="en" lang="en">
 <head>
  <title>
</title>
<meta http-equiv="Content-Type" content="text/html;charset=utf-8" />
  <meta name='ocr-system' content='tesseract 3.04.00' />
  <meta name='ocr-capabilities' content='ocr_page ocr_carea ocr_par ocr_line ocrx_word'/>
</head>
<body>
  <div class='ocr_page' id='page_1' title='image "./comentumsuperda00unkngoog_0126.png"; bbox 0 0 4575 6842; ppageno 0'>
   <div class='ocr_carea' id='block_1_1' title="bbox 717 937 1523 1005">
    <p class='ocr_par' dir='ltr' id='par_1_1' title="bbox 717 937 1523 1005">
     <span class='ocr_line' id='line_1_1' title="bbox 717 937 1523 1005; baseline -0.005 -1"><span class='ocrx_word' id='word_1_1' title='bbox 717 937 786 1005; x_wconf 83' lang='lat'><strong>110</strong></span> <span class='ocrx_word' id='word_1_2' title='bbox 1072 945 1278 1004; x_wconf 68' lang='lat' dir='ltr'><strong>euasurum</strong></span> <span class='ocrx_word' id='word_1_3' title='bbox 1302 947 1523 1004; x_wconf 78' lang='lat' dir='ltr'><strong>uunetroau</strong></span> 
     </span>
    </p>
   </div>
   <div class='ocr_carea' id='block_1_2' title="bbox 711 1089 2025 1682">
    <p class='ocr_par' dir='ltr' id='par_1_2' title="bbox 711 1089 2025 1682">
     <span class='ocr_line' id='line_1_2' title="bbox 713 1089 1883 1187; baseline -0.002 -19"><span class='ocrx_word' id='word_1_4' title='bbox 713 1094 818 1187; x_wconf 81' lang='lat' dir='ltr'><strong>quasi</strong></span> <span class='ocrx_word' id='word_1_5' title='bbox 843 1092 1010 1186; x_wconf 88' lang='lat' dir='ltr'><strong>materia,</strong></span> <span class='ocrx_word' id='word_1_6' title='bbox 1030 1094 1068 1166; x_wconf 83' lang='lat' dir='ltr'><strong>in</strong></span> <span class='ocrx_word' id='word_1_7' title='bbox 1094 1094 1208 1184; x_wconf 82' lang='lat' dir='ltr'><strong>quella</strong></span> <span class='ocrx_word' id='word_1_8' title='bbox 1221 1096 1357 1186; x_wconf 79' lang='lat' dir='ltr'><strong>formu,</strong></span> <span class='ocrx_word' id='word_1_9' title='bbox 1373 1091 1520 1185; x_wconf 89' lang='lat' dir='ltr'><strong>scilicet,</strong></span> <span class='ocrx_word' id='word_1_10' title='bbox 1539 1089 1702 1186; x_wconf 89' lang='lat' dir='ltr'><strong>corporis</strong></span> <span class='ocrx_word' id='word_1_11' title='bbox 1720 1091 1883 1186; x_wconf 89' lang='lat' dir='ltr'><strong>humaui,</strong></span> 
     </span>
     <span class='ocr_line' id='line_1_3' title="bbox 712 1210 1881 1308; baseline -0.003 -21"><span class='ocrx_word' id='word_1_12' title='bbox 712 1215 784 1305; x_wconf 81' lang='lat' dir='ltr'><strong>cte,</strong></span> <span class='ocrx_word' id='word_1_13' title='bbox 799 1213 902 1307; x_wconf 79' lang='lat' dir='ltr'><strong>idest,</strong></span> <span class='ocrx_word' id='word_1_14' title='bbox 915 1234 1028 1308; x_wconf 92' lang='lat' dir='ltr'><strong>quam</strong></span> <span class='ocrx_word' id='word_1_15' title='bbox 1047 1213 1219 1308; x_wconf 83' lang='lat' dir='ltr'><strong>sormam,</strong></span> <span class='ocrx_word' id='word_1_16' title='bbox 1236 1215 1394 1304; x_wconf 76' lang='lat' dir='ltr'><strong>reppello</strong></span> <span class='ocrx_word' id='word_1_17' title='bbox 1415 1214 1455 1286; x_wconf 82' lang='lat' dir='ltr'><strong>tn</strong></span> <span class='ocrx_word' id='word_1_18' title='bbox 1474 1214 1533 1305; x_wconf 77' lang='lat' dir='ltr'><strong>laet,</strong></span> <span class='ocrx_word' id='word_1_19' title='bbox 1554 1210 1659 1305; x_wconf 87' lang='lat' dir='ltr'><strong>idest,</strong></span> <span class='ocrx_word' id='word_1_20' title='bbox 1677 1231 1881 1307; x_wconf 76' lang='lat' dir='ltr'><strong>represen-</strong></span> 
     </span>
     <span class='ocr_line' id='line_1_4' title="bbox 712 1332 1884 1428; baseline -0.001 -20"><span class='ocrx_word' id='word_1_21' title='bbox 712 1339 766 1408; x_wconf 87' lang='lat' dir='ltr'><strong>tat</strong></span> <span class='ocrx_word' id='word_1_22' title='bbox 790 1334 828 1408; x_wconf 89' lang='lat' dir='ltr'><strong>iu</strong></span> <span class='ocrx_word' id='word_1_23' title='bbox 856 1332 934 1428; x_wconf 93' lang='lat' dir='ltr'><strong>ipso</strong></span> <span class='ocrx_word' id='word_1_24' title='bbox 964 1353 1064 1428; x_wconf 90' lang='lat' dir='ltr'><strong>aere,</strong></span> <span class='ocrx_word' id='word_1_25' title='bbox 1090 1335 1330 1408; x_wconf 61' lang='lat' dir='ltr'><strong>commmatio</strong></span> <span class='ocrx_word' id='word_1_26' title='bbox 1359 1335 1492 1406; x_wconf 74' lang='lat' dir='ltr'><strong>t’utm</strong></span> <span class='ocrx_word' id='word_1_27' title='bbox 1521 1333 1581 1406; x_wconf 80' lang='lat' dir='ltr'><strong>etc</strong></span> <span class='ocrx_word' id='word_1_28' title='bbox 1609 1335 1750 1424; x_wconf 70' lang='lat' dir='ltr'><strong>marre,</strong></span> <span class='ocrx_word' id='word_1_29' title='bbox 1780 1333 1884 1425; x_wconf 88' lang='lat' dir='ltr'><strong>idest,</strong></span> 
     </span>
     <span class='ocr_line' id='line_1_5' title="bbox 711 1451 1884 1550; baseline -0.003 -21"><span class='ocrx_word' id='word_1_30' title='bbox 711 1455 835 1529; x_wconf 89' lang='lat' dir='ltr'><strong>anima</strong></span> <span class='ocrx_word' id='word_1_31' title='bbox 861 1476 945 1550; x_wconf 86' lang='lat' dir='ltr'><strong>quae</strong></span> <span class='ocrx_word' id='word_1_32' title='bbox 977 1453 1155 1530; x_wconf 77' lang='lat' dir='ltr'><strong>remansit</strong></span> <span class='ocrx_word' id='word_1_33' title='bbox 1178 1453 1240 1548; x_wconf 87' lang='lat' dir='ltr'><strong>ibi,</strong></span> <span class='ocrx_word' id='word_1_34' title='bbox 1265 1473 1350 1548; x_wconf 84' lang='lat' dir='ltr'><strong>quae</strong></span> <span class='ocrx_word' id='word_1_35' title='bbox 1381 1452 1492 1528; x_wconf 89' lang='lat' dir='ltr'><strong>habet</strong></span> <span class='ocrx_word' id='word_1_36' title='bbox 1524 1451 1723 1548; x_wconf 89' lang='lat' dir='ltr'><strong>potentiam</strong></span> <span class='ocrx_word' id='word_1_37' title='bbox 1756 1452 1884 1548; x_wconf 91' lang='lat' dir='ltr'><strong>impri-</strong></span> 
     </span>
     <span class='ocr_line' id='line_1_6' title="bbox 713 1573 2025 1682; baseline -0.002 -33"><span class='ocrx_word' id='word_1_38' title='bbox 713 1574 837 1650; x_wconf 87' lang='lat' dir='ltr'><strong>mendi</strong></span> <span class='ocrx_word' id='word_1_39' title='bbox 861 1577 972 1651; x_wconf 90' lang='lat' dir='ltr'><strong>talem</strong></span> <span class='ocrx_word' id='word_1_40' title='bbox 1000 1575 1168 1650; x_wconf 78' lang='lat' dir='ltr'><strong>formam.</strong></span> <span class='ocrx_word' id='word_1_41' title='bbox 1183 1579 1278 1648; x_wconf 83' lang='lat' dir='ltr'><strong>-E</strong></span> <span class='ocrx_word' id='word_1_42' title='bbox 1298 1575 1526 1665; x_wconf 82' lang='lat' dir='ltr'><strong>somiqticntc.</strong></span> <span class='ocrx_word' id='word_1_43' title='bbox 1558 1573 1623 1648; x_wconf 90' lang='lat' dir='ltr'><strong>llic</strong></span> <span class='ocrx_word' id='word_1_44' title='bbox 1657 1573 1793 1648; x_wconf 88' lang='lat' dir='ltr'><strong>Statius</strong></span> <span class='ocrx_word' id='word_1_45' title='bbox 1818 1593 1884 1668; x_wconf 89' lang='lat' dir='ltr'><strong>per</strong></span> <span class='ocrx_word' id='word_1_46' title='bbox 2021 1675 2025 1682; x_wconf 20' lang='grc' dir='ltr'>ι</span> 
     </span>
    </p>
   </div>
   <div class='ocr_carea' id='block_1_3' title="bbox 708 1692 1885 4916">
    <p class='ocr_par' dir='ltr' id='par_1_3' title="bbox 708 1692 1885 4916">
     <span class='ocr_line' id='line_1_7' title="bbox 712 1692 1885 1790; baseline -0.002 -20"><span class='ocrx_word' id='word_1_47' title='bbox 712 1695 822 1770; x_wconf 87' lang='lat' dir='ltr'><strong>aliam</strong></span> <span class='ocrx_word' id='word_1_48' title='bbox 854 1695 1025 1771; x_wconf 89' lang='lat' dir='ltr'><strong>subtilem</strong></span> <span class='ocrx_word' id='word_1_49' title='bbox 1057 1693 1371 1790; x_wconf 88' lang='lat' dir='ltr'><strong>comparationem</strong></span> <span class='ocrx_word' id='word_1_50' title='bbox 1405 1693 1563 1770; x_wconf 86' lang='lat' dir='ltr'><strong>ostendit</strong></span> <span class='ocrx_word' id='word_1_51' title='bbox 1597 1692 1772 1768; x_wconf 80' lang='lat' dir='ltr'><strong>virtutem</strong></span> <span class='ocrx_word' id='word_1_52' title='bbox 1803 1692 1885 1768; x_wconf 85' lang='lat' dir='ltr'><strong>talis</strong></span> 
     </span>
     <span class='ocr_line' id='line_1_8' title="bbox 712 1811 1884 1908; baseline -0.002 -18"><span class='ocrx_word' id='word_1_53' title='bbox 712 1815 847 1890; x_wconf 76' lang='lat' dir='ltr'><strong>anime</strong></span> <span class='ocrx_word' id='word_1_54' title='bbox 870 1815 923 1890; x_wconf 91' lang='lat' dir='ltr'><strong>sic</strong></span> <span class='ocrx_word' id='word_1_55' title='bbox 940 1814 1159 1908; x_wconf 82' lang='lat' dir='ltr'><strong>habituatae3</strong></span> <span class='ocrx_word' id='word_1_56' title='bbox 1177 1819 1214 1888; x_wconf 94' lang='lat' dir='ltr'><strong>et</strong></span> <span class='ocrx_word' id='word_1_57' title='bbox 1231 1812 1393 1888; x_wconf 88' lang='lat' dir='ltr'><strong>breviter</strong></span> <span class='ocrx_word' id='word_1_58' title='bbox 1410 1811 1506 1906; x_wconf 86' lang='lat' dir='ltr'><strong>dicit,</strong></span> <span class='ocrx_word' id='word_1_59' title='bbox 1525 1813 1622 1908; x_wconf 93' lang='lat' dir='ltr'><strong>quod</strong></span> <span class='ocrx_word' id='word_1_60' title='bbox 1639 1813 1762 1892; x_wconf 78' lang='lat' dir='ltr'><strong>amma</strong></span> <span class='ocrx_word' id='word_1_61' title='bbox 1780 1811 1884 1888; x_wconf 88' lang='lat' dir='ltr'><strong>doin-</strong></span> 
     </span>
     <span class='ocr_line' id='line_1_9' title="bbox 712 1933 1882 2030; baseline -0.002 -20"><span class='ocrx_word' id='word_1_62' title='bbox 712 1954 798 2029; x_wconf 92' lang='lat' dir='ltr'><strong>ceps</strong></span> <span class='ocrx_word' id='word_1_63' title='bbox 823 1942 944 2029; x_wconf 88' lang='lat' dir='ltr'><strong>portat</strong></span> <span class='ocrx_word' id='word_1_64' title='bbox 967 1955 1114 2030; x_wconf 83' lang='lat' dir='ltr'>semper</span> <span class='ocrx_word' id='word_1_65' title='bbox 1143 1955 1270 2010; x_wconf 91' lang='lat' dir='ltr'><strong>secum</strong></span> <span class='ocrx_word' id='word_1_66' title='bbox 1300 1933 1458 2008; x_wconf 79' lang='lat' dir='ltr'><strong>sormam</strong></span> <span class='ocrx_word' id='word_1_67' title='bbox 1484 1933 1628 2008; x_wconf 84' lang='lat' dir='ltr'><strong>noviter</strong></span> <span class='ocrx_word' id='word_1_68' title='bbox 1652 1933 1882 2028; x_wconf 80' lang='lat' dir='ltr'><strong>acquisitam,</strong></span> 
     </span>
     <span class='ocr_line' id='line_1_10' title="bbox 712 2053 1883 2150; baseline 0.002 -22"><span class='ocrx_word' id='word_1_69' title='bbox 712 2053 807 2128; x_wconf 90' lang='lat' dir='ltr'><strong>sicut</strong></span> <span class='ocrx_word' id='word_1_70' title='bbox 827 2053 920 2150; x_wconf 82' lang='lat' dir='ltr'><strong>ignis</strong></span> <span class='ocrx_word' id='word_1_71' title='bbox 935 2054 1137 2129; x_wconf 84' lang='lat' dir='ltr'><strong>flammam.</strong></span> <span class='ocrx_word' id='word_1_72' title='bbox 1156 2055 1201 2128; x_wconf 87' lang='lat' dir='ltr'><strong>Et</strong></span> <span class='ocrx_word' id='word_1_73' title='bbox 1217 2061 1272 2129; x_wconf 89' lang='lat' dir='ltr'><strong>est</strong></span> <span class='ocrx_word' id='word_1_74' title='bbox 1290 2053 1437 2149; x_wconf 90' lang='lat' dir='ltr'><strong>propria</strong></span> <span class='ocrx_word' id='word_1_75' title='bbox 1454 2053 1679 2148; x_wconf 85' lang='lat' dir='ltr'><strong>comparatio</strong></span> <span class='ocrx_word' id='word_1_76' title='bbox 1695 2054 1742 2129; x_wconf 88' lang='lat' dir='ltr'><strong>de</strong></span> <span class='ocrx_word' id='word_1_77' title='bbox 1758 2055 1883 2134; x_wconf 89' lang='lat' dir='ltr'><strong>anima</strong></span> 
     </span>
     <span class='ocr_line' id='line_1_11' title="bbox 712 2171 1883 2270; baseline 0.004 -24"><span class='ocrx_word' id='word_1_78' title='bbox 712 2171 928 2268; x_wconf 88' lang='lat' dir='ltr'><strong>incorporea</strong></span> <span class='ocrx_word' id='word_1_79' title='bbox 952 2173 999 2248; x_wconf 87' lang='lat' dir='ltr'><strong>ad</strong></span> <span class='ocrx_word' id='word_1_80' title='bbox 1023 2174 1161 2270; x_wconf 79' lang='lat' dir='ltr'><strong>ignem,</strong></span> <span class='ocrx_word' id='word_1_81' title='bbox 1187 2173 1250 2268; x_wconf 92' lang='lat' dir='ltr'><strong>qui</strong></span> <span class='ocrx_word' id='word_1_82' title='bbox 1276 2181 1331 2248; x_wconf 86' lang='lat' dir='ltr'><strong>est</strong></span> <span class='ocrx_word' id='word_1_83' title='bbox 1356 2193 1491 2268; x_wconf 89' lang='lat' dir='ltr'><strong>corpus</strong></span> <span class='ocrx_word' id='word_1_84' title='bbox 1507 2173 1652 2268; x_wconf 81' lang='lat' dir='ltr'><strong>subtile,</strong></span> <span class='ocrx_word' id='word_1_85' title='bbox 1673 2173 1883 2269; x_wconf 80' lang='lat' dir='ltr'><strong>spirituale3</strong></span> 
     </span>
     <span class='ocr_line' id='line_1_12' title="bbox 714 2291 1883 2390; baseline 0.001 -25"><span class='ocrx_word' id='word_1_86' title='bbox 714 2291 811 2366; x_wconf 92' lang='lat' dir='ltr'><strong>uude</strong></span> <span class='ocrx_word' id='word_1_87' title='bbox 835 2293 946 2387; x_wconf 81' lang='lat' dir='ltr'><strong>aliqui</strong></span> <span class='ocrx_word' id='word_1_88' title='bbox 973 2293 1107 2388; x_wconf 92' lang='lat' dir='ltr'><strong>opinati</strong></span> <span class='ocrx_word' id='word_1_89' title='bbox 1125 2300 1212 2367; x_wconf 92' lang='lat' dir='ltr'><strong>sunt</strong></span> <span class='ocrx_word' id='word_1_90' title='bbox 1232 2293 1393 2368; x_wconf 87' lang='lat' dir='ltr'><strong>animam</strong></span> <span class='ocrx_word' id='word_1_91' title='bbox 1412 2313 1493 2368; x_wconf 82' lang='lat' dir='ltr'><strong>esse</strong></span> <span class='ocrx_word' id='word_1_92' title='bbox 1510 2291 1644 2388; x_wconf 80' lang='lat' dir='ltr'><strong>iguem.</strong></span> <span class='ocrx_word' id='word_1_93' title='bbox 1663 2292 1755 2368; x_wconf 85' lang='lat' dir='ltr'><strong>Dicit</strong></span> <span class='ocrx_word' id='word_1_94' title='bbox 1777 2313 1883 2390; x_wconf 80' lang='lat' dir='ltr'><strong>ergo:</strong></span> 
     </span>
     <span class='ocr_line' id='line_1_13' title="bbox 711 2413 1880 2508; baseline 0.004 -23"><span class='ocrx_word' id='word_1_95' title='bbox 711 2416 746 2485; x_wconf 82' lang='grc' dir='ltr'><em>Ε</em></span> <span class='ocrx_word' id='word_1_96' title='bbox 763 2415 886 2505; x_wconf 79' lang='lat' dir='ltr'><strong>forma</strong></span> <span class='ocrx_word' id='word_1_97' title='bbox 908 2417 1060 2507; x_wconf 80' lang='lat' dir='ltr'><strong>novella,</strong></span> <span class='ocrx_word' id='word_1_98' title='bbox 1086 2436 1201 2508; x_wconf 91' lang='lat' dir='ltr'><strong>quam</strong></span> <span class='ocrx_word' id='word_1_99' title='bbox 1226 2413 1343 2488; x_wconf 85' lang='lat' dir='ltr'><strong>induit</strong></span> <span class='ocrx_word' id='word_1_100' title='bbox 1372 2413 1440 2487; x_wconf 91' lang='lat' dir='ltr'><strong>sibi</strong></span> <span class='ocrx_word' id='word_1_101' title='bbox 1464 2413 1587 2487; x_wconf 86' lang='lat' dir='ltr'><strong>anima</strong></span> <span class='ocrx_word' id='word_1_102' title='bbox 1613 2433 1660 2488; x_wconf 82' lang='lat' dir='ltr'><strong>ex</strong></span> <span class='ocrx_word' id='word_1_103' title='bbox 1690 2413 1751 2488; x_wconf 89' lang='lat' dir='ltr'><strong>illo</strong></span> <span class='ocrx_word' id='word_1_104' title='bbox 1780 2435 1880 2508; x_wconf 86' lang='lat' dir='ltr'><strong>aere,</strong></span> 
     </span>
     <span class='ocr_line' id='line_1_14' title="bbox 710 2532 1884 2628; baseline 0.003 -24"><span class='ocrx_word' id='word_1_105' title='bbox 710 2551 813 2622; x_wconf 79' lang='lat' dir='ltr'><strong>seque</strong></span> <span class='ocrx_word' id='word_1_106' title='bbox 837 2536 909 2607; x_wconf 81' lang='lat' dir='ltr'><strong>alto</strong></span> <span class='ocrx_word' id='word_1_107' title='bbox 933 2538 1056 2627; x_wconf 64' lang='lat' dir='ltr'><strong>spirito</strong></span> <span class='ocrx_word' id='word_1_108' title='bbox 1080 2555 1159 2626; x_wconf 76' lang='lat' dir='ltr'><strong>nto,</strong></span> <span class='ocrx_word' id='word_1_109' title='bbox 1179 2533 1281 2628; x_wconf 86' lang='lat' dir='ltr'><strong>idest,</strong></span> <span class='ocrx_word' id='word_1_110' title='bbox 1299 2532 1475 2625; x_wconf 89' lang='lat' dir='ltr'><strong>animam,</strong></span> <span class='ocrx_word' id='word_1_111' title='bbox 1492 2535 1710 2623; x_wconf 80' lang='lat' dir='ltr'><strong>somiqliuate</strong></span> <span class='ocrx_word' id='word_1_112' title='bbox 1732 2537 1795 2626; x_wconf 85' lang='lat' dir='ltr'><strong>poi</strong></span> <span class='ocrx_word' id='word_1_113' title='bbox 1810 2537 1884 2608; x_wconf 85' lang='lat' dir='ltr'><strong>ulla</strong></span> 
     </span>
     <span class='ocr_line' id='line_1_15' title="bbox 709 2653 1882 2749; baseline 0.005 -25"><span class='ocrx_word' id='word_1_114' title='bbox 709 2654 921 2748; x_wconf 60' lang='lat' dir='ltr'><strong>flammeum</strong></span> <span class='ocrx_word' id='word_1_115' title='bbox 952 2663 1008 2731; x_wconf 89' lang='lat' dir='ltr'><strong>est</strong></span> <span class='ocrx_word' id='word_1_116' title='bbox 1040 2654 1139 2730; x_wconf 93' lang='lat' dir='ltr'><strong>euim</strong></span> <span class='ocrx_word' id='word_1_117' title='bbox 1173 2655 1323 2729; x_wconf 85' lang='lat' dir='ltr'><strong>flamma</strong></span> <span class='ocrx_word' id='word_1_118' title='bbox 1356 2653 1481 2727; x_wconf 80' lang='lat' dir='ltr'><strong>miuus</strong></span> <span class='ocrx_word' id='word_1_119' title='bbox 1510 2672 1688 2728; x_wconf 88' lang='lat' dir='ltr'><strong>accensus</strong></span> <span class='ocrx_word' id='word_1_120' title='bbox 1717 2653 1754 2729; x_wconf 92' lang='lat' dir='ltr'><strong>iu</strong></span> <span class='ocrx_word' id='word_1_121' title='bbox 1783 2674 1882 2749; x_wconf 85' lang='lat' dir='ltr'><strong>aare,</strong></span> 
     </span>
     <span class='ocr_line' id='line_1_16' title="bbox 712 2765 1880 2869; baseline 0.002 -23"><span class='ocrx_word' id='word_1_122' title='bbox 712 2776 771 2847; x_wconf 82' lang='lat' dir='ltr'><strong>elle</strong></span> <span class='ocrx_word' id='word_1_123' title='bbox 795 2795 897 2866; x_wconf 78' lang='lat' dir='ltr'><strong>seque</strong></span> <span class='ocrx_word' id='word_1_124' title='bbox 920 2778 1048 2869; x_wconf 79' lang='lat' dir='ltr'><strong>ttsoco</strong></span> <span class='ocrx_word' id='word_1_125' title='bbox 1078 2765 1115 2848; x_wconf 77' lang='lat' dir='ltr'><strong>td</strong></span> <span class='ocrx_word' id='word_1_126' title='bbox 1138 2778 1285 2866; x_wconf 77' lang='lat' dir='ltr'><strong>&#39;cunque</strong></span> <span class='ocrx_word' id='word_1_127' title='bbox 1308 2777 1341 2849; x_wconf 83' lang='lat' dir='ltr'><strong>si</strong></span> <span class='ocrx_word' id='word_1_128' title='bbox 1364 2782 1474 2864; x_wconf 85' lang='lat' dir='ltr'><strong>mutu,</strong></span> <span class='ocrx_word' id='word_1_129' title='bbox 1499 2773 1545 2849; x_wconf 91' lang='lat' dir='ltr'><strong>de</strong></span> <span class='ocrx_word' id='word_1_130' title='bbox 1570 2774 1650 2849; x_wconf 91' lang='lat' dir='ltr'><strong>looo</strong></span> <span class='ocrx_word' id='word_1_131' title='bbox 1675 2775 1722 2848; x_wconf 90' lang='lat' dir='ltr'><strong>ad</strong></span> <span class='ocrx_word' id='word_1_132' title='bbox 1746 2775 1880 2850; x_wconf 90' lang='lat' dir='ltr'><strong>locum.</strong></span> 
     </span>
     <span class='ocr_line' id='line_1_17' title="bbox 712 2894 1880 2990; baseline 0.001 -22"><span class='ocrx_word' id='word_1_133' title='bbox 712 2895 757 2969; x_wconf 76' lang='lat' dir='ltr'><strong>lit</strong></span> <span class='ocrx_word' id='word_1_134' title='bbox 780 2896 900 2970; x_wconf 88' lang='lat' dir='ltr'><strong>subdit</strong></span> <span class='ocrx_word' id='word_1_135' title='bbox 926 2917 1065 2970; x_wconf 89' lang='lat' dir='ltr'><strong>novum</strong></span> <span class='ocrx_word' id='word_1_136' title='bbox 1096 2915 1231 2970; x_wconf 95' lang='lat' dir='ltr'><strong>uomen</strong></span> <span class='ocrx_word' id='word_1_137' title='bbox 1262 2895 1360 2990; x_wconf 90' lang='lat' dir='ltr'><strong>quod</strong></span> <span class='ocrx_word' id='word_1_138' title='bbox 1392 2894 1549 2989; x_wconf 91' lang='lat' dir='ltr'><strong>acquirit</strong></span> <span class='ocrx_word' id='word_1_139' title='bbox 1577 2895 1713 2990; x_wconf 89' lang='lat' dir='ltr'><strong>anima,</strong></span> <span class='ocrx_word' id='word_1_140' title='bbox 1738 2895 1880 2971; x_wconf 90' lang='lat' dir='ltr'><strong>diceus:</strong></span> 
     </span>
     <span class='ocr_line' id='line_1_18' title="bbox 708 3009 1882 3111; baseline 0.002 -21"><span class='ocrx_word' id='word_1_141' title='bbox 708 3009 797 3111; x_wconf 77' lang='lat' dir='ltr'><strong>pero</strong></span> <span class='ocrx_word' id='word_1_142' title='bbox 822 3019 882 3090; x_wconf 78' lang='lat' dir='ltr'><strong>clu</strong></span> <span class='ocrx_word' id='word_1_143' title='bbox 913 3019 1046 3108; x_wconf 76' lang='lat' dir='ltr'><strong>quintii,</strong></span> <span class='ocrx_word' id='word_1_144' title='bbox 1081 3015 1227 3110; x_wconf 88' lang='lat' dir='ltr'><strong>scilicet,</strong></span> <span class='ocrx_word' id='word_1_145' title='bbox 1257 3015 1305 3091; x_wconf 88' lang='lat' dir='ltr'><strong>ab</strong></span> <span class='ocrx_word' id='word_1_146' title='bbox 1343 3015 1403 3091; x_wconf 89' lang='lat' dir='ltr'><strong>illa</strong></span> <span class='ocrx_word' id='word_1_147' title='bbox 1429 3015 1559 3110; x_wconf 83' lang='lat' dir='ltr'><strong>torma,</strong></span> <span class='ocrx_word' id='word_1_148' title='bbox 1589 3019 1636 3090; x_wconf 83' lang='lat' dir='ltr'><strong>ltu</strong></span> <span class='ocrx_word' id='word_1_149' title='bbox 1661 3019 1786 3110; x_wconf 77' lang='lat' dir='ltr'><strong>postia</strong></span> <span class='ocrx_word' id='word_1_150' title='bbox 1816 3037 1882 3092; x_wconf 81' lang='lat' dir='ltr'><strong>suu</strong></span> 
     </span>
     <span class='ocr_line' id='line_1_19' title="bbox 708 3137 1883 3233; baseline 0 -21"><span class='ocrx_word' id='word_1_151' title='bbox 708 3146 853 3230; x_wconf 69' lang='lat' dir='ltr'><strong>purum</strong></span> <span class='ocrx_word' id='word_1_152' title='bbox 879 3137 982 3231; x_wconf 80' lang='lat' dir='ltr'><strong>idest,</strong></span> <span class='ocrx_word' id='word_1_153' title='bbox 1006 3137 1258 3232; x_wconf 81' lang='lat' dir='ltr'><strong>apparentiam</strong></span> <span class='ocrx_word' id='word_1_154' title='bbox 1284 3157 1461 3233; x_wconf 73' lang='lat' dir='ltr'><strong>persone,</strong></span> <span class='ocrx_word' id='word_1_155' title='bbox 1486 3137 1582 3213; x_wconf 89' lang='lat' dir='ltr'><strong>sicut</strong></span> <span class='ocrx_word' id='word_1_156' title='bbox 1605 3137 1737 3212; x_wconf 90' lang='lat' dir='ltr'><strong>dicitur</strong></span> <span class='ocrx_word' id='word_1_157' title='bbox 1755 3137 1800 3210; x_wconf 88' lang='lat' dir='ltr'><strong>Vl</strong></span> <span class='ocrx_word' id='word_1_158' title='bbox 1820 3157 1883 3212; x_wconf 85' lang='lat' dir='ltr'><strong>ca·</strong></span> 
     </span>
     <span class='ocr_line' id='line_1_20' title="bbox 712 3253 1882 3354; baseline 0 -22"><span class='ocrx_word' id='word_1_159' title='bbox 712 3259 825 3354; x_wconf 92' lang='lat' dir='ltr'><strong>pitulo</strong></span> <span class='ocrx_word' id='word_1_160' title='bbox 849 3257 996 3351; x_wconf 82' lang='lat' dir='ltr'><strong>luterni,</strong></span> <span class='ocrx_word' id='word_1_161' title='bbox 1022 3256 1127 3351; x_wconf 87' lang='lat' dir='ltr'><strong>quasi</strong></span> <span class='ocrx_word' id='word_1_162' title='bbox 1152 3257 1259 3352; x_wconf 88' lang='lat' dir='ltr'><strong>dicat,</strong></span> <span class='ocrx_word' id='word_1_163' title='bbox 1277 3256 1363 3351; x_wconf 91' lang='lat' dir='ltr'><strong>quia</strong></span> <span class='ocrx_word' id='word_1_164' title='bbox 1384 3257 1542 3332; x_wconf 87' lang='lat' dir='ltr'><strong>efficitur</strong></span> <span class='ocrx_word' id='word_1_165' title='bbox 1559 3256 1724 3351; x_wconf 83' lang='lat' dir='ltr'><strong>risibilis3</strong></span> <span class='ocrx_word' id='word_1_166' title='bbox 1742 3253 1763 3332; x_wconf 67' lang='lat' dir='ltr'><strong>e*</strong></span> <span class='ocrx_word' id='word_1_167' title='bbox 1784 3259 1882 3332; x_wconf 82' lang='lat' dir='ltr'><strong>eliu·</strong></span> 
     </span>
     <span class='ocr_line' id='line_1_21' title="bbox 711 3377 1882 3473; baseline 0.002 -21"><span class='ocrx_word' id='word_1_168' title='bbox 711 3385 810 3452; x_wconf 81' lang='lat' dir='ltr'><strong>matu</strong></span> <span class='ocrx_word' id='word_1_169' title='bbox 824 3379 973 3471; x_wconf 77' lang='lat' dir='ltr'><strong>ombru3</strong></span> <span class='ocrx_word' id='word_1_170' title='bbox 990 3398 1074 3472; x_wconf 79' lang='lat' dir='ltr'><strong>quae</strong></span> <span class='ocrx_word' id='word_1_171' title='bbox 1090 3397 1113 3452; x_wconf 87' lang='lat' dir='ltr'><strong>a</strong></span> <span class='ocrx_word' id='word_1_172' title='bbox 1131 3377 1307 3473; x_wconf 90' lang='lat' dir='ltr'><strong>principio</strong></span> <span class='ocrx_word' id='word_1_173' title='bbox 1325 3377 1393 3453; x_wconf 86' lang='lat' dir='ltr'><strong>luit</strong></span> <span class='ocrx_word' id='word_1_174' title='bbox 1410 3377 1580 3472; x_wconf 81' lang='lat' dir='ltr'><strong>quaedam</strong></span> <span class='ocrx_word' id='word_1_175' title='bbox 1600 3377 1732 3453; x_wconf 87' lang='lat' dir='ltr'><strong>umbra</strong></span> <span class='ocrx_word' id='word_1_176' title='bbox 1749 3377 1882 3454; x_wconf 77' lang='lat' dir='ltr'><strong>divine</strong></span> 
     </span>
     <span class='ocr_line' id='line_1_22' title="bbox 711 3497 1881 3593; baseline 0 -21"><span class='ocrx_word' id='word_1_177' title='bbox 711 3497 803 3572; x_wconf 92' lang='lat' dir='ltr'><strong>lucis</strong></span> <span class='ocrx_word' id='word_1_178' title='bbox 827 3519 927 3572; x_wconf 90' lang='lat' dir='ltr'><strong>uuuc</strong></span> <span class='ocrx_word' id='word_1_179' title='bbox 954 3497 1050 3592; x_wconf 84' lang='lat' dir='ltr'><strong>capit</strong></span> <span class='ocrx_word' id='word_1_180' title='bbox 1075 3498 1248 3572; x_wconf 89' lang='lat' dir='ltr'><strong>umbram</strong></span> <span class='ocrx_word' id='word_1_181' title='bbox 1274 3497 1439 3593; x_wconf 89' lang='lat' dir='ltr'><strong>corporis</strong></span> <span class='ocrx_word' id='word_1_182' title='bbox 1467 3505 1636 3593; x_wconf 88' lang='lat' dir='ltr'><strong>separata</strong></span> <span class='ocrx_word' id='word_1_183' title='bbox 1666 3518 1689 3572; x_wconf 92' lang='lat' dir='ltr'><strong>a</strong></span> <span class='ocrx_word' id='word_1_184' title='bbox 1714 3517 1881 3592; x_wconf 88' lang='lat' dir='ltr'><strong>corpore.</strong></span> 
     </span>
     <span class='ocr_line' id='line_1_23' title="bbox 710 3618 1882 3714; baseline 0.002 -22"><span class='ocrx_word' id='word_1_185' title='bbox 710 3618 796 3693; x_wconf 84' lang='lat' dir='ltr'><strong>ldeo</strong></span> <span class='ocrx_word' id='word_1_186' title='bbox 821 3618 969 3712; x_wconf 86' lang='lat' dir='ltr'><strong>quidam</strong></span> <span class='ocrx_word' id='word_1_187' title='bbox 996 3619 1126 3694; x_wconf 87' lang='lat' dir='ltr'><strong>voluut</strong></span> <span class='ocrx_word' id='word_1_188' title='bbox 1151 3619 1250 3713; x_wconf 87' lang='lat' dir='ltr'><strong>quod</strong></span> <span class='ocrx_word' id='word_1_189' title='bbox 1275 3618 1460 3714; x_wconf 90' lang='lat' dir='ltr'><strong>passiones</strong></span> <span class='ocrx_word' id='word_1_190' title='bbox 1490 3637 1689 3714; x_wconf 87' lang='lat' dir='ltr'><strong>corporum</strong></span> <span class='ocrx_word' id='word_1_191' title='bbox 1720 3639 1794 3693; x_wconf 91' lang='lat' dir='ltr'><strong>non</strong></span> <span class='ocrx_word' id='word_1_192' title='bbox 1820 3639 1882 3694; x_wconf 89' lang='lat' dir='ltr'><strong>re-</strong></span> 
     </span>
     <span class='ocr_line' id='line_1_24' title="bbox 711 3738 1883 3846; baseline 0.001 -33"><span class='ocrx_word' id='word_1_193' title='bbox 711 3743 861 3846; x_wconf 87' lang='lat' dir='ltr'><strong>manent</strong></span> <span class='ocrx_word' id='word_1_194' title='bbox 885 3738 923 3812; x_wconf 92' lang='lat' dir='ltr'><strong>iu</strong></span> <span class='ocrx_word' id='word_1_195' title='bbox 947 3738 1070 3812; x_wconf 88' lang='lat' dir='ltr'><strong>anima</strong></span> <span class='ocrx_word' id='word_1_196' title='bbox 1096 3744 1177 3834; x_wconf 91' lang='lat' dir='ltr'><strong>post</strong></span> <span class='ocrx_word' id='word_1_197' title='bbox 1203 3739 1463 3814; x_wconf 82' lang='lat' dir='ltr'><strong>resolutionem</strong></span> <span class='ocrx_word' id='word_1_198' title='bbox 1485 3739 1661 3834; x_wconf 84' lang='lat' dir='ltr'><strong>corporis,</strong></span> <span class='ocrx_word' id='word_1_199' title='bbox 1680 3738 1743 3814; x_wconf 92' lang='lat' dir='ltr'><strong>sed</strong></span> <span class='ocrx_word' id='word_1_200' title='bbox 1762 3738 1883 3834; x_wconf 88' lang='lat' dir='ltr'><strong>potius</strong></span> 
     </span>
     <span class='ocr_line' id='line_1_25' title="bbox 711 3857 1883 3952; baseline 0.001 -19"><span class='ocrx_word' id='word_1_201' title='bbox 711 3857 845 3933; x_wconf 90' lang='lat' dir='ltr'><strong>similes</strong></span> <span class='ocrx_word' id='word_1_202' title='bbox 869 3857 949 3952; x_wconf 87' lang='lat' dir='ltr'><strong>illis,</strong></span> <span class='ocrx_word' id='word_1_203' title='bbox 962 3858 984 3903; x_wconf 84' lang='lat'><em>*</em></span> <span class='ocrx_word' id='word_1_204' title='bbox 996 3858 1091 3934; x_wconf 89' lang='lat' dir='ltr'><strong>sicut</strong></span> <span class='ocrx_word' id='word_1_205' title='bbox 1115 3858 1153 3932; x_wconf 93' lang='lat' dir='ltr'><strong>iu</strong></span> <span class='ocrx_word' id='word_1_206' title='bbox 1178 3857 1318 3933; x_wconf 85' lang='lat' dir='ltr'><strong>artifice</strong></span> <span class='ocrx_word' id='word_1_207' title='bbox 1342 3864 1493 3934; x_wconf 88' lang='lat' dir='ltr'><strong>carente</strong></span> <span class='ocrx_word' id='word_1_208' title='bbox 1518 3858 1673 3934; x_wconf 88' lang='lat' dir='ltr'><strong>materia</strong></span> <span class='ocrx_word' id='word_1_209' title='bbox 1691 3865 1729 3934; x_wconf 89' lang='lat' dir='ltr'><strong>ot</strong></span> <span class='ocrx_word' id='word_1_210' title='bbox 1746 3858 1883 3934; x_wconf 87' lang='lat' dir='ltr'><strong>iustru-</strong></span> 
     </span>
     <span class='ocr_line' id='line_1_26' title="bbox 712 3970 1882 4073; baseline 0.001 -21"><span class='ocrx_word' id='word_1_211' title='bbox 712 3978 843 4054; x_wconf 91' lang='lat' dir='ltr'><strong>meutis</strong></span> <span class='ocrx_word' id='word_1_212' title='bbox 868 3984 1019 4054; x_wconf 87' lang='lat' dir='ltr'><strong>manent</strong></span> <span class='ocrx_word' id='word_1_213' title='bbox 1042 3979 1190 4054; x_wconf 88' lang='lat' dir='ltr'><strong>habitus</strong></span> <span class='ocrx_word' id='word_1_214' title='bbox 1214 3984 1251 4054; x_wconf 89' lang='lat' dir='ltr'><strong>et</strong></span> <span class='ocrx_word' id='word_1_215' title='bbox 1276 3978 1406 4053; x_wconf 81' lang='lat' dir='ltr'><strong>lormae</strong></span> <span class='ocrx_word' id='word_1_216' title='bbox 1435 3978 1571 4054; x_wconf 87' lang='lat' dir='ltr'><strong>similes</strong></span> <span class='ocrx_word' id='word_1_217' title='bbox 1603 3970 1767 4072; x_wconf 82' lang='lat' dir='ltr'><strong>illis*(¹),</strong></span> <span class='ocrx_word' id='word_1_218' title='bbox 1798 3999 1882 4073; x_wconf 82' lang='lat' dir='ltr'><strong>quae</strong></span> 
     </span>
     <span class='ocr_line' id='line_1_27' title="bbox 711 4097 1879 4194; baseline 0 -22"><span class='ocrx_word' id='word_1_219' title='bbox 711 4119 777 4194; x_wconf 93' lang='lat' dir='ltr'><strong>per</strong></span> <span class='ocrx_word' id='word_1_220' title='bbox 793 4097 1037 4174; x_wconf 90' lang='lat' dir='ltr'><strong>iustrumenta</strong></span> <span class='ocrx_word' id='word_1_221' title='bbox 1055 4105 1277 4175; x_wconf 81' lang='lat' dir='ltr'><strong>exercentur</strong></span> <span class='ocrx_word' id='word_1_222' title='bbox 1295 4104 1332 4174; x_wconf 91' lang='lat' dir='ltr'><strong>et</strong></span> <span class='ocrx_word' id='word_1_223' title='bbox 1348 4099 1385 4173; x_wconf 93' lang='lat' dir='ltr'><strong>iu</strong></span> <span class='ocrx_word' id='word_1_224' title='bbox 1403 4098 1597 4176; x_wconf 86' lang='lat' dir='ltr'><strong>materiam</strong></span> <span class='ocrx_word' id='word_1_225' title='bbox 1620 4098 1879 4174; x_wconf 86' lang='lat' dir='ltr'><strong>traducuntur.</strong></span> 
     </span>
     <span class='ocr_line' id='line_1_28' title="bbox 711 4218 1882 4315; baseline 0.001 -21"><span class='ocrx_word' id='word_1_226' title='bbox 711 4219 805 4294; x_wconf 85' lang='lat' dir='ltr'><strong>Cum</strong></span> <span class='ocrx_word' id='word_1_227' title='bbox 830 4219 929 4294; x_wconf 92' lang='lat' dir='ltr'><strong>euim</strong></span> <span class='ocrx_word' id='word_1_228' title='bbox 955 4219 1078 4294; x_wconf 87' lang='lat' dir='ltr'><strong>anima</strong></span> <span class='ocrx_word' id='word_1_229' title='bbox 1103 4219 1321 4294; x_wconf 82' lang='lat' dir='ltr'><strong>naturaliter</strong></span> <span class='ocrx_word' id='word_1_230' title='bbox 1349 4218 1395 4294; x_wconf 92' lang='lat' dir='ltr'><strong>sit</strong></span> <span class='ocrx_word' id='word_1_231' title='bbox 1419 4219 1594 4314; x_wconf 80' lang='lat' dir='ltr'><strong>perfectio</strong></span> <span class='ocrx_word' id='word_1_232' title='bbox 1619 4219 1792 4315; x_wconf 87' lang='lat' dir='ltr'><strong>eorporis,</strong></span> <span class='ocrx_word' id='word_1_233' title='bbox 1820 4239 1882 4295; x_wconf 89' lang='lat' dir='ltr'><strong>re-</strong></span> 
     </span>
     <span class='ocr_line' id='line_1_29' title="bbox 711 4337 1882 4434; baseline 0.002 -22"><span class='ocrx_word' id='word_1_234' title='bbox 711 4345 862 4414; x_wconf 89' lang='lat' dir='ltr'><strong>maueut</strong></span> <span class='ocrx_word' id='word_1_235' title='bbox 886 4337 924 4412; x_wconf 90' lang='lat' dir='ltr'><strong>iu</strong></span> <span class='ocrx_word' id='word_1_236' title='bbox 948 4359 994 4414; x_wconf 88' lang='lat' dir='ltr'><strong>ea</strong></span> <span class='ocrx_word' id='word_1_237' title='bbox 1018 4343 1056 4414; x_wconf 89' lang='lat' dir='ltr'><strong>et</strong></span> <span class='ocrx_word' id='word_1_238' title='bbox 1080 4337 1117 4412; x_wconf 94' lang='lat' dir='ltr'><strong>in</strong></span> <span class='ocrx_word' id='word_1_239' title='bbox 1142 4337 1311 4434; x_wconf 89' lang='lat' dir='ltr'><strong>potentiis</strong></span> <span class='ocrx_word' id='word_1_240' title='bbox 1343 4338 1423 4413; x_wconf 92' lang='lat' dir='ltr'><strong>eius</strong></span> <span class='ocrx_word' id='word_1_241' title='bbox 1454 4338 1600 4413; x_wconf 84' lang='lat' dir='ltr'><strong>habitus</strong></span> <span class='ocrx_word' id='word_1_242' title='bbox 1630 4344 1668 4414; x_wconf 93' lang='lat' dir='ltr'><strong>et</strong></span> <span class='ocrx_word' id='word_1_243' title='bbox 1697 4337 1882 4434; x_wconf 85' lang='lat' dir='ltr'><strong>passiones</strong></span> 
     </span>
     <span class='ocr_line' id='line_1_30' title="bbox 710 4456 1882 4553; baseline 0.002 -23"><span class='ocrx_word' id='word_1_244' title='bbox 710 4457 924 4534; x_wconf 78' lang='lat' dir='ltr'><strong>inclinantes</strong></span> <span class='ocrx_word' id='word_1_245' title='bbox 949 4456 995 4533; x_wconf 91' lang='lat' dir='ltr'><strong>ad</strong></span> <span class='ocrx_word' id='word_1_246' title='bbox 1021 4463 1144 4532; x_wconf 90' lang='lat' dir='ltr'><strong>motus</strong></span> <span class='ocrx_word' id='word_1_247' title='bbox 1170 4457 1345 4553; x_wconf 90' lang='lat' dir='ltr'><strong>corporis,</strong></span> <span class='ocrx_word' id='word_1_248' title='bbox 1371 4457 1465 4534; x_wconf 87' lang='lat' dir='ltr'><strong>sicut</strong></span> <span class='ocrx_word' id='word_1_249' title='bbox 1491 4465 1684 4534; x_wconf 88' lang='lat' dir='ltr'><strong>remanent</strong></span> <span class='ocrx_word' id='word_1_250' title='bbox 1706 4459 1744 4532; x_wconf 93' lang='lat' dir='ltr'><strong>iu</strong></span> <span class='ocrx_word' id='word_1_251' title='bbox 1769 4464 1882 4532; x_wconf 87' lang='lat' dir='ltr'><strong>nauta</strong></span> 
     </span>
     <span class='ocr_line' id='line_1_31' title="bbox 710 4576 1883 4674; baseline 0.003 -23"><span class='ocrx_word' id='word_1_252' title='bbox 710 4576 989 4674; x_wconf 80' lang='lat' dir='ltr'><strong>imaginationes</strong></span> <span class='ocrx_word' id='word_1_253' title='bbox 1017 4577 1121 4652; x_wconf 75' lang='lat' dir='ltr'><strong>mnis</strong></span> <span class='ocrx_word' id='word_1_254' title='bbox 1144 4583 1338 4674; x_wconf 87' lang='lat' dir='ltr'><strong>postquam</strong></span> <span class='ocrx_word' id='word_1_255' title='bbox 1365 4599 1388 4655; x_wconf 88' lang='lat' dir='ltr'><strong>a</strong></span> <span class='ocrx_word' id='word_1_256' title='bbox 1413 4578 1497 4654; x_wconf 87' lang='lat' dir='ltr'><strong>navi</strong></span> <span class='ocrx_word' id='word_1_257' title='bbox 1522 4585 1725 4674; x_wconf 90' lang='lat' dir='ltr'><strong>separatur.</strong></span> <span class='ocrx_word' id='word_1_258' title='bbox 1755 4579 1800 4652; x_wconf 84' lang='lat' dir='ltr'><strong>Et</strong></span> <span class='ocrx_word' id='word_1_259' title='bbox 1827 4577 1883 4654; x_wconf 88' lang='lat' dir='ltr'><strong>di-</strong></span> 
     </span>
     <span class='ocr_line' id='line_1_32' title="bbox 709 4696 1881 4793; baseline 0.003 -22"><span class='ocrx_word' id='word_1_260' title='bbox 709 4696 782 4771; x_wconf 88' lang='lat' dir='ltr'><strong>cit:</strong></span> <span class='ocrx_word' id='word_1_261' title='bbox 808 4719 827 4770; x_wconf 84' lang='lat' dir='ltr'><strong>e</strong></span> <span class='ocrx_word' id='word_1_262' title='bbox 858 4701 991 4793; x_wconf 79' lang='lat' dir='ltr'><strong>qulrtdi,</strong></span> <span class='ocrx_word' id='word_1_263' title='bbox 1019 4697 1166 4793; x_wconf 86' lang='lat' dir='ltr'><strong>scilicet,</strong></span> <span class='ocrx_word' id='word_1_264' title='bbox 1192 4698 1263 4772; x_wconf 88' lang='lat' dir='ltr'><strong>sub</strong></span> <span class='ocrx_word' id='word_1_265' title='bbox 1288 4698 1348 4774; x_wconf 86' lang='lat' dir='ltr'><strong>illa</strong></span> <span class='ocrx_word' id='word_1_266' title='bbox 1374 4698 1494 4774; x_wconf 83' lang='lat' dir='ltr'><strong>torma</strong></span> <span class='ocrx_word' id='word_1_267' title='bbox 1524 4718 1636 4775; x_wconf 89' lang='lat' dir='ltr'><strong>aerea</strong></span> <span class='ocrx_word' id='word_1_268' title='bbox 1660 4698 1721 4773; x_wconf 91' lang='lat' dir='ltr'><strong>illa</strong></span> <span class='ocrx_word' id='word_1_269' title='bbox 1746 4699 1881 4793; x_wconf 88' lang='lat' dir='ltr'><strong>anima,</strong></span> 
     </span>
     <span class='ocr_line' id='line_1_33' title="bbox 708 4818 1881 4916; baseline 0.002 -24"><span class='ocrx_word' id='word_1_270' title='bbox 708 4838 851 4909; x_wconf 62' lang='grc' dir='ltr'><strong>στρατια</strong></span> <span class='ocrx_word' id='word_1_271' title='bbox 872 4822 948 4914; x_wconf 83' lang='lat' dir='ltr'><strong>poi,</strong></span> <span class='ocrx_word' id='word_1_272' title='bbox 973 4818 1077 4914; x_wconf 82' lang='lat' dir='ltr'><strong>idest,</strong></span> <span class='ocrx_word' id='word_1_273' title='bbox 1103 4819 1292 4916; x_wconf 85' lang='lat' dir='ltr'><strong>organizat</strong></span> <span class='ocrx_word' id='word_1_274' title='bbox 1309 4824 1446 4915; x_wconf 79' lang='lat' dir='ltr'><strong>postea,</strong></span> <span class='ocrx_word' id='word_1_275' title='bbox 1463 4822 1604 4894; x_wconf 67' lang='lat' dir='ltr'><strong>ameum</strong></span> <span class='ocrx_word' id='word_1_276' title='bbox 1619 4822 1760 4910; x_wconf 68' lang='lat' dir='ltr'><strong>centro,</strong></span> <span class='ocrx_word' id='word_1_277' title='bbox 1777 4819 1881 4914; x_wconf 85' lang='lat' dir='ltr'><strong>idest,</strong></span> 
     </span>
    </p>
   </div>
   <div class='ocr_carea' id='block_1_4' title="bbox 769 5077 1822 5144">
    <p class='ocr_par' dir='ltr' id='par_1_4' title="bbox 769 5077 1822 5144">
     <span class='ocr_line' id='line_1_34' title="bbox 769 5077 1822 5144; baseline -0.008 -6"><span class='ocrx_word' id='word_1_278' title='bbox 769 5077 1822 5144; x_wconf 69' lang='lat' dir='ltr'><strong>l&#39;llaptrolsstaldneuterltclrlmnmppllterlnlcodlclllrtomeatlt.</strong></span> 
     </span>
    </p>
   </div>
   <div class='ocr_carea' id='block_1_5' title="bbox 0 0 2292 6838">
    <p class='ocr_par' dir='ltr' id='par_1_5' title="bbox 0 0 2292 6838">
     <span class='ocr_line' id='line_1_35' title="bbox 0 0 2292 6838; baseline 0 0"><span class='ocrx_word' id='word_1_279' title='bbox 0 0 2292 6838; x_wconf 95' lang='lat' dir='ltr'><strong> </strong></span> 
     </span>
    </p>
   </div>
  </div>
 </body>
</html>
