4575 6842
726 969 866 1026 caurus
890 971 1084 1027 manemus
1109 971 1253 1026 sexsus.
1505 958 1575 1026 125

403 1118 520 1204 caldo,
534 1114 637 1209 idest,
651 1115 807 1190 vitantes
832 1117 995 1190 calorem
1021 1116 1196 1190 meridiei.
1219 1117 1263 1188 Et
1289 1117 1345 1191 bic
1372 1124 1456 1193 nota
1475 1116 1575 1211 quod

403 1243 510 1331 poeta
528 1235 624 1311 bene
643 1235 817 1310 assimilat
837 1237 1047 1312 lmurlosos
1063 1237 1231 1332 gruibus,
1247 1237 1334 1331 quia
1352 1259 1445 1333 grus
1461 1238 1575 1312 babet

403 1376 554 1431 carnem
585 1355 758 1450 calidam,
791 1356 936 1453 nigram
966 1363 1004 1432 et
1034 1357 1209 1452 ioetidam,
1239 1363 1276 1432 et
1308 1359 1410 1433 volat
1440 1379 1575 1456 grega-

402 1476 469 1550 tim
494 1476 588 1550 sicut
614 1482 651 1551 et
675 1477 744 1570 isti,
774 1483 811 1551 et
842 1476 881 1549 iu
906 1477 1015 1571 linea,
1040 1483 1078 1552 et
1110 1498 1196 1552 cum
1223 1477 1388 1552 clamore
1413 1497 1573 1574 magno;

403 1603 442 1672 et
467 1597 603 1671 iaciunt
627 1597 854 1672 contrarium
873 1598 1049 1692 volatum,
1068 1606 1283 1674 nontamen
1310 1620 1356 1674 ex
1382 1598 1518 1694 frigore
1538 1605 1578 1700 et

403 1719 527 1794 calore
551 1718 646 1792 sicut
669 1739 796 1815 grues,
821 1719 907 1813 quia
933 1725 1093 1813 utraque
1118 1719 1214 1794 acics
1240 1719 1299 1794 bic
1324 1719 1512 1794 cruciatur
1537 1718 1574 1792 in

403 1838 507 1935 igue3
534 1845 571 1912 ct
596 1838 700 1913 dicit:
725 1861 745 1911 c
769 1845 898 1912 torncn
924 1842 1151 1931 deprimendo
1171 1842 1208 1911 oi
1228 1841 1339 1934 primi
1362 1842 1468 1930 canti,
1487 1838 1574 1933 quia

404 1966 599 2034 resumunt
615 1959 746 2034 deinde
756 1951 793 2051 (⁴)
812 1960 989 2056 bymnum
1008 1960 1111 2034 illum
1130 1960 1247 2054 basse,
1263 1960 1409 2054 scilicet,
1423 1964 1574 2034 Summe

403 2084 497 2152 Deus
521 2085 603 2172 etc,
629 2088 662 2153 et
685 2083 724 2153 al
746 2082 889 2173 gridon,
917 2079 1063 2174 scilicet,
1085 2081 1181 2154 alte:
1204 2083 1318 2154 mrum
1343 2101 1417 2154 non
1442 2099 1575 2172 cogno·

401 2221 484 2292 sco,
508 2195 652 2290 clepit
677 2201 734 2272 lor
761 2203 794 2272 si
822 2221 983 2274 convene.
1014 2200 1113 2275 Beue
1143 2200 1241 2294 dicit,
1267 2200 1353 2294 quia
1386 2199 1574 2274 honestius

402 2327 456 2394 ert
481 2325 631 2394 cantare
655 2324 692 2393 et
718 2318 881 2395 clamare
899 2340 1033 2395 nomen
1052 2321 1240 2396 clementis
1257 2322 1323 2396 Ilei
1343 2327 1379 2396 et
1393 2313 1429 2412 (²)
1449 2320 1572 2395 llariae

401 2439 568 2536 Virginis,
594 2460 706 2534 quam
734 2439 930 2515 Sodomam
956 2441 1161 2536 Pasipbem.
1188 2423 1232 2514 Et
1257 2441 1438 2516 concludit
1464 2446 1570 2536 poeta

402 2560 501 2655 quod
526 2561 576 2634 illi
601 2559 648 2634 de
672 2561 791 2656 prima
815 2561 895 2635 acie
920 2561 1108 2636 redierunt
1125 2561 1171 2636 ad
1190 2562 1461 2637 extremitatem
1479 2560 1571 2657 ignis

403 2687 636 2777 expectantes
663 2681 935 2776 responsionem
961 2680 1058 2775 eius3
1085 2681 1183 2756 uude
1204 2681 1308 2756 dicit:
1326 2689 1359 2755 et
1374 2685 1441 2756 essi
1457 2685 1573 2756 mede-

402 2803 482 2874 simi
505 2803 565 2874 clue
588 2803 757 2876 m'cveun
769 2807 933 2894 prepete,
951 2801 987 2874 iu
1005 2821 1161 2896 persona
1178 2800 1351 2876 Guidonis
1370 2801 1571 2896 Guinicelli,

401 2925 616 2996 roccosta'rsi
629 2943 655 2994 o
670 2944 724 2996 me
742 2944 839 2997 come
854 2925 1010 3013 donanti,
1028 2942 1102 2996 nou
1127 2929 1305 2997 exeuntes
1326 2923 1408 2997 ideo
1425 2923 1572 3019 ignem5

402 3041 451 3115 illi
476 3042 570 3136 dico,
608 3046 727 3116 amno
756 3045 808 3117 ad
834 3045 989 3116 mcottar
1021 3045 1078 3116 nei
1105 3045 1162 3115 lor
1192 3043 1393 3136 sembiooti3
1418 3043 1504 3137 quia
1534 3043 1571 3116 in

401 3161 612 3257 apparentia
639 3161 858 3237 videbantur
884 3162 977 3236 velle
1001 3162 1131 3237 audire
1157 3162 1343 3257 quomodo
1365 3163 1520 3238 iaciebat
1535 3153 1571 3256 (³)

402 3284 586 3357 umbram.

478 3408 520 3476 lo
545 3406 619 3490 obe,
644 3407 710 3478 due
735 3406 832 3477 oolla.
859 3403 930 3477 lsta
955 3411 1010 3477 est
1034 3401 1195 3478 secunda
1221 3423 1306 3497 pars
1324 3403 1517 3500 generalia,
1536 3403 1573 3478 in

401 3546 476 3620 qua
500 3531 608 3620 poeta
634 3525 855 3620 respondens
879 3523 1041 3619 petitioni
1070 3524 1138 3598 sibi
1168 3525 1272 3598 sactae
1302 3524 1507 3598 manifestat
1532 3545 1572 3600 se

401 3652 439 3721 et
461 3644 528 3720 sibi
555 3644 779 3720 manifestari
804 3644 891 3718 iacit
916 3650 1115 3738 utramque
1139 3649 1299 3740 gentem.
1326 3643 1430 3719 Unde
1454 3644 1571 3718 conti-

402 3787 519 3840 nuans
543 3771 685 3860 partem
713 3764 818 3860 parti,
844 3764 945 3839 dicit:
972 3769 1013 3837 lo
1041 3766 1102 3836 cle
1126 3785 1214 3836 aveo
1247 3767 1333 3838 msto
1366 3768 1423 3838 lor
1452 3771 1572 3857 grato,

402 3887 488 3982 quia
513 3892 663 3982 gratum
688 3881 871 3960 b'abebaut
891 3883 989 3978 quod
1008 3882 1268 3978 responderem
1288 3884 1367 3976 sibi,
1385 3887 1452 3958 due
1469 3887 1570 3976 volte,

401 4007 547 4102 scilicet,
573 4005 687 4082 semel
712 4026 824 4101 supra
854 4005 1000 4099 quando
1032 4003 1121 4078 dixit
1136 3993 1173 4096 (⁴)
1209 4002 1327 4078 Guido
1361 4006 1461 4099 quod
1490 4007 1573 4100 plus

401 4127 610 4224 indigebant
628 4118 666 4219 (⁵)
692 4126 927 4221 responsione
952 4147 1018 4199 sua
1044 4145 1156 4219 quam
1183 4124 1357 4220 aethiopes
1381 4147 1478 4220 aqua
1505 4127 1570 4200 iri-

401 4246 504 4344 gida3
530 4255 567 4322 et
591 4267 691 4322 nunc
716 4247 850 4322 iterum
869 4267 957 4320 cum
975 4244 1116 4321 videret
1133 4265 1261 4320 omnes
1279 4249 1373 4319 nutu
1390 4252 1565 4341 petentes,

401 4369 570 4463 quamvis
601 4373 782 4461 tacentes;
807 4369 1047 4460 oeconomiam
1072 4367 1201 4461 supple
1230 4365 1362 4462 dicere,
1390 4367 1568 4462 captando

401 4489 713 4564 benevolentiam:
746 4494 776 4563 0
800 4491 917 4562 anime
934 4491 1049 4562 sicore
1068 4490 1197 4562 d’ovm·
1215 4495 1305 4563 stolo
1326 4491 1364 4562 di
1381 4509 1481 4581 pace,
1499 4487 1570 4562 sci·

400 4611 495 4703 licet‚
529 4617 689 4704 aeternae,
721 4611 784 4685 ubi
818 4629 916 4683 nunc
947 4608 1032 4682 estis
1064 4609 1102 4681 iu
1135 4607 1308 4683 continua
1338 4629 1461 4706 pugna
1493 4609 1573 4684 sine

401 4730 531 4825 requie
559 4731 655 4804 intra
681 4731 816 4828 ignem,
842 4731 984 4822 quoodo
1008 4729 1069 4801 cle
1091 4731 1160 4819 sia,
1186 4728 1273 4823 quia
1299 4729 1509 4824 temporalis
1536 4735 1575 4803 et

462 4962 492 5099 ἕξ
507 4961 744 5100 mimis-eima
760 5035 873 5100 Virginis
887 5035 986 5096 Maria),
1003 5049 1082 5099 quam
1097 5036 1236 5087 Sodomam
1252 5041 1280 5087 et
1294 5037 1437 5100 Panipbem.

463 5111 490 5177 (⁸)
506 5111 831 5175 11⁷,notebmumbmm
893 5113 921 5176 (⁸)
935 5113 970 5164 E.
978 5112 1042 5163 dixit
1051 5113 1099 5163 sibl
1108 5112 1199 5164 (luido.
1262 5112 1289 5175 (¹)
1305 5113 1331 5164 S.
1342 5117 1423 5175 olli,
1433 5113 1572 5178 indigebat.
