<?xml version="1.0" encoding="UTF-8"?>
<!DOCTYPE html PUBLIC "-//W3C//DTD XHTML 1.0 Transitional//EN"
    "http://www.w3.org/TR/xhtml1/DTD/xhtml1-transitional.dtd">
<html xmlns="http://www.w3.org/1999/xhtml" xml:lang="en" lang="en">
 <head>
  <title>
</title>
<meta http-equiv="Content-Type" content="text/html;charset=utf-8" />
  <meta name='ocr-system' content='tesseract 3.04.00' />
  <meta name='ocr-capabilities' content='ocr_page ocr_carea ocr_par ocr_line ocrx_word'/>
</head>
<body>
  <div class='ocr_page' id='page_1' title='image "./comentumsuperda00unkngoog_0116.png"; bbox 0 0 4575 6842; ppageno 0'>
   <div class='ocr_carea' id='block_1_1' title="bbox 717 951 1523 1017">
    <p class='ocr_par' dir='ltr' id='par_1_1' title="bbox 717 951 1523 1017">
     <span class='ocr_line' id='line_1_1' title="bbox 717 951 1523 1017; baseline -0.009 0"><span class='ocrx_word' id='word_1_1' title='bbox 717 951 787 1017; x_wconf 81' lang='lat'><strong>1⁰0</strong></span> <span class='ocrx_word' id='word_1_2' title='bbox 1075 955 1280 1012; x_wconf 77' lang='lat' dir='ltr'><strong>coururuu</strong></span> <span class='ocrx_word' id='word_1_3' title='bbox 1304 956 1523 1012; x_wconf 78' lang='lat' dir='ltr'><strong>nunorromr</strong></span> 
     </span>
    </p>
   </div>
   <div class='ocr_carea' id='block_1_2' title="bbox 698 1093 1963 4926">
    <p class='ocr_par' dir='ltr' id='par_1_2' title="bbox 698 1093 1963 4926">
     <span class='ocr_line' id='line_1_2' title="bbox 714 1093 1888 1198; baseline 0 -18"><span class='ocrx_word' id='word_1_4' title='bbox 714 1108 917 1197; x_wconf 86' lang='lat' dir='ltr'><strong>menstruo,</strong></span> <span class='ocrx_word' id='word_1_5' title='bbox 942 1107 1112 1177; x_wconf 74' lang='lat' dir='ltr'><strong>comiado</strong></span> <span class='ocrx_word' id='word_1_6' title='bbox 1136 1105 1188 1177; x_wconf 86' lang='lat' dir='ltr'><strong>ed</strong></span> <span class='ocrx_word' id='word_1_7' title='bbox 1212 1093 1364 1196; x_wconf 78' lang='lat' dir='ltr'><strong>operere</strong></span> <span class='ocrx_word' id='word_1_8' title='bbox 1387 1105 1609 1194; x_wconf 70' lang='lat' dir='ltr'><strong>coupumndo</strong></span> <span class='ocrx_word' id='word_1_9' title='bbox 1629 1108 1773 1198; x_wconf 66' lang='lat' dir='ltr'><strong>primm</strong></span> <span class='ocrx_word' id='word_1_10' title='bbox 1790 1104 1888 1180; x_wconf 88' lang='lat' dir='ltr'><strong>unde</strong></span> 
     </span>
     <span class='ocr_line' id='line_1_3' title="bbox 714 1219 1888 1319; baseline 0.001 -19"><span class='ocrx_word' id='word_1_11' title='bbox 714 1225 852 1300; x_wconf 92' lang='lat' dir='ltr'><strong>dictum</strong></span> <span class='ocrx_word' id='word_1_12' title='bbox 885 1230 963 1300; x_wconf 90' lang='lat' dir='ltr'><strong>est:</strong></span> <span class='ocrx_word' id='word_1_13' title='bbox 1002 1231 1086 1298; x_wconf 69' lang='lat' dir='ltr'><strong>lies</strong></span> <span class='ocrx_word' id='word_1_14' title='bbox 1117 1229 1155 1298; x_wconf 83' lang='lat' dir='ltr'><strong>tn</strong></span> <span class='ocrx_word' id='word_1_15' title='bbox 1186 1227 1273 1298; x_wconf 79' lang='lat' dir='ltr'><strong>toea</strong></span> <span class='ocrx_word' id='word_1_16' title='bbox 1306 1226 1392 1315; x_wconf 70' lang='lat' dir='ltr'><strong>des,</strong></span> <span class='ocrx_word' id='word_1_17' title='bbox 1426 1232 1496 1298; x_wconf 77' lang='lat' dir='ltr'><strong>tres</strong></span> <span class='ocrx_word' id='word_1_18' title='bbox 1532 1232 1614 1298; x_wconf 84' lang='lat' dir='ltr'><strong>sunt</strong></span> <span class='ocrx_word' id='word_1_19' title='bbox 1646 1219 1683 1299; x_wconf 79' lang='lat' dir='ltr'><strong>in</strong></span> <span class='ocrx_word' id='word_1_20' title='bbox 1717 1231 1888 1319; x_wconf 70' lang='lat' dir='ltr'><strong>conputare</strong></span> 
     </span>
     <span class='ocr_line' id='line_1_4' title="bbox 714 1345 1887 1440; baseline 0.002 -20"><span class='ocrx_word' id='word_1_21' title='bbox 714 1349 816 1438; x_wconf 69' lang='lat' dir='ltr'><strong>tom,</strong></span> <span class='ocrx_word' id='word_1_22' title='bbox 830 1349 892 1418; x_wconf 81' lang='lat' dir='ltr'><strong>Bis</strong></span> <span class='ocrx_word' id='word_1_23' title='bbox 902 1347 978 1418; x_wconf 81' lang='lat' dir='ltr'><strong>sent</strong></span> <span class='ocrx_word' id='word_1_24' title='bbox 993 1365 1149 1437; x_wconf 71' lang='lat' dir='ltr'><strong>comum,</strong></span> <span class='ocrx_word' id='word_1_25' title='bbox 1159 1351 1211 1419; x_wconf 87' lang='lat' dir='ltr'><strong>ter</strong></span> <span class='ocrx_word' id='word_1_26' title='bbox 1223 1345 1466 1418; x_wconf 73' lang='lat' dir='ltr'><strong>ominaomina</strong></span> <span class='ocrx_word' id='word_1_27' title='bbox 1479 1346 1805 1440; x_wconf 66' lang='lat' dir='ltr'><strong>dodrante-epol</strong></span> <span class='ocrx_word' id='word_1_28' title='bbox 1821 1367 1887 1422; x_wconf 80' lang='lat' dir='ltr'><strong>cu-</strong></span> 
     </span>
     <span class='ocr_line' id='line_1_5' title="bbox 713 1455 1885 1561; baseline 0.002 -19"><span class='ocrx_word' id='word_1_29' title='bbox 713 1471 809 1559; x_wconf 84' lang='lat' dir='ltr'><strong>vtoa,</strong></span> <span class='ocrx_word' id='word_1_30' title='bbox 834 1466 935 1560; x_wconf 87' lang='lat' dir='ltr'><strong>idest,</strong></span> <span class='ocrx_word' id='word_1_31' title='bbox 961 1465 1129 1558; x_wconf 85' lang='lat' dir='ltr'><strong>viviticat,</strong></span> <span class='ocrx_word' id='word_1_32' title='bbox 1148 1455 1201 1538; x_wconf 75' lang='grc' dir='ltr'><strong>οἱὸ</strong></span> <span class='ocrx_word' id='word_1_33' title='bbox 1221 1467 1280 1540; x_wconf 84' lang='lat' dir='ltr'><strong>clla</strong></span> <span class='ocrx_word' id='word_1_34' title='bbox 1301 1468 1348 1559; x_wconf 71' lang='lat' dir='ltr'><strong>sd</strong></span> <span class='ocrx_word' id='word_1_35' title='bbox 1360 1465 1658 1561; x_wconf 66' lang='lat' dir='ltr'><strong>securamen,</strong></span> <span class='ocrx_word' id='word_1_36' title='bbox 1679 1487 1885 1561; x_wconf 87' lang='lat' dir='ltr'><strong>remanere,</strong></span> 
     </span>
     <span class='ocr_line' id='line_1_6' title="bbox 709 1585 1885 1687; baseline 0.003 -26"><span class='ocrx_word' id='word_1_37' title='bbox 709 1610 778 1687; x_wconf 83' lang='lat' dir='ltr'><strong>per</strong></span> <span class='ocrx_word' id='word_1_38' title='bbox 806 1609 872 1662; x_wconf 79' lang='lat' dir='ltr'><strong>suo</strong></span> <span class='ocrx_word' id='word_1_39' title='bbox 901 1595 1051 1677; x_wconf 81' lang='lat' dir='ltr'><strong>matera,</strong></span> <span class='ocrx_word' id='word_1_40' title='bbox 1078 1585 1226 1679; x_wconf 86' lang='lat' dir='ltr'><strong>scilicet,</strong></span> <span class='ocrx_word' id='word_1_41' title='bbox 1259 1585 1475 1682; x_wconf 85' lang='lat' dir='ltr'><strong>sanguinem</strong></span> <span class='ocrx_word' id='word_1_42' title='bbox 1507 1595 1753 1682; x_wconf 87' lang='lat' dir='ltr'><strong>menstruum,</strong></span> <span class='ocrx_word' id='word_1_43' title='bbox 1786 1588 1885 1682; x_wconf 84' lang='lat' dir='ltr'><strong>quod</strong></span> 
     </span>
     <span class='ocr_line' id='line_1_7' title="bbox 712 1705 1884 1804; baseline -0.003 -19"><span class='ocrx_word' id='word_1_44' title='bbox 712 1711 798 1786; x_wconf 90' lang='lat' dir='ltr'><strong>lecit</strong></span> <span class='ocrx_word' id='word_1_45' title='bbox 822 1708 1021 1784; x_wconf 80' lang='lat' dir='ltr'><strong>consistere</strong></span> <span class='ocrx_word' id='word_1_46' title='bbox 1045 1705 1094 1780; x_wconf 93' lang='lat' dir='ltr'><strong>ibi</strong></span> <span class='ocrx_word' id='word_1_47' title='bbox 1119 1725 1187 1802; x_wconf 92' lang='lat' dir='ltr'><strong>pro</strong></span> <span class='ocrx_word' id='word_1_48' title='bbox 1213 1725 1280 1778; x_wconf 85' lang='lat' dir='ltr'><strong>sua</strong></span> <span class='ocrx_word' id='word_1_49' title='bbox 1307 1706 1474 1800; x_wconf 87' lang='lat' dir='ltr'><strong>materia,</strong></span> <span class='ocrx_word' id='word_1_50' title='bbox 1501 1705 1537 1780; x_wconf 91' lang='lat' dir='ltr'><strong>ln</strong></span> <span class='ocrx_word' id='word_1_51' title='bbox 1570 1725 1682 1802; x_wconf 85' lang='lat' dir='ltr'><strong>quam</strong></span> <span class='ocrx_word' id='word_1_52' title='bbox 1709 1707 1884 1804; x_wconf 83' lang='lat' dir='ltr'><strong>imprimit</strong></span> 
     </span>
     <span class='ocr_line' id='line_1_8' title="bbox 712 1824 1884 1920; baseline -0.003 -14"><span class='ocrx_word' id='word_1_53' title='bbox 712 1850 819 1906; x_wconf 88' lang='lat' dir='ltr'><strong>suam</strong></span> <span class='ocrx_word' id='word_1_54' title='bbox 846 1829 1023 1903; x_wconf 84' lang='lat' dir='ltr'><strong>sormam:</strong></span> <span class='ocrx_word' id='word_1_55' title='bbox 1045 1832 1082 1901; x_wconf 91' lang='lat' dir='ltr'><strong>et</strong></span> <span class='ocrx_word' id='word_1_56' title='bbox 1101 1827 1197 1900; x_wconf 91' lang='lat' dir='ltr'><strong>bene</strong></span> <span class='ocrx_word' id='word_1_57' title='bbox 1221 1824 1326 1920; x_wconf 82' lang='lat' dir='ltr'><strong>dicit3</strong></span> <span class='ocrx_word' id='word_1_58' title='bbox 1344 1845 1430 1900; x_wconf 90' lang='lat' dir='ltr'><strong>nam</strong></span> <span class='ocrx_word' id='word_1_59' title='bbox 1448 1827 1696 1901; x_wconf 86' lang='lat' dir='ltr'><strong>communiter</strong></span> <span class='ocrx_word' id='word_1_60' title='bbox 1713 1847 1786 1902; x_wconf 92' lang='lat' dir='ltr'><strong>non</strong></span> <span class='ocrx_word' id='word_1_61' title='bbox 1803 1827 1884 1902; x_wconf 90' lang='lat' dir='ltr'><strong>lluit</strong></span> 
     </span>
     <span class='ocr_line' id='line_1_9' title="bbox 712 1933 1883 2048; baseline -0.003 -22"><span class='ocrx_word' id='word_1_62' title='bbox 712 1951 861 2048; x_wconf 83' lang='lat' dir='ltr'><strong>sanguis</strong></span> <span class='ocrx_word' id='word_1_63' title='bbox 886 1949 944 2023; x_wconf 87' lang='lat' dir='ltr'><strong>bic</strong></span> <span class='ocrx_word' id='word_1_64' title='bbox 969 1969 991 2020; x_wconf 89' lang='lat' dir='ltr'><strong>a</strong></span> <span class='ocrx_word' id='word_1_65' title='bbox 1017 1946 1173 2020; x_wconf 90' lang='lat' dir='ltr'><strong>muliere</strong></span> <span class='ocrx_word' id='word_1_66' title='bbox 1198 1953 1280 2041; x_wconf 91' lang='lat' dir='ltr'><strong>post</strong></span> <span class='ocrx_word' id='word_1_67' title='bbox 1304 1945 1663 2043; x_wconf 84' lang='lat' dir='ltr'><strong>impraegnationem3</strong></span> <span class='ocrx_word' id='word_1_68' title='bbox 1692 1933 1790 2022; x_wconf 86' lang='lat' dir='ltr'><strong>unde</strong></span> <span class='ocrx_word' id='word_1_69' title='bbox 1815 1950 1883 2022; x_wconf 87' lang='lat' dir='ltr'><strong>ba-</strong></span> 
     </span>
     <span class='ocr_line' id='line_1_10' title="bbox 711 2065 1882 2162; baseline -0.003 -16"><span class='ocrx_word' id='word_1_70' title='bbox 711 2073 798 2147; x_wconf 90' lang='lat' dir='ltr'><strong>bent</strong></span> <span class='ocrx_word' id='word_1_71' title='bbox 823 2068 919 2143; x_wconf 89' lang='lat' dir='ltr'><strong>istud</strong></span> <span class='ocrx_word' id='word_1_72' title='bbox 944 2086 1144 2142; x_wconf 89' lang='lat' dir='ltr'><strong>commune</strong></span> <span class='ocrx_word' id='word_1_73' title='bbox 1170 2065 1316 2162; x_wconf 82' lang='lat' dir='ltr'><strong>signum</strong></span> <span class='ocrx_word' id='word_1_74' title='bbox 1348 2065 1614 2161; x_wconf 72' lang='lat' dir='ltr'><strong>conceptionis:</strong></span> <span class='ocrx_word' id='word_1_75' title='bbox 1641 2073 1678 2142; x_wconf 91' lang='lat' dir='ltr'><strong>et</strong></span> <span class='ocrx_word' id='word_1_76' title='bbox 1704 2087 1777 2142; x_wconf 93' lang='lat' dir='ltr'><strong>non</strong></span> <span class='ocrx_word' id='word_1_77' title='bbox 1802 2069 1882 2142; x_wconf 87' lang='lat' dir='ltr'><strong>vult</strong></span> 
     </span>
     <span class='ocr_line' id='line_1_11' title="bbox 711 2185 1880 2284; baseline -0.004 -18"><span class='ocrx_word' id='word_1_78' title='bbox 711 2191 810 2267; x_wconf 92' lang='lat' dir='ltr'><strong>aliud</strong></span> <span class='ocrx_word' id='word_1_79' title='bbox 838 2189 961 2263; x_wconf 82' lang='lat' dir='ltr'><strong>dicere</strong></span> <span class='ocrx_word' id='word_1_80' title='bbox 991 2187 1057 2260; x_wconf 91' lang='lat' dir='ltr'><strong>nisi</strong></span> <span class='ocrx_word' id='word_1_81' title='bbox 1092 2185 1191 2280; x_wconf 87' lang='lat' dir='ltr'><strong>quod</strong></span> <span class='ocrx_word' id='word_1_82' title='bbox 1221 2191 1424 2282; x_wconf 82' lang='lat' dir='ltr'><strong>generatur</strong></span> <span class='ocrx_word' id='word_1_83' title='bbox 1455 2186 1578 2261; x_wconf 85' lang='lat' dir='ltr'><strong>anima</strong></span> <span class='ocrx_word' id='word_1_84' title='bbox 1608 2187 1812 2284; x_wconf 83' lang='lat' dir='ltr'><strong>vegetative</strong></span> <span class='ocrx_word' id='word_1_85' title='bbox 1842 2188 1880 2261; x_wconf 92' lang='lat' dir='ltr'><strong>in</strong></span> 
     </span>
     <span class='ocr_line' id='line_1_12' title="bbox 710 2307 1882 2404; baseline -0.003 -18"><span class='ocrx_word' id='word_1_86' title='bbox 710 2314 802 2386; x_wconf 87' lang='lat' dir='ltr'><strong>loetn</strong></span> <span class='ocrx_word' id='word_1_87' title='bbox 827 2309 947 2404; x_wconf 84' lang='lat' dir='ltr'><strong>qualis</strong></span> <span class='ocrx_word' id='word_1_88' title='bbox 973 2313 1028 2382; x_wconf 92' lang='lat' dir='ltr'><strong>est</strong></span> <span class='ocrx_word' id='word_1_89' title='bbox 1053 2307 1089 2381; x_wconf 93' lang='lat' dir='ltr'><strong>in</strong></span> <span class='ocrx_word' id='word_1_90' title='bbox 1114 2307 1320 2380; x_wconf 79' lang='lat' dir='ltr'><strong>arboribus.</strong></span> <span class='ocrx_word' id='word_1_91' title='bbox 1334 2347 1384 2361; x_wconf 92' lang='lat'>—</span> <span class='ocrx_word' id='word_1_92' title='bbox 1397 2309 1535 2380; x_wconf 69' lang='lat' dir='ltr'><strong>Aramo.</strong></span> <span class='ocrx_word' id='word_1_93' title='bbox 1557 2307 1623 2382; x_wconf 89' lang='lat' dir='ltr'><strong>llic</strong></span> <span class='ocrx_word' id='word_1_94' title='bbox 1648 2307 1784 2382; x_wconf 89' lang='lat' dir='ltr'><strong>Statius</strong></span> <span class='ocrx_word' id='word_1_95' title='bbox 1801 2315 1882 2382; x_wconf 85' lang='lat' dir='ltr'><strong>tan·</strong></span> 
     </span>
     <span class='ocr_line' id='line_1_13' title="bbox 710 2427 1882 2531; baseline -0.002 -25"><span class='ocrx_word' id='word_1_96' title='bbox 710 2433 762 2531; x_wconf 83' lang='lat' dir='ltr'><strong>git</strong></span> <span class='ocrx_word' id='word_1_97' title='bbox 786 2428 1062 2529; x_wconf 80' lang='lat' dir='ltr'><strong>generationem</strong></span> <span class='ocrx_word' id='word_1_98' title='bbox 1087 2427 1222 2502; x_wconf 86' lang='lat' dir='ltr'><strong>animae</strong></span> <span class='ocrx_word' id='word_1_99' title='bbox 1248 2427 1428 2502; x_wconf 82' lang='lat' dir='ltr'><strong>sensitivae</strong></span> <span class='ocrx_word' id='word_1_100' title='bbox 1458 2427 1495 2500; x_wconf 92' lang='lat' dir='ltr'><strong>ln</strong></span> <span class='ocrx_word' id='word_1_101' title='bbox 1528 2427 1631 2522; x_wconf 69' lang='lat' dir='ltr'><strong>foetu,</strong></span> <span class='ocrx_word' id='word_1_102' title='bbox 1657 2434 1738 2524; x_wconf 92' lang='lat' dir='ltr'><strong>post</strong></span> <span class='ocrx_word' id='word_1_103' title='bbox 1767 2447 1882 2525; x_wconf 81' lang='lat' dir='ltr'><strong>gene-</strong></span> 
     </span>
     <span class='ocr_line' id='line_1_14' title="bbox 710 2545 1880 2644; baseline -0.006 -15"><span class='ocrx_word' id='word_1_104' title='bbox 710 2553 889 2629; x_wconf 87' lang='lat' dir='ltr'><strong>rationem</strong></span> <span class='ocrx_word' id='word_1_105' title='bbox 915 2550 1049 2624; x_wconf 84' lang='lat' dir='ltr'><strong>animae</strong></span> <span class='ocrx_word' id='word_1_106' title='bbox 1073 2547 1302 2644; x_wconf 62' lang='lat' dir='ltr'><strong>vegetativos,</strong></span> <span class='ocrx_word' id='word_1_107' title='bbox 1328 2567 1489 2642; x_wconf 85' lang='lat' dir='ltr'><strong>quarum</strong></span> <span class='ocrx_word' id='word_1_108' title='bbox 1521 2553 1682 2641; x_wconf 84' lang='lat' dir='ltr'><strong>utraque</strong></span> <span class='ocrx_word' id='word_1_109' title='bbox 1710 2545 1880 2622; x_wconf 78' lang='lat' dir='ltr'><strong>educitur</strong></span> 
     </span>
     <span class='ocr_line' id='line_1_15' title="bbox 709 2661 1879 2769; baseline -0.009 -18"><span class='ocrx_word' id='word_1_110' title='bbox 709 2676 756 2751; x_wconf 89' lang='lat' dir='ltr'><strong>de</strong></span> <span class='ocrx_word' id='word_1_111' title='bbox 780 2672 939 2769; x_wconf 89' lang='lat' dir='ltr'><strong>potentia</strong></span> <span class='ocrx_word' id='word_1_112' title='bbox 964 2669 1141 2762; x_wconf 77' lang='lat' dir='ltr'><strong>materiae,</strong></span> <span class='ocrx_word' id='word_1_113' title='bbox 1160 2675 1196 2742; x_wconf 90' lang='lat' dir='ltr'><strong>et</strong></span> <span class='ocrx_word' id='word_1_114' title='bbox 1221 2689 1295 2742; x_wconf 93' lang='lat' dir='ltr'><strong>non</strong></span> <span class='ocrx_word' id='word_1_115' title='bbox 1321 2669 1430 2744; x_wconf 87' lang='lat' dir='ltr'><strong>datur</strong></span> <span class='ocrx_word' id='word_1_116' title='bbox 1451 2668 1500 2741; x_wconf 85' lang='lat' dir='ltr'><strong>ab</strong></span> <span class='ocrx_word' id='word_1_117' title='bbox 1517 2676 1634 2762; x_wconf 84' lang='lat' dir='ltr'><strong>extra,</strong></span> <span class='ocrx_word' id='word_1_118' title='bbox 1655 2667 1749 2742; x_wconf 90' lang='lat' dir='ltr'><strong>sicut</strong></span> <span class='ocrx_word' id='word_1_119' title='bbox 1763 2661 1800 2761; x_wconf 75' lang='lat'><strong>(¹)</strong></span> <span class='ocrx_word' id='word_1_120' title='bbox 1820 2687 1879 2741; x_wconf 85' lang='lat' dir='ltr'><strong>ru-</strong></span> 
     </span>
     <span class='ocr_line' id='line_1_16' title="bbox 709 2787 1876 2885; baseline -0.007 -17"><span class='ocrx_word' id='word_1_121' title='bbox 709 2793 850 2869; x_wconf 90' lang='lat' dir='ltr'><strong>tionalis</strong></span> <span class='ocrx_word' id='word_1_122' title='bbox 884 2791 931 2866; x_wconf 91' lang='lat' dir='ltr'><strong>de</strong></span> <span class='ocrx_word' id='word_1_123' title='bbox 966 2811 1040 2884; x_wconf 86' lang='lat' dir='ltr'><strong>qua</strong></span> <span class='ocrx_word' id='word_1_124' title='bbox 1070 2788 1214 2864; x_wconf 88' lang='lat' dir='ltr'><strong>dicetur</strong></span> <span class='ocrx_word' id='word_1_125' title='bbox 1246 2795 1383 2885; x_wconf 86' lang='lat' dir='ltr'><strong>postea.</strong></span> <span class='ocrx_word' id='word_1_126' title='bbox 1415 2787 1458 2861; x_wconf 85' lang='lat' dir='ltr'><strong>Et</strong></span> <span class='ocrx_word' id='word_1_127' title='bbox 1486 2787 1704 2863; x_wconf 89' lang='lat' dir='ltr'><strong>continuans</strong></span> <span class='ocrx_word' id='word_1_128' title='bbox 1734 2794 1876 2882; x_wconf 90' lang='lat' dir='ltr'><strong>partem</strong></span> 
     </span>
     <span class='ocr_line' id='line_1_17' title="bbox 707 2907 1877 3010; baseline -0.007 -22"><span class='ocrx_word' id='word_1_129' title='bbox 707 2913 813 3010; x_wconf 87' lang='lat' dir='ltr'><strong>parti,</strong></span> <span class='ocrx_word' id='word_1_130' title='bbox 839 2912 941 2987; x_wconf 86' lang='lat' dir='ltr'><strong>dicit:</strong></span> <span class='ocrx_word' id='word_1_131' title='bbox 969 2914 1021 2982; x_wconf 81' lang='lat' dir='ltr'><strong>La</strong></span> <span class='ocrx_word' id='word_1_132' title='bbox 1045 2912 1169 2982; x_wconf 81' lang='lat' dir='ltr'><strong>virtute</strong></span> <span class='ocrx_word' id='word_1_133' title='bbox 1193 2911 1314 2999; x_wconf 69' lang='lat' dir='ltr'><strong>omno,</strong></span> <span class='ocrx_word' id='word_1_134' title='bbox 1336 2929 1420 3002; x_wconf 85' lang='lat' dir='ltr'><strong>quae</strong></span> <span class='ocrx_word' id='word_1_135' title='bbox 1445 2913 1501 2983; x_wconf 89' lang='lat' dir='ltr'><strong>est</strong></span> <span class='ocrx_word' id='word_1_136' title='bbox 1525 2927 1571 2982; x_wconf 87' lang='lat' dir='ltr'><strong>ex</strong></span> <span class='ocrx_word' id='word_1_137' title='bbox 1597 2915 1702 3002; x_wconf 84' lang='lat' dir='ltr'><strong>parte</strong></span> <span class='ocrx_word' id='word_1_138' title='bbox 1726 2907 1877 3004; x_wconf 82' lang='lat' dir='ltr'><strong>agentis,</strong></span> 
     </span>
     <span class='ocr_line' id='line_1_18' title="bbox 704 3027 1876 3128; baseline -0.003 -21"><span class='ocrx_word' id='word_1_139' title='bbox 704 3039 795 3128; x_wconf 74' lang='lat' dir='ltr'><strong>satta</strong></span> <span class='ocrx_word' id='word_1_140' title='bbox 820 3035 942 3104; x_wconf 75' lang='lat' dir='ltr'><strong>aalma</strong></span> <span class='ocrx_word' id='word_1_141' title='bbox 966 3031 1052 3122; x_wconf 79' lang='lat' dir='ltr'><strong>quat</strong></span> <span class='ocrx_word' id='word_1_142' title='bbox 1082 3031 1203 3102; x_wconf 84' lang='lat' dir='ltr'><strong>d’uno</strong></span> <span class='ocrx_word' id='word_1_143' title='bbox 1231 3031 1369 3121; x_wconf 75' lang='lat' dir='ltr'><strong>ptorcto,</strong></span> <span class='ocrx_word' id='word_1_144' title='bbox 1396 3028 1498 3122; x_wconf 89' lang='lat' dir='ltr'><strong>idest,</strong></span> <span class='ocrx_word' id='word_1_145' title='bbox 1525 3027 1644 3122; x_wconf 85' lang='lat' dir='ltr'><strong>qualis</strong></span> <span class='ocrx_word' id='word_1_146' title='bbox 1674 3034 1728 3103; x_wconf 89' lang='lat' dir='ltr'><strong>est</strong></span> <span class='ocrx_word' id='word_1_147' title='bbox 1753 3027 1876 3103; x_wconf 84' lang='lat' dir='ltr'><strong>anima</strong></span> 
     </span>
     <span class='ocr_line' id='line_1_19' title="bbox 706 3149 1875 3249; baseline -0.004 -20"><span class='ocrx_word' id='word_1_148' title='bbox 706 3153 915 3249; x_wconf 83' lang='lat' dir='ltr'><strong>vegetativa</strong></span> <span class='ocrx_word' id='word_1_149' title='bbox 934 3150 1131 3224; x_wconf 90' lang='lat' dir='ltr'><strong>arborum:</strong></span> <span class='ocrx_word' id='word_1_150' title='bbox 1150 3149 1281 3244; x_wconf 85' lang='lat' dir='ltr'><strong>plantae</strong></span> <span class='ocrx_word' id='word_1_151' title='bbox 1302 3149 1400 3223; x_wconf 92' lang='lat' dir='ltr'><strong>enim</strong></span> <span class='ocrx_word' id='word_1_152' title='bbox 1426 3149 1562 3224; x_wconf 84' lang='lat' dir='ltr'><strong>habent</strong></span> <span class='ocrx_word' id='word_1_153' title='bbox 1582 3155 1724 3244; x_wconf 89' lang='lat' dir='ltr'><strong>partem</strong></span> <span class='ocrx_word' id='word_1_154' title='bbox 1742 3149 1875 3224; x_wconf 74' lang='lat' dir='ltr'><strong>animle</strong></span> 
     </span>
     <span class='ocr_line' id='line_1_20' title="bbox 705 3268 1875 3369; baseline -0.001 -25"><span class='ocrx_word' id='word_1_155' title='bbox 705 3273 956 3369; x_wconf 87' lang='lat' dir='ltr'><strong>potiusquam</strong></span> <span class='ocrx_word' id='word_1_156' title='bbox 974 3269 1149 3344; x_wconf 86' lang='lat' dir='ltr'><strong>animam.</strong></span> <span class='ocrx_word' id='word_1_157' title='bbox 1171 3268 1275 3344; x_wconf 89' lang='lat' dir='ltr'><strong>Unde</strong></span> <span class='ocrx_word' id='word_1_158' title='bbox 1291 3289 1421 3344; x_wconf 87' lang='lat' dir='ltr'><strong>earum</strong></span> <span class='ocrx_word' id='word_1_159' title='bbox 1440 3269 1562 3344; x_wconf 88' lang='lat' dir='ltr'><strong>anima</strong></span> <span class='ocrx_word' id='word_1_160' title='bbox 1580 3276 1636 3343; x_wconf 90' lang='lat' dir='ltr'><strong>est</strong></span> <span class='ocrx_word' id='word_1_161' title='bbox 1654 3269 1875 3364; x_wconf 82' lang='lat' dir='ltr'><strong>imperfecta,</strong></span> 
     </span>
     <span class='ocr_line' id='line_1_21' title="bbox 706 3389 1877 3490; baseline -0.003 -22"><span class='ocrx_word' id='word_1_162' title='bbox 706 3394 793 3490; x_wconf 87' lang='lat' dir='ltr'><strong>quia</strong></span> <span class='ocrx_word' id='word_1_163' title='bbox 819 3391 987 3468; x_wconf 83' lang='lat' dir='ltr'><strong>educitur</strong></span> <span class='ocrx_word' id='word_1_164' title='bbox 1012 3389 1059 3464; x_wconf 90' lang='lat' dir='ltr'><strong>de</strong></span> <span class='ocrx_word' id='word_1_165' title='bbox 1090 3389 1244 3464; x_wconf 86' lang='lat' dir='ltr'><strong>materia</strong></span> <span class='ocrx_word' id='word_1_166' title='bbox 1277 3409 1343 3485; x_wconf 94' lang='lat' dir='ltr'><strong>per</strong></span> <span class='ocrx_word' id='word_1_167' title='bbox 1372 3389 1547 3465; x_wconf 83' lang='lat' dir='ltr'><strong>virtutem</strong></span> <span class='ocrx_word' id='word_1_168' title='bbox 1575 3390 1814 3483; x_wconf 66' lang='lat' dir='ltr'><strong>formantem</strong></span> <span class='ocrx_word' id='word_1_169' title='bbox 1839 3396 1877 3464; x_wconf 92' lang='lat' dir='ltr'><strong>et</strong></span> 
     </span>
     <span class='ocr_line' id='line_1_22' title="bbox 706 3509 1874 3609; baseline -0.007 -19"><span class='ocrx_word' id='word_1_170' title='bbox 706 3519 761 3590; x_wconf 82' lang='lat' dir='ltr'><strong>est</strong></span> <span class='ocrx_word' id='word_1_171' title='bbox 787 3511 1034 3609; x_wconf 81' lang='lat' dir='ltr'><strong>vegetativum</strong></span> <span class='ocrx_word' id='word_1_172' title='bbox 1061 3509 1097 3582; x_wconf 92' lang='lat' dir='ltr'><strong>in</strong></span> <span class='ocrx_word' id='word_1_173' title='bbox 1123 3509 1307 3604; x_wconf 87' lang='lat' dir='ltr'><strong>sensitivo‚</strong></span> <span class='ocrx_word' id='word_1_174' title='bbox 1326 3509 1419 3583; x_wconf 88' lang='lat' dir='ltr'><strong>sicut</strong></span> <span class='ocrx_word' id='word_1_175' title='bbox 1435 3510 1596 3605; x_wconf 89' lang='lat' dir='ltr'><strong>potentia</strong></span> <span class='ocrx_word' id='word_1_176' title='bbox 1621 3509 1658 3582; x_wconf 88' lang='lat' dir='ltr'><strong>in</strong></span> <span class='ocrx_word' id='word_1_177' title='bbox 1683 3529 1751 3584; x_wconf 92' lang='lat' dir='ltr'><strong>suo</strong></span> <span class='ocrx_word' id='word_1_178' title='bbox 1770 3517 1874 3603; x_wconf 81' lang='lat' dir='ltr'><strong>actu3</strong></span> 
     </span>
     <span class='ocr_line' id='line_1_23' title="bbox 704 3628 1875 3724; baseline -0.004 -15"><span class='ocrx_word' id='word_1_179' title='bbox 704 3639 742 3709; x_wconf 88' lang='lat' dir='ltr'><strong>et</strong></span> <span class='ocrx_word' id='word_1_180' title='bbox 767 3631 938 3708; x_wconf 82' lang='lat' dir='ltr'><strong>sensitiva</strong></span> <span class='ocrx_word' id='word_1_181' title='bbox 958 3630 995 3704; x_wconf 94' lang='lat' dir='ltr'><strong>in</strong></span> <span class='ocrx_word' id='word_1_182' title='bbox 1013 3629 1161 3704; x_wconf 90' lang='lat' dir='ltr'><strong>homine</strong></span> <span class='ocrx_word' id='word_1_183' title='bbox 1177 3629 1371 3708; x_wconf 83' lang='lat' dir='ltr'><strong>coniuncta</strong></span> <span class='ocrx_word' id='word_1_184' title='bbox 1390 3629 1534 3724; x_wconf 87' lang='lat' dir='ltr'><strong>rationi,</strong></span> <span class='ocrx_word' id='word_1_185' title='bbox 1551 3634 1607 3704; x_wconf 90' lang='lat' dir='ltr'><strong>est</strong></span> <span class='ocrx_word' id='word_1_186' title='bbox 1624 3630 1741 3704; x_wconf 90' lang='lat' dir='ltr'><strong>multo</strong></span> <span class='ocrx_word' id='word_1_187' title='bbox 1759 3628 1875 3718; x_wconf 84' lang='lat' dir='ltr'><strong>main·</strong></span> 
     </span>
     <span class='ocr_line' id='line_1_24' title="bbox 704 3749 1874 3844; baseline -0.003 -17"><span class='ocrx_word' id='word_1_188' title='bbox 704 3753 755 3827; x_wconf 86' lang='lat' dir='ltr'><strong>ris</strong></span> <span class='ocrx_word' id='word_1_189' title='bbox 780 3750 924 3827; x_wconf 86' lang='lat' dir='ltr'><strong>virtutis</strong></span> <span class='ocrx_word' id='word_1_190' title='bbox 950 3769 1061 3844; x_wconf 90' lang='lat' dir='ltr'><strong>quam</strong></span> <span class='ocrx_word' id='word_1_191' title='bbox 1091 3749 1129 3822; x_wconf 95' lang='lat' dir='ltr'><strong>in</strong></span> <span class='ocrx_word' id='word_1_192' title='bbox 1162 3749 1240 3822; x_wconf 85' lang='lat' dir='ltr'><strong>aliis</strong></span> <span class='ocrx_word' id='word_1_193' title='bbox 1269 3749 1497 3824; x_wconf 85' lang='lat' dir='ltr'><strong>animalibus.</strong></span> <span class='ocrx_word' id='word_1_194' title='bbox 1530 3749 1757 3825; x_wconf 88' lang='lat' dir='ltr'><strong>Intellectum</strong></span> <span class='ocrx_word' id='word_1_195' title='bbox 1783 3769 1874 3825; x_wconf 87' lang='lat' dir='ltr'><strong>vero</strong></span> 
     </span>
     <span class='ocr_line' id='line_1_25' title="bbox 702 3861 1937 3967; baseline -0.002 -19"><span class='ocrx_word' id='word_1_196' title='bbox 702 3873 836 3948; x_wconf 79' lang='lat' dir='ltr'><strong>animae</strong></span> <span class='ocrx_word' id='word_1_197' title='bbox 862 3869 1047 3944; x_wconf 89' lang='lat' dir='ltr'><strong>rationalis</strong></span> <span class='ocrx_word' id='word_1_198' title='bbox 1061 3869 1184 3943; x_wconf 90' lang='lat' dir='ltr'><strong>educit</strong></span> <span class='ocrx_word' id='word_1_199' title='bbox 1201 3868 1406 3944; x_wconf 87' lang='lat' dir='ltr'><strong>intellectus</strong></span> <span class='ocrx_word' id='word_1_200' title='bbox 1423 3871 1564 3967; x_wconf 90' lang='lat' dir='ltr'><strong>primus</strong></span> <span class='ocrx_word' id='word_1_201' title='bbox 1579 3861 1619 3962; x_wconf 79' lang='lat'><strong>(²)</strong></span> <span class='ocrx_word' id='word_1_202' title='bbox 1636 3870 1683 3946; x_wconf 90' lang='lat' dir='ltr'><strong>de</strong></span> <span class='ocrx_word' id='word_1_203' title='bbox 1702 3871 1785 3945; x_wconf 90' lang='lat' dir='ltr'><strong>luce</strong></span> <span class='ocrx_word' id='word_1_204' title='bbox 1806 3889 1873 3945; x_wconf 89' lang='lat' dir='ltr'><strong>sua</strong></span> <span class='ocrx_word' id='word_1_205' title='bbox 1935 3923 1937 3928; x_wconf 85' lang='lat'>-</span> 
     </span>
     <span class='ocr_line' id='line_1_26' title="bbox 703 3988 1963 4086; baseline -0.002 -18"><span class='ocrx_word' id='word_1_206' title='bbox 703 4001 740 4068; x_wconf 91' lang='lat' dir='ltr'><strong>et</strong></span> <span class='ocrx_word' id='word_1_207' title='bbox 765 4013 838 4067; x_wconf 93' lang='lat' dir='ltr'><strong>non</strong></span> <span class='ocrx_word' id='word_1_208' title='bbox 863 3991 909 4066; x_wconf 92' lang='lat' dir='ltr'><strong>de</strong></span> <span class='ocrx_word' id='word_1_209' title='bbox 933 3991 1058 4085; x_wconf 86' lang='lat' dir='ltr'><strong>aliquo</strong></span> <span class='ocrx_word' id='word_1_210' title='bbox 1086 3990 1330 4064; x_wconf 87' lang='lat' dir='ltr'><strong>materialium</strong></span> <span class='ocrx_word' id='word_1_211' title='bbox 1357 3990 1631 4086; x_wconf 91' lang='lat' dir='ltr'><strong>principiorum.</strong></span> <span class='ocrx_word' id='word_1_212' title='bbox 1665 3988 1748 4066; x_wconf 93' lang='lat' dir='ltr'><strong>ldeo</strong></span> <span class='ocrx_word' id='word_1_213' title='bbox 1778 3991 1872 4066; x_wconf 91' lang='lat' dir='ltr'><strong>bene</strong></span> <span class='ocrx_word' id='word_1_214' title='bbox 1960 3997 1963 4005; x_wconf 72' lang='lat'>‘</span> 
     </span>
     <span class='ocr_line' id='line_1_27' title="bbox 701 4110 1870 4205; baseline -0.004 -17"><span class='ocrx_word' id='word_1_215' title='bbox 701 4112 806 4188; x_wconf 87' lang='lat' dir='ltr'><strong>dicit:</strong></span> <span class='ocrx_word' id='word_1_216' title='bbox 830 4115 869 4184; x_wconf 83' lang='lat' dir='ltr'><strong>in</strong></span> <span class='ocrx_word' id='word_1_217' title='bbox 895 4117 991 4183; x_wconf 76' lang='lat' dir='ltr'><strong>tunm</strong></span> <span class='ocrx_word' id='word_1_218' title='bbox 1016 4113 1207 4202; x_wconf 73' lang='lat' dir='ltr'><strong>differente,</strong></span> <span class='ocrx_word' id='word_1_219' title='bbox 1232 4111 1280 4185; x_wconf 93' lang='lat' dir='ltr'><strong>ab</strong></span> <span class='ocrx_word' id='word_1_220' title='bbox 1310 4110 1433 4184; x_wconf 85' lang='lat' dir='ltr'><strong>anima</strong></span> <span class='ocrx_word' id='word_1_221' title='bbox 1466 4111 1610 4205; x_wconf 84' lang='lat' dir='ltr'><strong>plantae,</strong></span> <span class='ocrx_word' id='word_1_222' title='bbox 1645 4113 1706 4184; x_wconf 83' lang='lat' dir='ltr'><strong>cte</strong></span> <span class='ocrx_word' id='word_1_223' title='bbox 1738 4119 1870 4202; x_wconf 61' lang='lat' dir='ltr'><strong>questo</strong></span> 
     </span>
     <span class='ocr_line' id='line_1_28' title="bbox 701 4225 1871 4327; baseline -0.004 -20"><span class='ocrx_word' id='word_1_224' title='bbox 701 4233 846 4327; x_wconf 86' lang='lat' dir='ltr'><strong>scilieet,</strong></span> <span class='ocrx_word' id='word_1_225' title='bbox 873 4231 997 4306; x_wconf 83' lang='lat' dir='ltr'><strong>anima</strong></span> <span class='ocrx_word' id='word_1_226' title='bbox 1022 4251 1105 4324; x_wconf 75' lang='lat' dir='ltr'><strong>qun</strong></span> <span class='ocrx_word' id='word_1_227' title='bbox 1130 4236 1185 4304; x_wconf 88' lang='lat' dir='ltr'><strong>est</strong></span> <span class='ocrx_word' id='word_1_228' title='bbox 1210 4229 1247 4302; x_wconf 94' lang='lat' dir='ltr'><strong>in</strong></span> <span class='ocrx_word' id='word_1_229' title='bbox 1272 4229 1376 4326; x_wconf 68' lang='lat' dir='ltr'><strong>lectu,</strong></span> <span class='ocrx_word' id='word_1_230' title='bbox 1402 4225 1483 4304; x_wconf 71' lang='lat' dir='ltr'><strong>dtu</strong></span> <span class='ocrx_word' id='word_1_231' title='bbox 1503 4235 1575 4321; x_wconf 83' lang='lat' dir='ltr'><strong>oto,</strong></span> <span class='ocrx_word' id='word_1_232' title='bbox 1592 4231 1694 4324; x_wconf 77' lang='lat' dir='ltr'><strong>idest,</strong></span> <span class='ocrx_word' id='word_1_233' title='bbox 1717 4231 1753 4304; x_wconf 96' lang='lat' dir='ltr'><strong>in</strong></span> <span class='ocrx_word' id='word_1_234' title='bbox 1778 4229 1871 4323; x_wconf 89' lang='lat' dir='ltr'><strong>lieri,</strong></span> 
     </span>
     <span class='ocr_line' id='line_1_29' title="bbox 700 4349 1945 4448; baseline -0.003 -22"><span class='ocrx_word' id='word_1_235' title='bbox 700 4352 787 4448; x_wconf 87' lang='lat' dir='ltr'><strong>qnia</strong></span> <span class='ocrx_word' id='word_1_236' title='bbox 813 4351 976 4426; x_wconf 91' lang='lat' dir='ltr'><strong>nondum</strong></span> <span class='ocrx_word' id='word_1_237' title='bbox 1002 4351 1115 4425; x_wconf 87' lang='lat' dir='ltr'><strong>habet</strong></span> <span class='ocrx_word' id='word_1_238' title='bbox 1138 4349 1399 4445; x_wconf 88' lang='lat' dir='ltr'><strong>perlectionem</strong></span> <span class='ocrx_word' id='word_1_239' title='bbox 1435 4369 1553 4444; x_wconf 87' lang='lat' dir='ltr'><strong>suam,</strong></span> <span class='ocrx_word' id='word_1_240' title='bbox 1579 4372 1598 4423; x_wconf 88' lang='lat' dir='ltr'><strong>e</strong></span> <span class='ocrx_word' id='word_1_241' title='bbox 1623 4353 1750 4442; x_wconf 70' lang='lat' dir='ltr'><strong>notu,</strong></span> <span class='ocrx_word' id='word_1_242' title='bbox 1775 4349 1870 4424; x_wconf 60' lang='lat' dir='ltr'><strong>scili*</strong></span> <span class='ocrx_word' id='word_1_243' title='bbox 1942 4429 1945 4436; x_wconf 60' lang='grc'><strong>,</strong></span> 
     </span>
     <span class='ocr_line' id='line_1_30' title="bbox 699 4460 1871 4570; baseline -0.003 -22"><span class='ocrx_word' id='word_1_244' title='bbox 699 4481 768 4567; x_wconf 84' lang='lat' dir='ltr'><strong>cet,</strong></span> <span class='ocrx_word' id='word_1_245' title='bbox 795 4472 1013 4570; x_wconf 85' lang='lat' dir='ltr'><strong>vegetativa,</strong></span> <span class='ocrx_word' id='word_1_246' title='bbox 1040 4460 1142 4561; x_wconf 54' lang='grc' dir='ltr'><strong>ὀρθὰ</strong></span> <span class='ocrx_word' id='word_1_247' title='bbox 1170 4490 1196 4542; x_wconf 89' lang='grc' dir='ltr'><em>α</em></span> <span class='ocrx_word' id='word_1_248' title='bbox 1226 4473 1321 4562; x_wconf 68' lang='lat' dir='ltr'><strong>mon,</strong></span> <span class='ocrx_word' id='word_1_249' title='bbox 1346 4470 1448 4565; x_wconf 81' lang='lat' dir='ltr'><strong>idest,</strong></span> <span class='ocrx_word' id='word_1_250' title='bbox 1475 4475 1530 4544; x_wconf 85' lang='lat' dir='ltr'><strong>est</strong></span> <span class='ocrx_word' id='word_1_251' title='bbox 1553 4472 1632 4566; x_wconf 80' lang='lat' dir='ltr'><strong>jam</strong></span> <span class='ocrx_word' id='word_1_252' title='bbox 1663 4470 1768 4564; x_wconf 85' lang='lat' dir='ltr'><strong>lacta,</strong></span> <span class='ocrx_word' id='word_1_253' title='bbox 1803 4487 1871 4544; x_wconf 89' lang='lat' dir='ltr'><strong>nec</strong></span> 
     </span>
     <span class='ocr_line' id='line_1_31' title="bbox 699 4589 1867 4688; baseline -0.003 -22"><span class='ocrx_word' id='word_1_254' title='bbox 699 4599 867 4688; x_wconf 80' lang='lat' dir='ltr'><strong>expectat</strong></span> <span class='ocrx_word' id='word_1_255' title='bbox 895 4592 1004 4666; x_wconf 87' lang='lat' dir='ltr'><strong>uliam</strong></span> <span class='ocrx_word' id='word_1_256' title='bbox 1037 4589 1320 4685; x_wconf 82' lang='lat' dir='ltr'><strong>perlectionem3</strong></span> <span class='ocrx_word' id='word_1_257' title='bbox 1352 4597 1448 4664; x_wconf 76' lang='lat' dir='ltr'><strong>mato</strong></span> <span class='ocrx_word' id='word_1_258' title='bbox 1478 4608 1569 4663; x_wconf 70' lang='lat' dir='ltr'><strong>omo</strong></span> <span class='ocrx_word' id='word_1_259' title='bbox 1596 4593 1672 4682; x_wconf 83' lang='lat' dir='ltr'><strong>poi,</strong></span> <span class='ocrx_word' id='word_1_260' title='bbox 1702 4591 1738 4663; x_wconf 92' lang='lat' dir='ltr'><strong>in</strong></span> <span class='ocrx_word' id='word_1_261' title='bbox 1768 4589 1867 4663; x_wconf 81' lang='lat' dir='ltr'><strong>rllanr</strong></span> 
     </span>
     <span class='ocr_line' id='line_1_32' title="bbox 700 4699 1869 4806; baseline -0.003 -20"><span class='ocrx_word' id='word_1_262' title='bbox 700 4711 906 4806; x_wconf 88' lang='lat' dir='ltr'><strong>materiam,</strong></span> <span class='ocrx_word' id='word_1_263' title='bbox 922 4715 983 4784; x_wconf 82' lang='lat' dir='ltr'><strong>cte</strong></span> <span class='ocrx_word' id='word_1_264' title='bbox 998 4701 1059 4802; x_wconf 72' lang='lat' dir='ltr'><strong>put</strong></span> <span class='ocrx_word' id='word_1_265' title='bbox 1083 4713 1116 4783; x_wconf 80' lang='lat' dir='ltr'><strong>st</strong></span> <span class='ocrx_word' id='word_1_266' title='bbox 1138 4728 1261 4784; x_wconf 71' lang='lat' dir='ltr'><strong>mucce</strong></span> <span class='ocrx_word' id='word_1_267' title='bbox 1286 4731 1305 4782; x_wconf 83' lang='lat' dir='ltr'><strong>e</strong></span> <span class='ocrx_word' id='word_1_268' title='bbox 1328 4717 1432 4802; x_wconf 69' lang='lat' dir='ltr'><strong>senc,</strong></span> <span class='ocrx_word' id='word_1_269' title='bbox 1450 4699 1553 4805; x_wconf 79' lang='lat' dir='ltr'><strong>idest,</strong></span> <span class='ocrx_word' id='word_1_270' title='bbox 1571 4709 1669 4804; x_wconf 86' lang='lat' dir='ltr'><strong>quod</strong></span> <span class='ocrx_word' id='word_1_271' title='bbox 1687 4710 1727 4783; x_wconf 91' lang='lat' dir='ltr'><strong>lit</strong></span> <span class='ocrx_word' id='word_1_272' title='bbox 1746 4709 1869 4784; x_wconf 88' lang='lat' dir='ltr'><strong>anima</strong></span> 
     </span>
     <span class='ocr_line' id='line_1_33' title="bbox 698 4831 1868 4926; baseline -0.005 -18"><span class='ocrx_word' id='word_1_273' title='bbox 698 4832 878 4926; x_wconf 84' lang='lat' dir='ltr'><strong>sensitiva,</strong></span> <span class='ocrx_word' id='word_1_274' title='bbox 905 4831 1022 4926; x_wconf 87' lang='lat' dir='ltr'><strong>qualis</strong></span> <span class='ocrx_word' id='word_1_275' title='bbox 1047 4831 1163 4906; x_wconf 88' lang='lat' dir='ltr'><strong>estin</strong></span> <span class='ocrx_word' id='word_1_276' title='bbox 1190 4831 1318 4904; x_wconf 88' lang='lat' dir='ltr'><strong>brutis.</strong></span> <span class='ocrx_word' id='word_1_277' title='bbox 1350 4831 1455 4918; x_wconf 86' lang='lat' dir='ltr'><strong>Quod</strong></span> <span class='ocrx_word' id='word_1_278' title='bbox 1487 4831 1650 4904; x_wconf 86' lang='lat' dir='ltr'><strong>declarat</strong></span> <span class='ocrx_word' id='word_1_279' title='bbox 1674 4849 1740 4924; x_wconf 91' lang='lat' dir='ltr'><strong>per</strong></span> <span class='ocrx_word' id='word_1_280' title='bbox 1765 4847 1868 4904; x_wconf 86' lang='lat' dir='ltr'><strong>nom·-</strong></span> 
     </span>
    </p>
   </div>
   <div class='ocr_carea' id='block_1_3' title="bbox 758 5087 1576 5156">
    <p class='ocr_par' dir='ltr' id='par_1_3' title="bbox 758 5087 1576 5156">
     <span class='ocr_line' id='line_1_34' title="bbox 758 5087 1576 5156; baseline -0.007 -14"><span class='ocrx_word' id='word_1_281' title='bbox 758 5092 786 5156; x_wconf 84' lang='lat'><strong>(¹)</strong></span> <span class='ocrx_word' id='word_1_282' title='bbox 803 5094 857 5152; x_wconf 85' lang='lat'><strong>11⁷,</strong></span> <span class='ocrx_word' id='word_1_283' title='bbox 873 5090 941 5141; x_wconf 80' lang='lat' dir='ltr'><strong>sicut</strong></span> <span class='ocrx_word' id='word_1_284' title='bbox 956 5091 1023 5142; x_wconf 77' lang='lat' dir='ltr'><strong>ratio</strong></span> <span class='ocrx_word' id='word_1_285' title='bbox 1039 5090 1173 5142; x_wconf 73' lang='lat' dir='ltr'><strong>naturalis.</strong></span> <span class='ocrx_word' id='word_1_286' title='bbox 1361 5087 1391 5152; x_wconf 69' lang='grc' dir='ltr'><strong>ς’)</strong></span> <span class='ocrx_word' id='word_1_287' title='bbox 1406 5091 1437 5143; x_wconf 70' lang='grc' dir='ltr'><strong>Β.</strong></span> <span class='ocrx_word' id='word_1_288' title='bbox 1453 5091 1576 5155; x_wconf 66' lang='lat' dir='ltr'><strong>prtum</strong></span> 
     </span>
    </p>
   </div>
   <div class='ocr_carea' id='block_1_4' title="bbox 0 0 2292 6842">
    <p class='ocr_par' dir='ltr' id='par_1_4' title="bbox 0 0 2292 6842">
     <span class='ocr_line' id='line_1_35' title="bbox 0 0 2292 6842; baseline 0 2"><span class='ocrx_word' id='word_1_289' title='bbox 0 0 2292 6842; x_wconf 95' lang='lat' dir='ltr'><strong> </strong></span> 
     </span>
    </p>
   </div>
  </div>
 </body>
</html>
