4575 6842
796 1002 934 1059 murus
958 997 1153 1060 autumnus.
1488 992 1559 1060 339

383 1149 494 1244 luitis,
521 1156 559 1226 et
584 1149 635 1224 sic
660 1148 807 1224 videtur
821 1143 859 1242 (¹)
885 1149 970 1226 felix
997 1171 1127 1226 errore
1152 1171 1238 1246 suo,
1265 1158 1331 1226 aut
1360 1152 1397 1226 in
1424 1151 1561 1228 virtulo

382 1270 507 1364 animi,
534 1289 602 1345 nec
627 1269 695 1343 ista
720 1275 776 1344 ert
801 1269 962 1365 perfecta
987 1269 1149 1365 felicitas,
1171 1270 1236 1346 sed
1252 1278 1308 1346 est
1328 1271 1387 1346 via
1408 1270 1456 1346 ad
1481 1271 1561 1346 feli·

383 1392 541 1466 citatem.
568 1389 668 1466 Licet
692 1388 790 1464 enim
817 1388 969 1464 felicitas
994 1390 1198 1466 secuudum
1232 1391 1488 1487 philosophum
1514 1393 1560 1467 sit
1709 1410 1717 1424 ·

382 1512 548 1609 operatio
573 1509 730 1584 hominis
762 1509 965 1585 secundum
998 1511 1174 1586 virtutem
1206 1511 1383 1606 optimam
1415 1513 1453 1586 iu
1485 1512 1559 1588 vita

384 1631 556 1728 perfecta,
586 1635 711 1704 tamen
743 1630 807 1725 qui
838 1630 1041 1705 secundum
1075 1631 1250 1706 virtutem
1282 1630 1395 1706 vitam
1431 1632 1559 1728 agunt,

385 1751 448 1846 qui
474 1751 596 1825 felices
621 1749 862 1845 appellantur,
880 1771 954 1825 non
974 1750 1107 1844 felices,
1126 1751 1191 1826 sed
1216 1749 1374 1846 proximi
1400 1751 1560 1827 felicitati

384 1870 527 1946 dicendi
552 1876 647 1944 sunt.
667 1869 820 1966 Semper
837 1871 935 1946 enim
954 1876 1040 1945 sunt
1061 1871 1214 1967 expositi
1231 1871 1403 1968 periculis
1420 1879 1458 1948 et
1478 1881 1561 1948 ten·

386 1989 583 2066 talionibus
608 1989 766 2085 infinitis,
792 2010 983 2085 uunquam
1018 1991 1138 2067 securi
1173 2011 1295 2085 usque
1328 1992 1374 2066 ad
1405 1992 1558 2068 exitum.

385 2111 429 2185 Et
453 2110 539 2185 dicit
572 2115 761 2184 notanter:
784 2132 851 2205 per
877 2117 1012 2206 tcmpo;
1033 2131 1099 2206 per
1119 2112 1189 2186 hoc
1210 2111 1307 2186 enim
1336 2111 1455 2187 innuit
1476 2112 1564 2188 diui

384 2231 599 2306 turnitatem
618 2231 792 2326 temporis
810 2253 893 2326 quae
912 2233 1125 2326 requeritur
1137 2232 1184 2307 ad
1197 2232 1396 2328 perfectam
1414 2235 1560 2331 sapien·

384 2352 485 2428 tiam.
512 2352 582 2428 Sed
607 2372 631 2426 o
657 2353 769 2447 nefas,
796 2373 819 2427 o
845 2353 981 2448 pudori
1007 2352 1115 2427 hodie
1140 2351 1234 2426 fiunt
1264 2353 1369 2448 pueri
1395 2354 1560 2451 magistri

386 2472 423 2545 in
439 2472 635 2568 theologia,
654 2472 718 2566 qui
736 2471 825 2547 nihil
851 2479 1035 2548 noverunt
1053 2471 1118 2546 nisi
1137 2471 1330 2567 sophistice
1354 2474 1558 2571 garrulari3

379 2598 493 2686 potet
517 2592 582 2665 den
611 2599 748 2666 nudem
780 2599 899 2667 vostro
928 2595 1084 2683 nonime,
1118 2592 1221 2687 idest,
1256 2592 1458 2690 ingenium,
1491 2615 1558 2688 per

386 2715 493 2787 fulto
517 2716 604 2804 calc,
620 2712 725 2806 idest,
743 2733 849 2788 mare
874 2732 1051 2809 magnum
1078 2713 1217 2788 salsum
1234 2719 1272 2788 et
1288 2713 1467 2809 sapidum,
1489 2733 1556 2810 per

385 2833 485 2929 quod
509 2833 703 2929 pervenire
727 2832 869 2927 possitis
894 2833 941 2906 ad
966 2838 1114 2928 portum
1146 2833 1383 2928 tranquillum
1409 2838 1559 2909 aeternae

385 2953 563 3031 felicitatis
588 2959 625 3029 ct
649 2953 788 3050 gloriae,
804 2955 982 3027 seruando
1001 2956 1072 3027 mio
1088 2955 1184 3027 solco
1200 2957 1360 3046 dinanzi,
1377 2954 1480 3049 idest,
1499 2974 1559 3030 se-

386 3074 532 3169 quendo
558 3094 681 3149 meam
703 3073 813 3168 viam,
831 3093 945 3166 quam
971 3073 1064 3148 facio
1088 3080 1187 3166 ante,
1213 3077 1273 3148 ull
1286 3095 1400 3166 acqua
1423 3078 1483 3149 circ
1506 3079 1559 3149 ri-

386 3201 492 3268 orna
516 3197 647 3286 equale
673 3194 713 3267 ln
739 3194 810 3268 hoc
835 3192 948 3289 tangit
973 3199 1098 3267 actum
1125 3192 1228 3268 navis
1251 3196 1471 3269 transeuntis
1492 3216 1560 3291 per

385 3335 501 3409 mare,
528 3335 612 3408 quae
638 3313 767 3388 scindit
789 3333 939 3407 aquam,
966 3319 1004 3388 et
1029 3318 1154 3388 umen
1179 3333 1277 3407 aqua
1303 3313 1478 3390 continuo
1495 3337 1557 3390 rc-

285 3425 290 3436 ’
384 3435 541 3510 vertitur
566 3434 612 3510 ad
638 3436 798 3530 primum
826 3439 961 3508 statum
988 3438 1026 3508 et
1050 3433 1311 3528 equalitatem,
1337 3434 1426 3530 quia
1457 3435 1560 3511 navis

385 3574 458 3629 non
484 3555 655 3648 relinquit
680 3553 875 3650 vestigium
908 3554 967 3628 vel
998 3553 1194 3628 scissuram
1227 3554 1265 3627 in
1298 3575 1409 3650 aqua,
1434 3561 1477 3629 ut
1509 3555 1561 3630 ait

384 3674 568 3750 Salomon.
596 3675 661 3750 Vel
686 3674 744 3749 dic
768 3673 867 3767 quod
884 3678 994 3747 autor
1014 3673 1143 3747 habuit
1164 3680 1372 3770 respectum
1390 3675 1437 3749 ad
1454 3696 1562 3752 mare

385 3795 483 3890 quod
509 3793 641 3869 crescit
665 3801 703 3868 et
727 3793 903 3869 decrescit
920 3792 1020 3867 omni
1037 3791 1107 3886 die,
1125 3793 1263 3868 etfacit
1281 3794 1426 3868 fluxum
1444 3802 1482 3870 et
1500 3815 1561 3870 re-

385 3916 542 4010 fluxum,
568 3921 605 3990 et
628 3935 775 4010 semper
801 3917 969 3988 remanet
993 3911 1144 4006 equalis
1175 3933 1274 4007 aqua
1298 3913 1389 4009 eius,
1416 3922 1454 3989 et
1480 3915 1561 3990 talis

385 4041 487 4111 recte
512 4041 567 4112 est
591 4035 658 4108 ista
682 4032 804 4109 diviua
836 4031 995 4108 scientia.
1022 4032 1067 4105 Et
1095 4031 1155 4106 hic
1187 4039 1274 4108 uota
1306 4034 1407 4127 quod
1437 4033 1561 4109 audiri

386 4177 564 4252 magnum
579 4155 792 4250 theologum
806 4151 1055 4248 indignantem
1071 4151 1217 4246 publice
1228 4151 1275 4227 de
1291 4173 1338 4228 eo
1351 4154 1450 4248 quod
1463 4154 1562 4229 liau-

386 4283 441 4350 tes
466 4275 525 4350 hic
549 4275 645 4349 dicit.
672 4274 821 4349 [licebat
846 4272 964 4347 enim:
983 4272 1029 4346 ad
1047 4271 1135 4367 quid
1152 4271 1270 4348 debeo
1294 4274 1399 4368 sequi
1425 4274 1562 4349 doctri·

386 4415 471 4470 nam
499 4395 602 4469 istius
627 4394 775 4488 libriin
796 4414 871 4488 quo
896 4399 953 4467 est
977 4390 1120 4466 modica
1146 4393 1357 4490 theologia?
1381 4394 1425 4468 Et
1449 4415 1562 4491 erpo·

386 4515 496 4590 nebat
521 4513 618 4610 quod
645 4515 713 4589 ista
729 4513 835 4590 litera
851 4512 960 4588 debat
977 4512 1127 4610 intelligi
1144 4513 1183 4586 iu
1200 4534 1357 4608 persona
1374 4515 1560 4610 Beatricis,

384 4634 431 4710 de
455 4655 530 4729 quo
557 4635 716 4708 multum
742 4633 815 4707 risi.
842 4631 930 4706 Dico
955 4651 1046 4728 ergo
1067 4631 1167 4726 quod
1189 4625 1350 4727 poetae)
1373 4635 1467 4710 bene
1490 4657 1559 4731 po-

385 4755 454 4830 ruit
478 4755 633 4829 invitare
659 4759 695 4828 et
720 4753 885 4838 inritavit
911 4753 1009 4826 viros
1033 4751 1272 4847 peritissimos
1294 4755 1488 4851 theologia
1513 4757 1560 4831 ad

384 4876 600 4951 imitandum
627 4895 679 4969 se,
705 4873 792 4968 quia
817 4874 901 4949 licet
917 4894 991 4948 nou
1009 4872 1054 4946 sit
1075 4894 1210 4968 magua
1229 4875 1411 4971 theologia
1436 4876 1473 4950 iu
1490 4877 1561 4952 hoc

449 5137 475 5200 υ)
492 5136 522 5188 u.
539 5135 641 5187 suatur
656 5135 703 5186 uu
720 5133 789 5186 roua
946 5132 975 5198 (¹)
992 5133 1022 5186 a.
1039 5139 1115 5198 posu
1131 5138 1220 5186 nouo
1237 5135 1312 5186 uno.
