4575 6842
706 985 777 1051 tot)
1098 994 1303 1051 ecmannum
1329 994 1496 1049 ranamsr

704 1166 832 1221 rerum
858 1146 966 1222 rediit
990 1146 1037 1223 ad
1062 1147 1283 1243 Augustum,
1305 1146 1369 1241 qui
1392 1144 1567 1241 sapientia
1585 1153 1623 1221 et
1639 1143 1788 1220 solertia
1811 1165 1877 1219 sua

704 1267 893 1342 turbatum
910 1287 1045 1364 corpus
1062 1266 1205 1364 imperii
1222 1266 1414 1361 ordinavit,
1432 1266 1531 1361 quod
1549 1266 1627 1342 sine
1643 1265 1755 1340 dubio
1783 1286 1878 1340 nun-

703 1408 817 1483 quam
842 1389 1041 1465 convenire
1065 1389 1252 1485 potuisset,
1271 1388 1336 1463 nisi
1361 1387 1469 1462 unius
1490 1386 1660 1484 principis
1677 1387 1877 1481 voluntate,
1982 1440 1990 1459 .

704 1507 809 1602 quasi
836 1529 910 1583 una
935 1508 1058 1583 anima
1076 1515 1113 1584 et
1139 1514 1263 1584 mente
1284 1514 1498 1605 regeretur3
1517 1506 1581 1581 sed
1597 1506 1723 1581 verius
1740 1508 1878 1582 coelum

703 1628 917 1723 disponebat
944 1634 1080 1703 tantam
1108 1627 1408 1723 tranquillitatem
1425 1634 1464 1703 et
1480 1627 1715 1703 serenitatem
1735 1626 1878 1702 Christo

706 1750 769 1844 qui
794 1750 864 1823 sub
890 1750 1053 1846 Augusto
1079 1748 1291 1823 incarnatus
1316 1753 1381 1824 est.
1408 1748 1473 1823 llio
1499 1754 1624 1823 tamen
1648 1747 1876 1823 lelicissimus

706 1871 896 1946 bominum
926 1870 1060 1945 multas
1085 1870 1312 1945 infelicitates
1331 1869 1469 1963 babuit,
1487 1869 1582 1943 sicut
1605 1869 1736 1943 Iuliam
1764 1868 1875 1943 liliam

705 1989 1054 2084 meretricissimam,
1072 1996 1109 2065 et
1129 1988 1316 2065 Tiberium
1335 2009 1586 2065 successorem
1605 1988 1876 2083 pessimum.-

705 2116 768 2183 lla
792 2101 856 2183 cib.
883 2109 948 2184 llic
972 2108 1197 2184 iustinianus
1223 2109 1338 2206 tangit
1355 2128 1567 2204 supremam
1593 2110 1748 2205 gloriam
1775 2108 1878 2182 istius

705 2228 809 2326 signi,
835 2229 921 2323 quia
948 2228 976 2303 si
1003 2229 1073 2304 sub
1103 2230 1269 2325 Augusto
1301 2234 1381 2303 erat
1410 2228 1503 2303 iacta
1537 2229 1719 2324 reparatio
1752 2229 1879 2303 mundi

707 2351 803 2424 male
829 2348 999 2444 dispositi,
1030 2350 1099 2423 sub
1129 2349 1274 2424 Tiberio
1299 2349 1393 2424 iacta
1420 2354 1476 2425 est
1508 2349 1694 2445 reparatio
1726 2350 1878 2424 humani

705 2470 851 2568 generis
877 2469 1062 2545 damnati:
1081 2477 1118 2543 et
1144 2470 1263 2566 primo
1287 2470 1539 2566 superextollit
1565 2470 1758 2568 magnifice
1784 2469 1879 2544 istud

707 2591 856 2686 lactum,
882 2590 1075 2665 ostendens
1102 2592 1202 2685 quod
1227 2590 1350 2665 omnia
1377 2590 1473 2665 lacta
1495 2592 1678 2686 praeterita
1696 2597 1734 2665 et
1754 2590 1880 2665 lutura

706 2719 792 2787 sunt
816 2733 949 2808 parum
976 2713 1036 2787 rel
1061 2712 1148 2785 nibil
1176 2718 1344 2807 respectu
1367 2711 1481 2786 istius.
1502 2711 1594 2787 uicit
1614 2733 1721 2808 ergo:
1744 2716 1807 2786 lla
1826 2702 1880 2784 oid

575 2883 579 2895 ·
706 2836 766 2907 ebe
781 2836 807 2907 ’t
829 2854 950 2925 separo,
976 2832 1123 2927 scilicet,
1144 2832 1289 2926 aquilae,
1307 2834 1367 2905 oba
1383 2835 1514 2924 partor
1530 2836 1579 2905 rot
1590 2836 1670 2928 soce
1683 2835 1774 2927 sotto
1791 2852 1879 2905 coeo

704 2957 837 3047 prima,
862 2954 1008 3046 scilicet,
1034 2960 1120 3027 ante
1144 2952 1343 3047 Tiberium,
1369 2956 1471 3047 epol
1495 2975 1560 3026 ero
1580 2956 1726 3048 saltare,
1745 2952 1879 3027 scilicet

708 3078 789 3169 post
812 3072 1013 3166 Tiberium,
1039 3071 1133 3146 sicut
1159 3092 1225 3167 per
1249 3072 1525 3167 Vespasianum,
1539 3072 1748 3167 Traianum,
1766 3072 1880 3147 Anto-

708 3194 836 3269 ninum
871 3194 984 3289 pium,
1012 3192 1273 3286 Alexandrum,
1300 3200 1337 3268 et
1370 3193 1420 3267 ita
1451 3191 1498 3267 de
1529 3193 1652 3268 multis
1684 3213 1802 3288 usque
1834 3193 1880 3268 ad

707 3313 997 3406 Constantinum,
1023 3312 1134 3388 etita
1161 3312 1330 3409 deinceps
1357 3312 1545 3407 usquead
1572 3312 1691 3407 ipsum
1708 3312 1881 3387 iustinia-

708 3454 810 3527 num,
837 3439 875 3507 et
898 3434 946 3508 ab
971 3434 1048 3529 ipso
1076 3454 1195 3527 usque
1220 3433 1267 3508 ad
1283 3433 1457 3509 Carolum
1482 3453 1671 3530 magnum,
1684 3456 1753 3528 par
1772 3439 1807 3510 lo
1824 3458 1880 3509 ra-

706 3576 778 3647 pno
804 3557 945 3647 morial,
974 3558 1026 3627 ct'
1039 3577 1063 3626 o
1087 3557 1137 3628 lui
1160 3558 1337 3646 coppiano,
1365 3554 1467 3648 idest,
1500 3553 1694 3650 muudum,
1729 3556 1791 3650 qui
1825 3565 1881 3632 est

707 3674 874 3748 subditus
899 3672 945 3748 de
966 3674 1055 3769 jure
1080 3673 1159 3768 sibi,
1181 3678 1321 3749 diventa
1345 3678 1383 3747 tn
1399 3696 1608 3768 appaream
1622 3698 1712 3768 poco
1728 3698 1747 3751 a
1762 3698 1880 3771 samo,

708 3794 922 3890 respective,
947 3815 985 3867 se
1008 3797 1046 3867 in
1070 3814 1178 3867 murro
1204 3797 1363 3867 alterae
1392 3798 1518 3868 Cesare
1546 3799 1577 3869 si
1607 3798 1713 3891 mua,
1746 3797 1880 3873 scilicet

708 3914 746 3987 in
765 3934 878 3988 manu
892 3914 1042 4008 Tiberii;
1061 3915 1128 3990 iste
1147 3912 1213 3989 luit
1230 3914 1504 3989 strenuissimus
1521 3936 1726 4010 armorum,
1745 3923 1782 3992 et
1800 3938 1880 3991 ma-

708 4054 780 4131 gna
807 4039 844 4108 et
870 4033 1075 4129 periculosa
1102 4035 1198 4110 bella
1223 4035 1335 4131 gessit
1366 4056 1434 4130 pro
1466 4034 1610 4111 Caesare
1635 4034 1801 4133 Augusto
1827 4038 1882 4111 vi·

709 4154 801 4229 trico
818 4175 898 4247 suo,
913 4161 1037 4229 temen
1058 4155 1310 4229 vitiosissimus
1326 4147 1383 4249 (Ἦ
1404 4154 1551 4250 juvenis
1568 4155 1745 4250 ebriosus,
1766 4176 1879 4232 senex

708 4273 930 4368 luxuriosus,
961 4276 1061 4349 canis
1093 4274 1252 4349 rabidus.
1279 4275 1371 4349 Dicit
1397 4282 1521 4351 tamen
1551 4275 1726 4351 llorosius
1757 4276 1804 4351 de
1835 4296 1881 4352 eo

709 4394 807 4489 quod
824 4394 1002 4488 Tiberius,
1019 4394 1106 4489 quia
1127 4416 1201 4469 non
1223 4395 1379 4471 obtinuit
1396 4394 1432 4469 in
1450 4402 1579 4471 senatu
1599 4396 1697 4491 quod
1716 4394 1881 4471 Christus

709 4515 895 4589 coleretur
920 4536 987 4609 pro
1006 4514 1096 4609 lieo,
1113 4535 1159 4589 ex
1187 4515 1481 4590 mansuetissimo
1499 4515 1661 4612 principe
1680 4536 1881 4593 conversus

708 4634 825 4708 estin
850 4634 1086 4709 sevissimam
1113 4634 1291 4728 bestiam;
1317 4642 1355 4709 et
1379 4634 1483 4709 dicit:
1509 4656 1576 4709 con
1601 4638 1718 4710 occlto
1742 4640 1878 4731 obiero,

710 4754 811 4848 idest,
837 4754 1021 4830 intellectu
1048 4775 1149 4849 vero,
1176 4778 1194 4829 e
1218 4777 1284 4830 oon
1310 4762 1426 4850 offetto
1440 4778 1546 4849 puro,
1568 4756 1671 4851 idest,
1688 4756 1882 4834 allectione

710 4875 820 4948 clara.
847 4874 923 4948 lloc
947 4874 1031 4949 dicit
1057 4876 1143 4970 quia
1165 4876 1269 4950 multi
1292 4884 1426 4973 negant
1443 4876 1548 4952 istam
1568 4879 1748 4954 rationem
1767 4900 1879 4973 quam

773 5139 802 5203 (¹)
817 5138 848 5189 R
865 5138 1042 5189 vitiosissimus
1057 5140 1208 5201 bominum
1220 5140 1332 5205 juranis.
