4575 6842
738 1041 745 1053 ,
810 985 948 1042 cxnrus
973 987 1151 1054 ounnrus.
1491 974 1579 1054 393,

402 1141 625 1228 mentorum,
652 1133 798 1208 tandem
824 1153 934 1226 super
952 1131 1127 1205 craticula
1148 1139 1302 1226 assatus,
1318 1154 1406 1208 curn
1423 1153 1571 1210 summa

402 1253 572 1349 patientia
597 1259 720 1349 grates
744 1251 876 1347 agebat
902 1250 1095 1324 ditissimo.
1115 1249 1158 1324 Et
1182 1253 1269 1346 quia
1294 1260 1403 1328 autor
1429 1259 1571 1348 poterat

401 1375 543 1450 dicere:
570 1375 639 1447 boc
664 1372 748 1446 lecit
765 1371 821 1444 vir
838 1377 985 1445 sanctos
997 1371 1154 1464 juvante
1175 1364 1312 1446 'virtute
1332 1372 1469 1466 divina,
1488 1373 1569 1448 ideo

400 1493 546 1568 adducit
570 1491 666 1566 aliud
693 1490 904 1585 exemplum
923 1489 990 1562 viri
1013 1490 1157 1586 pagani,
1175 1492 1237 1584 qui
1259 1512 1331 1566 non
1350 1513 1416 1587 pro
1433 1500 1569 1566 eterna

400 1613 516 1709 gloria
542 1611 604 1685 sed
629 1617 778 1685 terrena
802 1609 898 1684 idem
926 1609 1018 1684 lecit.
1045 1610 1146 1685 Sicut
1171 1609 1269 1684 enim
1301 1611 1424 1685 scribit
1449 1612 1572 1684 Livius

402 1732 494 1807 libro
519 1731 701 1805 secundo:
729 1732 912 1804 Porsenna
938 1751 1004 1806 rex
1031 1737 1160 1826 potens
1185 1737 1221 1805 et
1247 1731 1408 1806 famosus
1435 1732 1471 1804 in
1497 1732 1572 1805 'lu-

315 1891 320 1900 ·
402 1852 475 1926 scia
501 1851 626 1925 volens
653 1851 831 1925 reducere
856 1852 1083 1944 Tarquinum
1108 1852 1311 1946 superbum
1337 1853 1374 1924 in
1401 1871 1572 1946 regnum,

402 1971 531 2046 clausit
555 1971 709 2045 Romam
728 1976 829 2045 arcta
848 1971 1034 2047 obsidione
1052 1991 1118 2066 per
1137 1980 1274 2047 terram
1301 1979 1339 2046 et
1361 1990 1517 2065 aquam3
1536 1977 1574 2044 et

401 2112 487 2166 cum
514 2098 679 2185 speraret
704 2092 740 2164 in
766 2090 868 2164 brevi
894 2093 1060 2166 obtinere
1086 2075 1229 2166 urbem
1244 2112 1310 2186 per
1335 2092 1494 2184 inopiam
1518 2089 1574 2162 vi-

401 2212 590 2305 ctualium,
617 2211 766 2306 quidam
794 2210 921 2286 nobilis
941 2212 1089 2307 juvenis
1116 2232 1293 2285 romanus
1320 2211 1468 2283 nomine
1492 2211 1574 2282 llu-

403 2331 485 2423 tius,
512 2332 664 2405 moleste
692 2331 811 2404 terens
837 2331 931 2404 banc
955 2330 1217 2426 indignitatem,
1239 2350 1325 2403 cum
1346 2328 1488 2403 licentia
1507 2327 1575 2401 Se-

402 2457 520 2543 natus,
531 2450 741 2523 abscondito
758 2451 917 2544 cultello,
935 2451 1101 2523 transivit
1118 2452 1156 2524 in
1173 2456 1295 2525 castra
1307 2450 1353 2523 ad
1371 2449 1494 2522 locum
1511 2446 1574 2520 ubi

401 2591 466 2644 rex
488 2569 616 2643 sedens
634 2590 701 2663 pro
720 2569 890 2643 tribunali
907 2570 1017 2644 dabat
1034 2571 1209 2665 stipendia
1229 2568 1412 2661 militibus,
1431 2574 1468 2642 et
1485 2586 1574 2641 can-

400 2689 570 2764 cellarius
595 2690 724 2764 sedens
745 2691 853 2784 juxta
876 2710 964 2764 eum
983 2691 1086 2783 quasi
1105 2691 1140 2763 in
1162 2691 1239 2785 pari
1262 2690 1387 2763 babitu
1407 2692 1570 2762 ornatus

401 2809 534 2883 Mutius
560 2808 690 2882 timens
716 2809 902 2901 inquirere
934 2810 1016 2902 quis
1047 2809 1209 2883 duorum
1243 2817 1339 2884 esset
1375 2810 1572 2898 Porsenna,

402 2949 449 3003 ue
475 2927 676 3024 ignorando
704 2949 829 3023 regem
857 2930 1106 3004 manifestaret
1131 2951 1182 3022 se,
1201 2930 1308 3002 irruit
1325 2949 1400 3023 quo
1424 2928 1573 3001 iortuna

402 3049 513 3146 traxit
538 3069 637 3142 eum,
656 3057 693 3122 et
713 3049 842 3123 occidit
866 3050 1023 3124 scribam
1051 3072 1117 3145 pro
1146 3070 1250 3147 rege3
1277 3058 1315 3125 et
1339 3051 1482 3145 fugiens
1508 3069 1574 3143 per

402 3170 550 3243 turbam
577 3169 754 3262 territam,
782 3171 936 3245 iaciebat
960 3171 1025 3244 sibi
1054 3173 1151 3243 viam
1169 3192 1255 3245 cum
1278 3172 1398 3268 gladio
1423 3170 1574 3266 sangui-

404 3290 560 3363 nolento.
579 3288 649 3362 Sed
667 3289 822 3364 finaliter
841 3297 1085 3366 concurrente
1106 3291 1338 3364 multitudine
1357 3298 1485 3384 captus
1505 3290 1575 3362 du-

402 3416 483 3483 ctus
507 3417 592 3483 ante
617 3418 851 3503 conspectum
882 3413 978 3508 regis
1010 3412 1212 3506 intrepidus
1240 3412 1330 3485 dixit
1362 3411 1476 3486 verba
1501 3410 1575 3484 alta

401 3530 583 3623 animose3
609 3530 755 3624 scilicet,
775 3532 871 3624 quod
898 3538 978 3607 erat
995 3533 1103 3607 Caius
1124 3532 1257 3607 llutius
1276 3533 1364 3608 civis
1386 3553 1574 3624 romanus,

403 3651 466 3744 qui
493 3651 603 3724 hostis
629 3660 781 3726 venerat
805 3653 972 3727 occidere
1002 3655 1143 3727 bostem
1176 3660 1326 3747 paratus
1358 3655 1435 3748 ipse
1466 3653 1574 3746 mori,

403 3770 488 3863 quia
515 3771 702 3865 proprium
730 3778 826 3846 esset
858 3793 1098 3845 romanorum
1133 3773 1254 3847 lacere
1286 3780 1322 3847 et
1347 3773 1421 3868 pati
1456 3772 1576 3866 tortia,

403 3894 440 3964 et
465 3889 562 3982 quod
589 3890 692 3962 multi
719 3891 851 3965 similes
877 3891 1044 3964 venirent
1070 3892 1115 3964 ad
1142 3893 1240 3965 hunc
1266 3893 1456 3978 honorem.
1484 3893 1573 3986 Rex,

403 4031 579 4086 accensus
596 4012 650 4086 ira
675 4018 712 4086 et
735 4011 884 4086 territus
905 4013 1078 4106 periculo,
1098 4014 1284 4086 mandavit
1301 4020 1342 4087 ut
1363 4018 1575 4108 portaretur

403 4135 495 4230 ignis
520 4135 566 4210 ad
593 4142 829 4228 tormentum,
858 4141 897 4208 ut
921 4135 1110 4232 detegeret
1135 4137 1289 4210 iusidias.
1315 4137 1416 4210 Tunc
1442 4136 1575 4209 dlutius

404 4254 521 4329 iactus
546 4255 745 4329 animosior
769 4257 892 4331 dicens
910 4277 1043 4350 corpus
1061 4277 1141 4330 esse
1159 4257 1230 4332 vile
1247 4258 1301 4330 bis
1320 4258 1383 4350 qui
1402 4277 1574 4353 magnam

403 4374 557 4467 gloriam
585 4382 725 4468 petunt,
743 4376 865 4450 iniecit
886 4383 1013 4470 sponte
1042 4397 1192 4450 manum
1212 4378 1246 4449 in
1266 4379 1400 4469 iocum,
1419 4385 1457 4451 et
1477 4377 1574 4449 illam

404 4493 625 4567 comburens
644 4495 835 4569 videbatur
856 4495 1035 4569 alienatus
1060 4516 1082 4568 a
1109 4517 1229 4570 sensu.
1253 4498 1297 4569 lit
1316 4497 1489 4570 continuo
1510 4517 1576 4570 rex

404 4612 627 4706 stupetactus
654 4614 831 4687 miraculo
863 4614 1047 4687 mandavit
1079 4621 1119 4686 ut
1147 4616 1294 4710 Juvenis
1321 4623 1578 4691 removeretur
1642 4611 1646 4618 ’

403 4731 450 4804 ab
466 4731 565 4827 igne,
584 4733 790 4807 crudeliora
816 4733 852 4806 in
878 4753 917 4808 se
940 4753 1052 4827 quam
1072 4735 1107 4807 in
1127 4755 1213 4808 eum
1236 4757 1360 4809 ausus.
1380 4737 1481 4809 Tunc
1498 4738 1578 4810 llu-

404 4851 475 4927 tius
500 4852 604 4945 quasi
632 4872 874 4928 remunerans
901 4853 1074 4926 meritum
1097 4856 1194 4950 regis
1211 4867 1339 4950 sponte
1359 4856 1459 4949 dixit,
1478 4857 1576 4950 quod

405 4972 554 5045 trecenti
582 4972 759 5068 principes
779 4993 940 5046 romane
962 4973 1169 5067 juventutis
1186 4975 1470 5050 coniuraverant
1488 4997 1577 5050 con·

406 5098 462 5164 tra
488 5111 575 5165 eum
602 5092 638 5164 in
664 5093 770 5166 simili
797 5093 925 5166 torma.
952 5093 1011 5167 Sic
1036 5093 1221 5170 Porsenna
1251 5097 1344 5170 lacta
1375 5117 1465 5190 pace
1490 5117 1576 5170 cum
