4575 6842
723 988 862 1042 caurus
888 989 1080 1044 vrnasruus
1105 987 1289 1044 sunrruus.
1522 975 1590 1043 153

421 1131 515 1225 iecit,
546 1151 631 1226 quae
661 1132 803 1227 magnis
836 1132 962 1206 ditavit
994 1133 1149 1227 opibus3
1188 1133 1371 1228 refugium
1406 1133 1593 1230 singulare

421 1272 585 1326 romanae
611 1252 791 1346 ecclesiae3
819 1253 977 1326 undeet
1004 1254 1226 1327 normannos
1246 1259 1412 1347 potenter
1438 1256 1589 1349 expulit,

361 1414 366 1422 ·
421 1373 483 1467 qui
513 1373 550 1446 in
579 1372 828 1473 praeiudicium
861 1373 1096 1447 sanctissimae
1133 1391 1298 1447 romanae
1336 1375 1499 1448 ecclesiae
1532 1395 1591 1449 re-

420 1514 536 1589 gnum
549 1491 688 1586 Apuliae
705 1492 925 1586 invaserant,
938 1499 976 1568 et
988 1494 1180 1568 vastabant
1193 1492 1441 1587 Campaniam.
1456 1493 1589 1568 Fertur

420 1623 545 1688 autern
560 1613 743 1688 comitissa
759 1613 929 1690 habuisse
941 1615 1063 1688 virum
1078 1633 1217 1710 genere
1234 1632 1589 1709 germanum,quem

420 1755 443 1808 a
469 1755 509 1808 se
533 1735 777 1828 sequestravit
802 1735 888 1828 quia
913 1756 987 1809 non
1013 1740 1156 1830 poterat
1181 1752 1404 1828 cognoscere
1429 1751 1528 1826 eam,
1549 1738 1590 1805 ut

421 1855 563 1929 dicetur
587 1855 746 1948 capitulo
771 1855 816 1929 Vl
842 1855 1019 1950 paradisi,
1040 1863 1078 1930 et
1101 1854 1212 1928 nobili
1236 1852 1481 1949 indignatione
1507 1873 1591 1948 per·

421 1996 539 2068 cussa,
566 1967 730 2066 noluit(¹)
757 1974 803 2049 de
828 1981 963 2049 caetero
987 1975 1113 2049 subiici
1141 1975 1230 2048 viro.
1259 1974 1325 2046 Alii
1351 1979 1473 2048 tamen
1500 1972 1591 2046 scri-

421 2095 524 2186 bunt,
550 2095 647 2188 quod
673 2113 719 2168 ex
747 2095 826 2168 viro
858 2096 986 2191 genuit
1012 2096 1139 2188 lilium,
1166 2094 1228 2168 sed
1260 2101 1407 2189 propter
1446 2093 1591 2167 dolores

422 2221 550 2309 partus
576 2235 765 2308 nunquam
791 2215 907 2287 voluit
932 2222 1057 2309 postea
1084 2215 1163 2288 uiro
1189 2214 1393 2288 admisceri.
1416 2213 1498 2286 Fuit
1524 2213 1591 2286 ista

421 2336 602 2410 comitissa
629 2341 756 2429 potens
782 2334 819 2407 in
845 2335 1067 2430 principatu:
1097 2335 1224 2408 habuit
1247 2335 1343 2409 enim
1368 2333 1592 2408 subditione

421 2478 487 2531 sua
513 2458 711 2548 Mantuam,
737 2456 921 2548 Parmam,
948 2456 1117 2552 Regium,
1143 2455 1330 2548 Mutinam,
1356 2454 1590 2529 Ferrariam:

423 2575 490 2649 luit
514 2575 623 2649 etiam
651 2573 806 2664 literata,
827 2581 865 2648 et
882 2595 1055 2670 magnam
1074 2575 1253 2649 librorum
1278 2575 1402 2647 habuit
1427 2573 1590 2667 copiam:

425 2695 491 2768 luit
515 2713 670 2787 corpore
694 2693 839 2786 deeora,
861 2694 953 2769 lacie
979 2694 1114 2789 hilaris,
1141 2695 1296 2789 pecunia
1322 2695 1497 2787 liberalis3
1525 2693 1593 2766 lin-

423 2836 535 2910 guam
558 2813 727 2906 italicam,
745 2814 994 2909 germanicam
1014 2820 1050 2888 et
1067 2815 1234 2910 gallicam
1254 2816 1347 2890 hene
1364 2814 1474 2888 novit.
1497 2813 1592 2886 Tan-

423 2935 506 3008 dem
521 2935 652 3008 derote
672 2932 839 3027 spiritum
860 2933 1011 3007 reddidit
1030 2934 1106 3008 lieo
1119 2956 1187 3008 suo
1204 2956 1301 3008 anno
1318 2933 1445 3030 gratie
1462 2915 1607 3007 Christi

423 3052 559 3146 MCllll,
574 3051 688 3125 aetatis
701 3072 778 3125 suae
792 3053 1020 3148 sexagesimo
1038 3075 1147 3148 nono,
1167 3055 1370 3149 imperante
1387 3054 1543 3128 Henrico
1551 3053 1592 3146 V,

423 3175 572 3248 sedente
596 3174 758 3248 Paschali
784 3194 876 3268 papa
894 3174 936 3267 ll,
962 3181 999 3248 et
1025 3175 1164 3269 sepulta
1192 3182 1246 3249 est
1272 3174 1439 3248 innubili
1463 3193 1593 3247 mona·

423 3295 534 3369 sterio
560 3293 655 3389 apud
681 3295 843 3368 Paduam
864 3296 972 3391 longe
989 3317 1010 3368 a
1029 3297 1175 3368 Mantua
1198 3296 1325 3370 decern
1349 3294 1533 3385 milliariis,
1556 3293 1593 3365 iu

426 3416 594 3511 sepulcro
618 3415 747 3510 grandi
766 3436 810 3489 ex
833 3416 1025 3489 alabastro.
1047 3417 1206 3509 Reliquit
1229 3423 1354 3490 autern
1381 3415 1448 3488 sihi
1473 3416 1592 3488 haere-

426 3535 510 3609 dem
545 3536 733 3610 ecclesiam
773 3555 978 3629 romanam,
1010 3556 1096 3609 cum
1130 3537 1294 3630 amplum
1329 3535 1588 3630 patrimonium

424 3654 634 3752 possideret.
660 3655 723 3728 Mis
747 3656 908 3729 breviter
933 3663 970 3730 et
995 3655 1180 3729 succincte
1197 3655 1367 3748 collectis,
1388 3675 1484 3728 nune
1502 3674 1592 3727 con·

425 3776 555 3869 sidera,
582 3775 706 3868 lector,
740 3775 769 3849 si
795 3780 903 3870 poeta
929 3781 1053 3850 noster
1091 3775 1359 3870 elegantissime
1397 3774 1592 3847 introducit

426 3897 529 3970 istam
560 3895 768 3990 Mathildim,
799 3916 883 3988 quae
916 3895 1016 3970 ducit
1041 3895 1160 3989 ipsum
1193 3913 1258 3989 per
1292 3895 1501 3988 paradisum
1527 3893 1592 3968 de-

424 4015 603 4110 liciarum,
626 4021 662 4090 et
688 4013 843 4089 ostendit
868 4013 1058 4089 ecclesiam
1078 4013 1142 4088 liei
1171 4013 1396 4105 militantem,
1424 4014 1460 4086 in
1486 4013 1592 4087 euius

426 4135 615 4210 servitium
642 4141 680 4209 et
704 4136 882 4208 honorem
914 4142 988 4207 tam
1016 4132 1208 4229 magnilica
1243 4131 1407 4205 militavit
1432 4133 1468 4205 in
1499 4132 1591 4225 rita3

425 4263 463 4331 et
488 4257 524 4330 in
551 4264 670 4330 morte
694 4257 844 4330 Petrum
871 4255 1071 4350 principem
1097 4253 1206 4326 huius
1228 4251 1389 4326 ecclesia
1414 4253 1497 4326 iecit
1517 4253 1593 4324 hae-

426 4377 563 4452 rodem.
588 4377 694 4451 Nunc
719 4382 773 4452 est
808 4377 855 4450 ad
884 4377 1025 4451 literam
1060 4373 1365 4465 descendendum,
1393 4394 1504 4467 quam
1530 4394 1593 4447 or-

424 4495 507 4569 dina
532 4497 602 4571 sic:
625 4502 676 4571 Mi
692 4518 807 4590 porea
824 4499 929 4570 order
944 4501 981 4570 iu
997 4517 1110 4587 cogno
1129 4497 1264 4585 donna,
1287 4514 1370 4588 quae
1389 4493 1456 4565 luit
1477 4493 1594 4588 impe-

425 4615 520 4689 riosa
547 4615 663 4709 valde,
688 4621 850 4708 piooone,
872 4617 958 4711 quia
985 4615 1095 4691 etiam
1114 4615 1149 4687 in
1169 4619 1357 4689 senectute
1379 4613 1590 4708 juveniliter

412 4731 591 4809 'exercuit
616 4757 750 4830 eorpus
774 4743 810 4810 et
835 4737 1020 4829 aninnm3
1039 4743 1077 4810 et
1101 4736 1188 4830 quia
1215 4735 1281 4809 luit
1306 4755 1451 4831 semper
1476 4735 1594 4810 activa

426 4877 536 4952 opera
556 4856 793 4932 memoranda
815 4857 948 4931 iaciens
973 4847 1048 4931 tam
1077 4857 1328 4950 temporaliter
1348 4877 1461 4952 quarn
1489 4857 1594 4952 spiri-

488 5117 515 5175 (Ἴ
533 5118 587 5174 ll'l,
603 5129 736 5179 nunquam
752 5117 835 5168 uoluit
850 5117 883 5166 de
899 5123 1019 5170 cratero..
