4575 6842
833 996 973 1053 caunos
997 998 1164 1054 ananius.
1516 988 1587 1057 379

411 1138 480 1214 ista
505 1159 596 1214 vero
620 1161 753 1236 parum
784 1141 905 1216 tuerat
920 1134 970 1234 (¹).
997 1142 1130 1235 Tertio,
1157 1143 1243 1237 quia
1274 1143 1483 1220 Constantia
1515 1166 1588 1221 non

407 1259 540 1336 babuit
561 1271 743 1356 ,parentes
777 1269 950 1357 cogentes
982 1281 1066 1336 eam
1101 1261 1197 1336 sicut
1221 1263 1410 1359 Picbarda,
1433 1265 1499 1340 sed
1528 1287 1590 1341 so-

278 1387 280 1392 ’
413 1381 491 1454 ium
517 1380 757 1456 sacerdotem.
782 1381 934 1474 Quarto,
961 1380 1046 1476 quia
1074 1380 1194 1456 maior
1224 1383 1403 1479 sangnine
1431 1386 1590 1461 debebat

413 1495 544 1576 maiori
569 1500 694 1575 animo
719 1500 854 1595 dicere,
881 1501 974 1575 sicut
1004 1501 1094 1576 dixit
1123 1501 1289 1577 Susanna
1317 1503 1439 1598 pravis
1464 1525 1590 1580 sacer-

411 1621 567 1697 dotibus.
595 1621 637 1693 Et
662 1619 833 1695 describit
858 1621 972 1716 ipsam
999 1643 1021 1696 a
1054 1620 1202 1697 nomine
1234 1623 1382 1718 proprio
1411 1628 1449 1698 et
1481 1631 1587 1718 partu

413 1739 579 1835 miriiico,
605 1741 749 1817 dicens:
775 1749 894 1834 questa
919 1737 940 1816 d
962 1745 999 1816 to
1025 1745 1110 1832 tuce,
1128 1741 1231 1836 idest,
1248 1742 1372 1817 anima
1393 1743 1588 1836 luminosa,

413 1864 506 1936 detta
537 1882 634 1954 praa
661 1867 850 1954 Costanzo,
877 1862 1111 1955 imperatrice
1143 1883 1397 1957 romanorum,
1436 1866 1498 1936 cte
1534 1867 1592 1938 det
1646 1929 1649 1936 .

411 1985 562 2056 secondo
588 1990 688 2057 orato
712 1985 751 2056 di
779 1987 904 2075 Saone,
939 1982 1042 2076 idest,
1076 2003 1122 2058 ex
1155 1982 1312 2058 Honrico
1336 1983 1378 2077 V,
1408 1978 1592 2075 pcacrdtt

414 2109 522 2197 terzo,
552 2102 655 2195 idest,
672 2101 898 2178 Fridericum
917 2103 958 2196 li,
977 2125 995 2176 c
1011 2105 1164 2177 t’aldmo
1184 2124 1387 2196 possonzo;
1404 2124 1490 2177 nam
1510 2103 1590 2177 Fri·

412 2221 559 2297 dericus
579 2221 608 2294 li
634 2223 701 2296 init
730 2223 1001 2317 potentissimus
1032 2223 1200 2297 omnium
1232 2223 1436 2318 principum
1465 2245 1489 2298 a
1519 2225 1589 2299 Ca-

412 2344 492 2418 roto
517 2344 647 2439 Magno
674 2343 776 2418 citra.
803 2344 848 2416 Et
874 2343 931 2418 bic
957 2350 1042 2418 nota
1069 2344 1167 2438 qnod
1194 2350 1301 2438 poeta
1328 2345 1455 2438 pulcre
1481 2351 1589 2419 vocat

412 2465 610 2560 superbam
636 2464 835 2559 potentiam
862 2471 901 2538 et
927 2485 1057 2540 vanam
1085 2463 1241 2561 gloriam
1262 2464 1388 2538 mundi
1413 2458 1588 2557 ventum,

412 2590 450 2659 et
474 2583 660 2680 potissime
685 2584 752 2659 ista
778 2584 910 2658 domus
935 2584 1080 2659 Sneviae
1098 2584 1166 2657 init
1187 2585 1289 2660 reiut
1314 2592 1446 2659 ventus
1461 2592 1590 2660 auster

412 2705 584 2780 terribitis
608 2705 759 2779 turbans
777 2723 950 2778 serenum
968 2724 1095 2779 aerem
1114 2709 1151 2780 et
1167 2703 1303 2780 taciens
1321 2725 1475 2800 magnas
1492 2711 1588 2779 stra-

412 2845 490 2923 ges,
516 2826 580 2900 sed
604 2825 677 2899 cito
701 2824 883 2900 deficiens.
905 2825 1051 2898 Primus
1076 2845 1168 2922 ergo
1194 2832 1326 2900 reatus
1350 2825 1496 2900 Sneviae
1521 2825 1589 2900 tuit

413 2945 650 3021 Fridericusi
676 2944 793 3019 dictus
819 2945 1066 3038 Barbarrrssa3
1092 2945 1277 3020 secundas
1302 2946 1495 3040 Hearicus,
1519 2966 1588 3020 no-

414 3067 513 3140 mine
541 3065 711 3160 quintus3
747 3065 877 3139 tertius
915 3065 1122 3140 Fridericus
1146 3067 1193 3160 ll,
1231 3067 1294 3160 qui
1331 3067 1399 3140 fuit
1436 3066 1588 3140 ultimus

412 3187 613 3282 imperator
636 3185 683 3260 de
708 3185 819 3259 domo
845 3185 999 3259 Sneviae.
1026 3185 1123 3260 Gens
1148 3187 1246 3261 enim
1272 3207 1475 3260 suevorum
1502 3207 1584 3260 ma·

413 3307 512 3380 xima
541 3305 637 3380 betto
662 3313 699 3380 et
729 3305 976 3401 potentissima
1003 3306 1170 3379 omnium
1198 3327 1465 3403 germanorum
1498 3305 1585 3379 oiim

412 3425 490 3521 init,
511 3432 552 3501 nt
573 3425 687 3520 patuit
713 3446 780 3521 per
804 3425 941 3498 Juiium
969 3425 1129 3520 Ceisum,
1148 3432 1184 3500 et
1205 3447 1304 3501 nunc
1323 3445 1404 3500 esse
1424 3425 1588 3500 creditur

412 3555 454 3622 ut
480 3547 565 3622 dicit
590 3548 799 3622 Petrarcba.
817 3546 870 3621 De
890 3547 1035 3621 duobus
1052 3546 1244 3621 Fridericis
1261 3547 1324 3642 qni
1343 3547 1496 3622 inerunt
1514 3547 1588 3620 duo

413 3667 565 3743 flumina
590 3668 674 3743 belii
700 3667 909 3764 pancabic
941 3667 1033 3762 dico,
1061 3666 1147 3761 quia
1178 3669 1292 3742 motta
1309 3659 1347 3760 (²)
1378 3668 1473 3742 dicta
1503 3675 1588 3742 sunt

412 3791 447 3863 in
473 3789 620 3864 lnierno
644 3794 682 3863 et
706 3786 935 3884 purgatorio.
963 3788 1006 3860 iit
1038 3787 1222 3862 conciudit
1250 3795 1372 3880 autor,
1398 3787 1497 3882 quod
1529 3787 1588 3860 Pi-

411 3911 546 3985 charda
578 3910 727 3984 recessit
759 3929 844 3984 cum
881 3915 1003 4003 cantu,
1028 3907 1175 3984 dicens:
1202 3901 1273 3982 cosi
1295 3912 1499 4002 porlommi,
1526 3908 1585 3983 iiia

414 4031 589 4105 Picbarda
608 4030 653 4105 de
670 4051 711 4104 se
736 4035 773 4104 et
790 4028 1010 4121 Constantia,
1031 4031 1129 4120 epoi
1149 4020 1434 4118 comitative,
1452 4031 1587 4118 Morio,

413 4153 604 4241 cantando,
623 4150 703 4227 talis
726 4149 844 4224 oratio
862 4149 956 4222 bene
973 4148 1202 4244 congruebat
1220 4147 1280 4222 tati
1299 4147 1477 4244 virginio
1500 4168 1588 4220 coa-

414 4274 522 4345 tondo
553 4263 671 4361 annio,
706 4270 809 4363 idest,
839 4267 1028 4362 disparuit,
1057 4289 1079 4342 a
1106 4267 1224 4360 simili,
1259 4288 1354 4340 corae
1382 4287 1448 4358 per
1473 4286 1589 4358 acqua

413 4395 504 4486 'cupa
528 4413 611 4465 cosa
627 4413 750 4483 proce.
769 4392 869 4464 Bene
885 4389 981 4482 dicit,
999 4389 1086 4482 quia
1106 4389 1172 4463 ista
1191 4389 1326 4462 mulier
1341 4387 1483 4482 pudore
1500 4408 1588 4483 gra-

414 4513 467 4586 vis
493 4512 669 4607 disparuit
687 4511 896 4604 incorpore
915 4509 1011 4583 tunm
1029 4507 1170 4605 frigido,
1190 4508 1340 4581 humido
1359 4507 1461 4582 reiut
1477 4528 1586 4600 aqua.

413 4639 526 4706 -Lo
552 4636 651 4705 visto.
678 4631 742 4704 iiic
769 4630 898 4703 ultimo
924 4636 1034 4702 autor
1056 4624 1185 4702 finiens
1204 4627 1406 4722 capitulum
1432 4626 1588 4701 ostendit

412 4753 599 4850 quomodo
625 4749 848 4827 converterit
866 4748 968 4823 seed
991 4769 1123 4822 novam
1151 4747 1355 4841 materiam,
1372 4745 1517 4821 dicens:
1535 4750 1589 4818 Lo

415 4878 503 4950 emto
527 4877 613 4962 mia,
639 4872 741 4964 idest,
768 4869 967 4965 speculatio
1000 4866 1265 4959 intellectualis,
1298 4869 1358 4939 cde
1388 4869 1426 4940 ta
1456 4858 1586 4958 secuto,

479 5138 506 5198 (¹)
522 5137 552 5187 ii.
569 5135 694 5186 firmarat.
944 5131 972 5193 (⁸)
989 5130 1020 5180 Ε.
1036 5129 1118 5180 multa
1134 5128 1167 5179 de
1182 5128 1222 5179 bis
1237 5127 1313 5178 dicta.
