<?xml version="1.0" encoding="UTF-8"?>
<!DOCTYPE html PUBLIC "-//W3C//DTD XHTML 1.0 Transitional//EN"
    "http://www.w3.org/TR/xhtml1/DTD/xhtml1-transitional.dtd">
<html xmlns="http://www.w3.org/1999/xhtml" xml:lang="en" lang="en">
 <head>
  <title>
</title>
<meta http-equiv="Content-Type" content="text/html;charset=utf-8" />
  <meta name='ocr-system' content='tesseract 3.04.00' />
  <meta name='ocr-capabilities' content='ocr_page ocr_carea ocr_par ocr_line ocrx_word'/>
</head>
<body>
  <div class='ocr_page' id='page_1' title='image "./comentumsuperda00unkngoog_0089.png"; bbox 0 0 4575 6842; ppageno 0'>
   <div class='ocr_carea' id='block_1_1' title="bbox 724 947 1586 1030">
    <p class='ocr_par' dir='ltr' id='par_1_1' title="bbox 724 947 1586 1030">
     <span class='ocr_line' id='line_1_1' title="bbox 724 947 1586 1030; baseline 0 -15"><span class='ocrx_word' id='word_1_1' title='bbox 724 960 863 1016; x_wconf 72' lang='lat' dir='ltr'>usurus</span> <span class='ocrx_word' id='word_1_2' title='bbox 886 961 1080 1018; x_wconf 79' lang='lat' dir='ltr'>vronsruus</span> <span class='ocrx_word' id='word_1_3' title='bbox 1104 963 1281 1030; x_wconf 76' lang='lat' dir='ltr'>ounnrus.</span> <span class='ocrx_word' id='word_1_4' title='bbox 1539 947 1586 1016; x_wconf 77' lang='lat'>73</span> 
     </span>
    </p>
   </div>
   <div class='ocr_carea' id='block_1_2' title="bbox 419 1105 1614 1922">
    <p class='ocr_par' dir='ltr' id='par_1_2' title="bbox 419 1105 1614 1922">
     <span class='ocr_line' id='line_1_2' title="bbox 420 1105 1588 1206; baseline 0.002 -28"><span class='ocrx_word' id='word_1_5' title='bbox 420 1105 588 1200; x_wconf 87' lang='lat' dir='ltr'>sequitur</span> <span class='ocrx_word' id='word_1_6' title='bbox 605 1106 674 1180; x_wconf 83' lang='lat' dir='ltr'>lroc</span> <span class='ocrx_word' id='word_1_7' title='bbox 691 1107 832 1201; x_wconf 84' lang='lat' dir='ltr'>vitium,</span> <span class='ocrx_word' id='word_1_8' title='bbox 854 1115 896 1180; x_wconf 90' lang='lat' dir='ltr'>ut</span> <span class='ocrx_word' id='word_1_9' title='bbox 913 1107 1057 1182; x_wconf 91' lang='lat' dir='ltr'>bibendi</span> <span class='ocrx_word' id='word_1_10' title='bbox 1073 1110 1301 1184; x_wconf 88' lang='lat' dir='ltr'>consuetudo</span> <span class='ocrx_word' id='word_1_11' title='bbox 1320 1116 1457 1206; x_wconf 82' lang='lat' dir='ltr'>augent</span> <span class='ocrx_word' id='word_1_12' title='bbox 1472 1107 1588 1184; x_wconf 87' lang='lat' dir='ltr'>nvidi·</span> 
     </span>
     <span class='ocr_line' id='line_1_3' title="bbox 420 1226 1588 1324; baseline -0.003 -22"><span class='ocrx_word' id='word_1_13' title='bbox 420 1233 545 1321; x_wconf 81' lang='lat' dir='ltr'>tatem,</span> <span class='ocrx_word' id='word_1_14' title='bbox 563 1232 702 1321; x_wconf 81' lang='lat' dir='ltr'>quanto</span> <span class='ocrx_word' id='word_1_15' title='bbox 720 1229 800 1321; x_wconf 85' lang='lat' dir='ltr'>plus</span> <span class='ocrx_word' id='word_1_16' title='bbox 822 1226 978 1302; x_wconf 74' lang='lat' dir='ltr'>biberint</span> <span class='ocrx_word' id='word_1_17' title='bbox 995 1231 1095 1301; x_wconf 82' lang='lat' dir='ltr'>tanto</span> <span class='ocrx_word' id='word_1_18' title='bbox 1113 1229 1229 1324; x_wconf 82' lang='lat' dir='ltr'>magis</span> <span class='ocrx_word' id='word_1_19' title='bbox 1254 1228 1395 1303; x_wconf 86' lang='lat' dir='ltr'>sitiunt:</span> <span class='ocrx_word' id='word_1_20' title='bbox 1421 1228 1489 1303; x_wconf 92' lang='lat' dir='ltr'>soli</span> <span class='ocrx_word' id='word_1_21' title='bbox 1508 1227 1588 1301; x_wconf 83' lang='lat' dir='ltr'>nni-</span> 
     </span>
     <span class='ocr_line' id='line_1_4' title="bbox 426 1346 1585 1442; baseline -0.001 -22"><span class='ocrx_word' id='word_1_22' title='bbox 426 1348 576 1422; x_wconf 82' lang='lat' dir='ltr'>mnlium</span> <span class='ocrx_word' id='word_1_23' title='bbox 595 1367 668 1420; x_wconf 94' lang='lat' dir='ltr'>non</span> <span class='ocrx_word' id='word_1_24' title='bbox 685 1346 845 1422; x_wconf 86' lang='lat' dir='ltr'>sitientes</span> <span class='ocrx_word' id='word_1_25' title='bbox 863 1347 1045 1442; x_wconf 92' lang='lat' dir='ltr'>bibimus;</span> <span class='ocrx_word' id='word_1_26' title='bbox 1066 1355 1104 1422; x_wconf 90' lang='lat' dir='ltr'>et</span> <span class='ocrx_word' id='word_1_27' title='bbox 1130 1349 1194 1442; x_wconf 84' lang='lat' dir='ltr'>qui</span> <span class='ocrx_word' id='word_1_28' title='bbox 1215 1349 1342 1422; x_wconf 82' lang='lat' dir='ltr'>vinum</span> <span class='ocrx_word' id='word_1_29' title='bbox 1360 1369 1434 1423; x_wconf 90' lang='lat' dir='ltr'>non</span> <span class='ocrx_word' id='word_1_30' title='bbox 1451 1347 1585 1422; x_wconf 80' lang='lat' dir='ltr'>babent</span> 
     </span>
     <span class='ocr_line' id='line_1_5' title="bbox 422 1466 1587 1562; baseline -0.002 -20"><span class='ocrx_word' id='word_1_31' title='bbox 422 1467 590 1542; x_wconf 82' lang='lat' dir='ltr'>naturale</span> <span class='ocrx_word' id='word_1_32' title='bbox 614 1466 753 1541; x_wconf 82' lang='lat' dir='ltr'>iaciunt</span> <span class='ocrx_word' id='word_1_33' title='bbox 783 1467 851 1540; x_wconf 91' lang='lat' dir='ltr'>sibi</span> <span class='ocrx_word' id='word_1_34' title='bbox 881 1467 1091 1544; x_wconf 84' lang='lat' dir='ltr'>artificiale:</span> <span class='ocrx_word' id='word_1_35' title='bbox 1127 1474 1165 1542; x_wconf 89' lang='lat' dir='ltr'>et</span> <span class='ocrx_word' id='word_1_36' title='bbox 1200 1468 1251 1544; x_wconf 91' lang='lat' dir='ltr'>sic</span> <span class='ocrx_word' id='word_1_37' title='bbox 1280 1468 1316 1542; x_wconf 97' lang='lat' dir='ltr'>in</span> <span class='ocrx_word' id='word_1_38' title='bbox 1349 1469 1448 1543; x_wconf 84' lang='lat' dir='ltr'>nulla</span> <span class='ocrx_word' id='word_1_39' title='bbox 1482 1473 1587 1562; x_wconf 84' lang='lat' dir='ltr'>parte</span> 
     </span>
     <span class='ocr_line' id='line_1_6' title="bbox 421 1587 1588 1683; baseline 0 -21"><span class='ocrx_word' id='word_1_40' title='bbox 421 1588 549 1662; x_wconf 90' lang='lat' dir='ltr'>mundi</span> <span class='ocrx_word' id='word_1_41' title='bbox 566 1592 683 1662; x_wconf 83' lang='lat' dir='ltr'>cessat</span> <span class='ocrx_word' id='word_1_42' title='bbox 699 1587 867 1682; x_wconf 77' lang='lat' dir='ltr'>ebrietas,</span> <span class='ocrx_word' id='word_1_43' title='bbox 881 1593 919 1662; x_wconf 89' lang='lat' dir='ltr'>et</span> <span class='ocrx_word' id='word_1_44' title='bbox 931 1588 1029 1682; x_wconf 88' lang='lat' dir='ltr'>quod</span> <span class='ocrx_word' id='word_1_45' title='bbox 1044 1589 1146 1683; x_wconf 84' lang='lat' dir='ltr'>peius</span> <span class='ocrx_word' id='word_1_46' title='bbox 1163 1599 1219 1665; x_wconf 87' lang='lat' dir='ltr'>est</span> <span class='ocrx_word' id='word_1_47' title='bbox 1235 1589 1462 1664; x_wconf 75' lang='lat' dir='ltr'>irritamento</span> <span class='ocrx_word' id='word_1_48' title='bbox 1475 1606 1588 1662; x_wconf 81' lang='lat' dir='ltr'>exco-</span> 
     </span>
     <span class='ocr_line' id='line_1_7' title="bbox 419 1707 1614 1804; baseline -0.001 -21"><span class='ocrx_word' id='word_1_49' title='bbox 419 1707 582 1804; x_wconf 82' lang='lat' dir='ltr'>gitantur</span> <span class='ocrx_word' id='word_1_50' title='bbox 610 1727 721 1782; x_wconf 81' lang='lat' dir='ltr'>causa</span> <span class='ocrx_word' id='word_1_51' title='bbox 750 1707 913 1801; x_wconf 83' lang='lat' dir='ltr'>bibendi3</span> <span class='ocrx_word' id='word_1_52' title='bbox 946 1709 1052 1804; x_wconf 87' lang='lat' dir='ltr'>plene</span> <span class='ocrx_word' id='word_1_53' title='bbox 1082 1707 1276 1782; x_wconf 78' lang='lat' dir='ltr'>infundunt</span> <span class='ocrx_word' id='word_1_54' title='bbox 1304 1715 1346 1782; x_wconf 91' lang='lat' dir='ltr'>ut</span> <span class='ocrx_word' id='word_1_55' title='bbox 1373 1709 1494 1782; x_wconf 80' lang='lat' dir='ltr'>statim</span> <span class='ocrx_word' id='word_1_56' title='bbox 1520 1713 1614 1782; x_wconf 79' lang='lat' dir='ltr'>ro-‘</span> 
     </span>
     <span class='ocr_line' id='line_1_8' title="bbox 420 1827 1586 1922; baseline -0.005 -18"><span class='ocrx_word' id='word_1_57' title='bbox 420 1834 540 1920; x_wconf 82' lang='lat' dir='ltr'>mont3</span> <span class='ocrx_word' id='word_1_58' title='bbox 566 1827 700 1901; x_wconf 89' lang='lat' dir='ltr'>iterum</span> <span class='ocrx_word' id='word_1_59' title='bbox 727 1827 913 1922; x_wconf 82' lang='lat' dir='ltr'>hauriunt,</span> <span class='ocrx_word' id='word_1_60' title='bbox 931 1827 1120 1904; x_wconf 88' lang='lat' dir='ltr'>etiterum</span> <span class='ocrx_word' id='word_1_61' title='bbox 1140 1836 1254 1922; x_wconf 84' lang='lat' dir='ltr'>etque</span> <span class='ocrx_word' id='word_1_62' title='bbox 1271 1829 1378 1903; x_wconf 89' lang='lat' dir='ltr'>tertio</span> <span class='ocrx_word' id='word_1_63' title='bbox 1396 1835 1586 1920; x_wconf 75' lang='lat' dir='ltr'><strong>tamquam</strong></span> 
     </span>
    </p>
   </div>
   <div class='ocr_carea' id='block_1_3' title="bbox 419 1945 1709 2047">
    <p class='ocr_par' dir='ltr' id='par_1_3' title="bbox 419 1945 1709 2047">
     <span class='ocr_line' id='line_1_9' title="bbox 419 1945 1709 2047; baseline -0.003 -25"><span class='ocrx_word' id='word_1_64' title='bbox 419 1947 467 2022; x_wconf 82' lang='lat' dir='ltr'>ud</span> <span class='ocrx_word' id='word_1_65' title='bbox 481 1947 675 2047; x_wconf 75' lang='lat' dir='ltr'>¹perdenda</span> <span class='ocrx_word' id='word_1_66' title='bbox 701 1947 784 2022; x_wconf 82' lang='lat' dir='ltr'>rina</span> <span class='ocrx_word' id='word_1_67' title='bbox 809 1945 940 2044; x_wconf 75' lang='lat' dir='ltr'>geniti,</span> <span class='ocrx_word' id='word_1_68' title='bbox 970 1953 1008 2022; x_wconf 89' lang='lat' dir='ltr'>et</span> <span class='ocrx_word' id='word_1_69' title='bbox 1041 1953 1232 2042; x_wconf 77' lang='lat' dir='ltr'>tamquam</span> <span class='ocrx_word' id='word_1_70' title='bbox 1258 1947 1395 2024; x_wconf 80' lang='lat' dir='ltr'>effundi</span> <span class='ocrx_word' id='word_1_71' title='bbox 1427 1946 1488 2021; x_wconf 82' lang='lat' dir='ltr'>ille</span> <span class='ocrx_word' id='word_1_72' title='bbox 1513 1965 1588 2019; x_wconf 91' lang='lat' dir='ltr'>nou</span> <span class='ocrx_word' id='word_1_73' title='bbox 1704 2003 1709 2010; x_wconf 85' lang='lat'><strong>.</strong></span> 
     </span>
    </p>
   </div>
   <div class='ocr_carea' id='block_1_4' title="bbox 412 2061 1672 4564">
    <p class='ocr_par' dir='ltr' id='par_1_4' title="bbox 419 2061 1653 2761">
     <span class='ocr_line' id='line_1_10' title="bbox 419 2061 1588 2163; baseline -0.003 -22"><span class='ocrx_word' id='word_1_74' title='bbox 419 2067 556 2163; x_wconf 89' lang='lat' dir='ltr'>possint</span> <span class='ocrx_word' id='word_1_75' title='bbox 581 2066 649 2141; x_wconf 91' lang='lat' dir='ltr'>nisi</span> <span class='ocrx_word' id='word_1_76' title='bbox 674 2086 741 2163; x_wconf 89' lang='lat' dir='ltr'>per</span> <span class='ocrx_word' id='word_1_77' title='bbox 770 2087 904 2162; x_wconf 88' lang='lat' dir='ltr'>corpus</span> <span class='ocrx_word' id='word_1_78' title='bbox 934 2068 1153 2140; x_wconf 81' lang='lat' dir='ltr'>humanum.</span> <span class='ocrx_word' id='word_1_79' title='bbox 1184 2061 1307 2160; x_wconf 83' lang='lat' dir='ltr'>Sed(¹)</span> <span class='ocrx_word' id='word_1_80' title='bbox 1333 2068 1398 2161; x_wconf 90' lang='lat' dir='ltr'>qui</span> <span class='ocrx_word' id='word_1_81' title='bbox 1424 2067 1588 2140; x_wconf 75' lang='lat' dir='ltr'>tructus?</span> 
     </span>
     <span class='ocr_line' id='line_1_11' title="bbox 422 2186 1653 2284; baseline 0.001 -25"><span class='ocrx_word' id='word_1_82' title='bbox 422 2186 554 2262; x_wconf 89' lang='lat' dir='ltr'>Vinum</span> <span class='ocrx_word' id='word_1_83' title='bbox 583 2193 744 2263; x_wconf 87' lang='lat' dir='ltr'>mentem</span> <span class='ocrx_word' id='word_1_84' title='bbox 771 2193 899 2281; x_wconf 80' lang='lat' dir='ltr'>mutat,</span> <span class='ocrx_word' id='word_1_85' title='bbox 917 2187 1082 2262; x_wconf 86' lang='lat' dir='ltr'>lurorem</span> <span class='ocrx_word' id='word_1_86' title='bbox 1103 2188 1232 2284; x_wconf 83' lang='lat' dir='ltr'>gignit,</span> <span class='ocrx_word' id='word_1_87' title='bbox 1253 2188 1348 2264; x_wconf 83' lang='lat' dir='ltr'>cadit</span> <span class='ocrx_word' id='word_1_88' title='bbox 1367 2189 1404 2262; x_wconf 95' lang='lat' dir='ltr'>in</span> <span class='ocrx_word' id='word_1_89' title='bbox 1421 2206 1585 2280; x_wconf 86' lang='lat' dir='ltr'>coenum,</span> <span class='ocrx_word' id='word_1_90' title='bbox 1650 2278 1653 2284; x_wconf 90' lang='lat'>.</span> 
     </span>
     <span class='ocr_line' id='line_1_12' title="bbox 420 2306 1586 2403; baseline -0.002 -20"><span class='ocrx_word' id='word_1_91' title='bbox 420 2313 561 2383; x_wconf 83' lang='lat' dir='ltr'>secreta</span> <span class='ocrx_word' id='word_1_92' title='bbox 575 2307 822 2401; x_wconf 82' lang='lat' dir='ltr'>revelat3hinc</span> <span class='ocrx_word' id='word_1_93' title='bbox 835 2307 952 2402; x_wconf 79' lang='lat' dir='ltr'>pellor</span> <span class='ocrx_word' id='word_1_94' title='bbox 965 2313 1002 2382; x_wconf 88' lang='lat' dir='ltr'>ct</span> <span class='ocrx_word' id='word_1_95' title='bbox 1015 2328 1121 2403; x_wconf 83' lang='lat' dir='ltr'>genae</span> <span class='ocrx_word' id='word_1_96' title='bbox 1134 2306 1586 2402; x_wconf 81' lang='lat' dir='ltr'>pendulae‚ulcerooculo·</span> 
     </span>
     <span class='ocr_line' id='line_1_13' title="bbox 419 2425 1587 2523; baseline 0 -21"><span class='ocrx_word' id='word_1_97' title='bbox 419 2449 516 2523; x_wconf 90' lang='lat' dir='ltr'>rum,</span> <span class='ocrx_word' id='word_1_98' title='bbox 528 2427 696 2502; x_wconf 85' lang='lat' dir='ltr'>tremulae</span> <span class='ocrx_word' id='word_1_99' title='bbox 710 2448 840 2502; x_wconf 83' lang='lat' dir='ltr'>munus</span> <span class='ocrx_word' id='word_1_100' title='bbox 853 2425 1080 2503; x_wconf 80' lang='lat' dir='ltr'>effundentes</span> <span class='ocrx_word' id='word_1_101' title='bbox 1095 2429 1201 2523; x_wconf 87' lang='lat' dir='ltr'>plena</span> <span class='ocrx_word' id='word_1_102' title='bbox 1210 2448 1315 2521; x_wconf 81' lang='lat' dir='ltr'>vnsu3</span> <span class='ocrx_word' id='word_1_103' title='bbox 1329 2449 1413 2522; x_wconf 85' lang='lat' dir='ltr'>quae</span> <span class='ocrx_word' id='word_1_104' title='bbox 1424 2427 1465 2502; x_wconf 90' lang='lat' dir='ltr'>iit</span> <span class='ocrx_word' id='word_1_105' title='bbox 1478 2448 1587 2522; x_wconf 81' lang='lat' dir='ltr'>poena</span> 
     </span>
     <span class='ocr_line' id='line_1_14' title="bbox 419 2548 1583 2644; baseline -0.001 -22"><span class='ocrx_word' id='word_1_106' title='bbox 419 2569 591 2644; x_wconf 84' lang='lat' dir='ltr'>praesens,</span> <span class='ocrx_word' id='word_1_107' title='bbox 611 2548 759 2623; x_wconf 80' lang='lat' dir='ltr'>furiales</span> <span class='ocrx_word' id='word_1_108' title='bbox 775 2549 894 2622; x_wconf 93' lang='lat' dir='ltr'>somni</span> <span class='ocrx_word' id='word_1_109' title='bbox 914 2555 952 2623; x_wconf 90' lang='lat' dir='ltr'>et</span> <span class='ocrx_word' id='word_1_110' title='bbox 971 2548 1185 2643; x_wconf 86' lang='lat' dir='ltr'>inquietudo</span> <span class='ocrx_word' id='word_1_111' title='bbox 1202 2554 1403 2624; x_wconf 83' lang='lat' dir='ltr'>nocturna:</span> <span class='ocrx_word' id='word_1_112' title='bbox 1417 2549 1583 2643; x_wconf 81' lang='lat' dir='ltr'>sequenti</span> 
     </span>
     <span class='ocr_line' id='line_1_15' title="bbox 419 2667 1584 2761; baseline -0.003 -17"><span class='ocrx_word' id='word_1_113' title='bbox 419 2669 478 2744; x_wconf 91' lang='lat' dir='ltr'>die</span> <span class='ocrx_word' id='word_1_114' title='bbox 503 2670 610 2744; x_wconf 83' lang='lat' dir='ltr'>llutus</span> <span class='ocrx_word' id='word_1_115' title='bbox 630 2669 748 2742; x_wconf 88' lang='lat' dir='ltr'>ioedus</span> <span class='ocrx_word' id='word_1_116' title='bbox 765 2689 812 2743; x_wconf 84' lang='lat' dir='ltr'>er</span> <span class='ocrx_word' id='word_1_117' title='bbox 828 2689 907 2761; x_wconf 90' lang='lat' dir='ltr'>ore,</span> <span class='ocrx_word' id='word_1_118' title='bbox 925 2675 962 2743; x_wconf 91' lang='lat' dir='ltr'>et</span> <span class='ocrx_word' id='word_1_119' title='bbox 986 2669 1065 2744; x_wconf 88' lang='lat' dir='ltr'>iere</span> <span class='ocrx_word' id='word_1_120' title='bbox 1090 2670 1257 2744; x_wconf 92' lang='lat' dir='ltr'>omnium</span> <span class='ocrx_word' id='word_1_121' title='bbox 1285 2688 1411 2743; x_wconf 91' lang='lat' dir='ltr'>rerum</span> <span class='ocrx_word' id='word_1_122' title='bbox 1438 2667 1584 2744; x_wconf 83' lang='lat' dir='ltr'>oblivio.</span> 
     </span>
    </p>

    <p class='ocr_par' dir='ltr' id='par_1_5' title="bbox 412 2789 1672 4564">
     <span class='ocr_line' id='line_1_16' title="bbox 480 2789 1585 2885; baseline -0.001 -22"><span class='ocrx_word' id='word_1_123' title='bbox 480 2793 570 2881; x_wconf 68' lang='lat' dir='ltr'>‘lim</span> <span class='ocrx_word' id='word_1_124' title='bbox 586 2809 682 2862; x_wconf 83' lang='lat' dir='ltr'>come</span> <span class='ocrx_word' id='word_1_125' title='bbox 695 2793 747 2883; x_wconf 80' lang='lat' dir='ltr'>[a.</span> <span class='ocrx_word' id='word_1_126' title='bbox 773 2789 844 2862; x_wconf 82' lang='lat' dir='ltr'>ista</span> <span class='ocrx_word' id='word_1_127' title='bbox 869 2795 924 2864; x_wconf 88' lang='lat' dir='ltr'>cst</span> <span class='ocrx_word' id='word_1_128' title='bbox 949 2789 1109 2864; x_wconf 84' lang='lat' dir='ltr'>secunda</span> <span class='ocrx_word' id='word_1_129' title='bbox 1133 2809 1218 2884; x_wconf 81' lang='lat' dir='ltr'>pars</span> <span class='ocrx_word' id='word_1_130' title='bbox 1242 2789 1436 2885; x_wconf 82' lang='lat' dir='ltr'>generalis,</span> <span class='ocrx_word' id='word_1_131' title='bbox 1453 2789 1491 2862; x_wconf 95' lang='lat' dir='ltr'>in</span> <span class='ocrx_word' id='word_1_132' title='bbox 1509 2809 1585 2882; x_wconf 86' lang='lat' dir='ltr'>qua</span> 
     </span>
     <span class='ocr_line' id='line_1_17' title="bbox 418 2907 1586 3006; baseline -0.004 -21"><span class='ocrx_word' id='word_1_133' title='bbox 418 2915 526 3006; x_wconf 83' lang='lat' dir='ltr'>poete</span> <span class='ocrx_word' id='word_1_134' title='bbox 552 2908 689 2983; x_wconf 86' lang='lat' dir='ltr'>inducit</span> <span class='ocrx_word' id='word_1_135' title='bbox 713 2907 873 3003; x_wconf 89' lang='lat' dir='ltr'>primum</span> <span class='ocrx_word' id='word_1_136' title='bbox 892 2908 1058 3003; x_wconf 87' lang='lat' dir='ltr'>spiritum</span> <span class='ocrx_word' id='word_1_137' title='bbox 1081 2909 1309 2984; x_wconf 88' lang='lat' dir='ltr'>nominatum</span> <span class='ocrx_word' id='word_1_138' title='bbox 1330 2907 1499 3002; x_wconf 84' lang='lat' dir='ltr'>superius</span> <span class='ocrx_word' id='word_1_139' title='bbox 1519 2928 1586 3003; x_wconf 83' lang='lat' dir='ltr'>per</span> 
     </span>
     <span class='ocr_line' id='line_1_18' title="bbox 419 3027 1586 3125; baseline -0.002 -22"><span class='ocrx_word' id='word_1_140' title='bbox 419 3029 620 3106; x_wconf 85' lang='lat' dir='ltr'>Foresium.</span> <span class='ocrx_word' id='word_1_141' title='bbox 648 3027 691 3100; x_wconf 84' lang='lat' dir='ltr'>llt</span> <span class='ocrx_word' id='word_1_142' title='bbox 715 3027 835 3122; x_wconf 83' lang='lat' dir='ltr'>primo</span> <span class='ocrx_word' id='word_1_143' title='bbox 859 3027 1014 3103; x_wconf 88' lang='lat' dir='ltr'>ostendit</span> <span class='ocrx_word' id='word_1_144' title='bbox 1044 3027 1230 3122; x_wconf 84' lang='lat' dir='ltr'>quomodo</span> <span class='ocrx_word' id='word_1_145' title='bbox 1262 3029 1415 3125; x_wconf 81' lang='lat' dir='ltr'>elegerit</span> <span class='ocrx_word' id='word_1_146' title='bbox 1443 3027 1490 3102; x_wconf 89' lang='lat' dir='ltr'>de</span> <span class='ocrx_word' id='word_1_147' title='bbox 1514 3049 1586 3101; x_wconf 93' lang='lat' dir='ltr'>nu-</span> 
     </span>
     <span class='ocr_line' id='line_1_19' title="bbox 421 3148 1586 3244; baseline -0.003 -19"><span class='ocrx_word' id='word_1_148' title='bbox 421 3171 527 3226; x_wconf 91' lang='lat' dir='ltr'>mero</span> <span class='ocrx_word' id='word_1_149' title='bbox 554 3149 767 3242; x_wconf 89' lang='lat' dir='ltr'>multorum,</span> <span class='ocrx_word' id='word_1_150' title='bbox 794 3156 831 3223; x_wconf 89' lang='lat' dir='ltr'>et</span> <span class='ocrx_word' id='word_1_151' title='bbox 848 3149 1055 3243; x_wconf 82' lang='lat' dir='ltr'>requisierit</span> <span class='ocrx_word' id='word_1_152' title='bbox 1071 3169 1171 3243; x_wconf 87' lang='lat' dir='ltr'>eum,</span> <span class='ocrx_word' id='word_1_153' title='bbox 1192 3155 1235 3222; x_wconf 89' lang='lat' dir='ltr'>ut</span> <span class='ocrx_word' id='word_1_154' title='bbox 1251 3149 1467 3244; x_wconf 87' lang='lat' dir='ltr'>loqueretur</span> <span class='ocrx_word' id='word_1_155' title='bbox 1486 3148 1586 3243; x_wconf 82' lang='lat' dir='ltr'>clare</span> 
     </span>
     <span class='ocr_line' id='line_1_20' title="bbox 420 3267 1585 3365; baseline -0.004 -18"><span class='ocrx_word' id='word_1_156' title='bbox 420 3291 558 3347; x_wconf 87' lang='lat' dir='ltr'>secum.</span> <span class='ocrx_word' id='word_1_157' title='bbox 584 3267 654 3343; x_wconf 82' lang='lat' dir='ltr'>lste</span> <span class='ocrx_word' id='word_1_158' title='bbox 678 3275 802 3342; x_wconf 79' lang='lat' dir='ltr'>autem</span> <span class='ocrx_word' id='word_1_159' title='bbox 829 3267 898 3341; x_wconf 91' lang='lat' dir='ltr'>iuit</span> <span class='ocrx_word' id='word_1_160' title='bbox 920 3269 1147 3365; x_wconf 81' lang='lat' dir='ltr'>Bonagiunta</span> <span class='ocrx_word' id='word_1_161' title='bbox 1165 3268 1212 3343; x_wconf 92' lang='lat' dir='ltr'>de</span> <span class='ocrx_word' id='word_1_162' title='bbox 1229 3267 1425 3362; x_wconf 84' lang='lat' dir='ltr'>Urbisunis,</span> <span class='ocrx_word' id='word_1_163' title='bbox 1442 3268 1500 3343; x_wconf 80' lang='lat' dir='ltr'>vir</span> <span class='ocrx_word' id='word_1_164' title='bbox 1517 3269 1585 3342; x_wconf 93' lang='lat' dir='ltr'>bo-</span> 
     </span>
     <span class='ocr_line' id='line_1_21' title="bbox 418 3387 1585 3484; baseline -0.001 -19"><span class='ocrx_word' id='word_1_165' title='bbox 418 3389 601 3482; x_wconf 84' lang='lat' dir='ltr'>norabilis,</span> <span class='ocrx_word' id='word_1_166' title='bbox 617 3387 665 3463; x_wconf 91' lang='lat' dir='ltr'>de</span> <span class='ocrx_word' id='word_1_167' title='bbox 687 3387 832 3462; x_wconf 75' lang='lat' dir='ltr'>civitate</span> <span class='ocrx_word' id='word_1_168' title='bbox 857 3389 999 3482; x_wconf 83' lang='lat' dir='ltr'>lucana,</span> <span class='ocrx_word' id='word_1_169' title='bbox 1017 3389 1226 3463; x_wconf 90' lang='lat' dir='ltr'>luculentus</span> <span class='ocrx_word' id='word_1_170' title='bbox 1246 3397 1371 3464; x_wconf 82' lang='lat' dir='ltr'>orator</span> <span class='ocrx_word' id='word_1_171' title='bbox 1396 3390 1434 3463; x_wconf 90' lang='lat' dir='ltr'>in</span> <span class='ocrx_word' id='word_1_172' title='bbox 1459 3390 1585 3484; x_wconf 83' lang='lat' dir='ltr'>lingua</span> 
     </span>
     <span class='ocr_line' id='line_1_22' title="bbox 417 3507 1586 3604; baseline -0.003 -19"><span class='ocrx_word' id='word_1_173' title='bbox 417 3516 597 3602; x_wconf 82' lang='lat' dir='ltr'>materna,</span> <span class='ocrx_word' id='word_1_174' title='bbox 623 3512 660 3584; x_wconf 91' lang='lat' dir='ltr'>et</span> <span class='ocrx_word' id='word_1_175' title='bbox 684 3507 797 3582; x_wconf 83' lang='lat' dir='ltr'>incilis</span> <span class='ocrx_word' id='word_1_176' title='bbox 817 3508 985 3582; x_wconf 88' lang='lat' dir='ltr'>inventor</span> <span class='ocrx_word' id='word_1_177' title='bbox 1003 3509 1273 3604; x_wconf 85' lang='lat' dir='ltr'>rhythmorum,</span> <span class='ocrx_word' id='word_1_178' title='bbox 1292 3509 1355 3584; x_wconf 92' lang='lat' dir='ltr'>sed</span> <span class='ocrx_word' id='word_1_179' title='bbox 1373 3510 1510 3584; x_wconf 80' lang='lat' dir='ltr'>facilior</span> <span class='ocrx_word' id='word_1_180' title='bbox 1530 3510 1586 3582; x_wconf 85' lang='lat' dir='ltr'>vi-</span> 
     </span>
     <span class='ocr_line' id='line_1_23' title="bbox 417 3627 1587 3723; baseline -0.002 -19"><span class='ocrx_word' id='word_1_181' title='bbox 417 3649 565 3722; x_wconf 90' lang='lat' dir='ltr'>norum,</span> <span class='ocrx_word' id='word_1_182' title='bbox 590 3627 654 3721; x_wconf 89' lang='lat' dir='ltr'>qui</span> <span class='ocrx_word' id='word_1_183' title='bbox 680 3633 834 3702; x_wconf 80' lang='lat' dir='ltr'>noverat</span> <span class='ocrx_word' id='word_1_184' title='bbox 852 3635 1022 3702; x_wconf 80' lang='lat' dir='ltr'>autorem</span> <span class='ocrx_word' id='word_1_185' title='bbox 1048 3627 1085 3700; x_wconf 94' lang='lat' dir='ltr'>in</span> <span class='ocrx_word' id='word_1_186' title='bbox 1110 3629 1196 3722; x_wconf 84' lang='lat' dir='ltr'>ritu,</span> <span class='ocrx_word' id='word_1_187' title='bbox 1217 3634 1254 3703; x_wconf 90' lang='lat' dir='ltr'>et</span> <span class='ocrx_word' id='word_1_188' title='bbox 1274 3629 1469 3723; x_wconf 78' lang='lat' dir='ltr'>aliquando</span> <span class='ocrx_word' id='word_1_189' title='bbox 1495 3629 1587 3703; x_wconf 88' lang='lat' dir='ltr'>scri-</span> 
     </span>
     <span class='ocr_line' id='line_1_24' title="bbox 416 3746 1586 3844; baseline -0.002 -20"><span class='ocrx_word' id='word_1_190' title='bbox 416 3754 539 3844; x_wconf 83' lang='lat' dir='ltr'>pserat</span> <span class='ocrx_word' id='word_1_191' title='bbox 563 3747 640 3822; x_wconf 89' lang='lat' dir='ltr'>sibi.</span> <span class='ocrx_word' id='word_1_192' title='bbox 667 3746 751 3821; x_wconf 91' lang='lat' dir='ltr'>ldeo</span> <span class='ocrx_word' id='word_1_193' title='bbox 775 3753 885 3821; x_wconf 88' lang='lat' dir='ltr'>autor</span> <span class='ocrx_word' id='word_1_194' title='bbox 909 3747 1012 3844; x_wconf 82' lang='lat' dir='ltr'>lingit</span> <span class='ocrx_word' id='word_1_195' title='bbox 1037 3767 1125 3822; x_wconf 88' lang='lat' dir='ltr'>eum</span> <span class='ocrx_word' id='word_1_196' title='bbox 1151 3749 1200 3824; x_wconf 84' lang='lat' dir='ltr'>itu</span> <span class='ocrx_word' id='word_1_197' title='bbox 1226 3749 1453 3824; x_wconf 79' lang='lat' dir='ltr'>familiariter</span> <span class='ocrx_word' id='word_1_198' title='bbox 1484 3749 1586 3844; x_wconf 90' lang='lat' dir='ltr'>loqui</span> 
     </span>
     <span class='ocr_line' id='line_1_25' title="bbox 417 3865 1586 3962; baseline -0.001 -19"><span class='ocrx_word' id='word_1_199' title='bbox 417 3889 542 3943; x_wconf 86' lang='lat' dir='ltr'>secum</span> <span class='ocrx_word' id='word_1_200' title='bbox 568 3867 614 3942; x_wconf 90' lang='lat' dir='ltr'>de</span> <span class='ocrx_word' id='word_1_201' title='bbox 640 3867 715 3962; x_wconf 85' lang='lat' dir='ltr'>ipso</span> <span class='ocrx_word' id='word_1_202' title='bbox 741 3865 848 3942; x_wconf 86' lang='lat' dir='ltr'>etde</span> <span class='ocrx_word' id='word_1_203' title='bbox 872 3867 950 3941; x_wconf 83' lang='lat' dir='ltr'>aliis</span> <span class='ocrx_word' id='word_1_204' title='bbox 981 3867 1232 3942; x_wconf 86' lang='lat' dir='ltr'>inventoribus</span> <span class='ocrx_word' id='word_1_205' title='bbox 1262 3869 1457 3945; x_wconf 86' lang='lat' dir='ltr'>modernis.</span> <span class='ocrx_word' id='word_1_206' title='bbox 1494 3869 1586 3943; x_wconf 85' lang='lat' dir='ltr'>Dicit</span> 
     </span>
     <span class='ocr_line' id='line_1_26' title="bbox 417 3988 1586 4084; baseline 0 -22"><span class='ocrx_word' id='word_1_207' title='bbox 417 4007 529 4083; x_wconf 79' lang='lat' dir='ltr'>ergo:</span> <span class='ocrx_word' id='word_1_208' title='bbox 553 3991 646 4083; x_wconf 81' lang='lat' dir='ltr'>se’r&#39;o</span> <span class='ocrx_word' id='word_1_209' title='bbox 676 4007 700 4060; x_wconf 88' lang='lat' dir='ltr'>o</span> <span class='ocrx_word' id='word_1_210' title='bbox 729 3991 808 4083; x_wconf 85' lang='lat' dir='ltr'>quel</span> <span class='ocrx_word' id='word_1_211' title='bbox 837 3991 886 4061; x_wconf 85' lang='lat' dir='ltr'>do</span> <span class='ocrx_word' id='word_1_212' title='bbox 915 3991 1040 4079; x_wconf 82' lang='lat' dir='ltr'>tucca,</span> <span class='ocrx_word' id='word_1_213' title='bbox 1066 3988 1212 4081; x_wconf 90' lang='lat' dir='ltr'>scilicet,</span> <span class='ocrx_word' id='word_1_214' title='bbox 1243 3988 1495 4084; x_wconf 82' lang='lat' dir='ltr'>Bonagiuntae,</span> <span class='ocrx_word' id='word_1_215' title='bbox 1525 3991 1586 4062; x_wconf 82' lang='lat' dir='ltr'>obe</span> 
     </span>
     <span class='ocr_line' id='line_1_27' title="bbox 412 4101 1585 4200; baseline 0.002 -20"><span class='ocrx_word' id='word_1_216' title='bbox 412 4101 475 4198; x_wconf 77' lang='lat' dir='ltr'>pu</span> <span class='ocrx_word' id='word_1_217' title='bbox 496 4129 612 4200; x_wconf 78' lang='lat' dir='ltr'>porca</span> <span class='ocrx_word' id='word_1_218' title='bbox 636 4111 675 4182; x_wconf 82' lang='lat' dir='ltr'>dl</span> <span class='ocrx_word' id='word_1_219' title='bbox 697 4129 751 4182; x_wconf 84' lang='lat' dir='ltr'>mc</span> <span class='ocrx_word' id='word_1_220' title='bbox 775 4127 863 4182; x_wconf 83' lang='lat' dir='ltr'>over</span> <span class='ocrx_word' id='word_1_221' title='bbox 887 4116 1059 4199; x_wconf 73' lang='lat' dir='ltr'>correzzo,</span> <span class='ocrx_word' id='word_1_222' title='bbox 1077 4108 1136 4183; x_wconf 89' lang='lat' dir='ltr'>vel</span> <span class='ocrx_word' id='word_1_223' title='bbox 1153 4107 1357 4182; x_wconf 89' lang='lat' dir='ltr'>secundum</span> <span class='ocrx_word' id='word_1_224' title='bbox 1375 4109 1485 4182; x_wconf 84' lang='lat' dir='ltr'>aliam</span> <span class='ocrx_word' id='word_1_225' title='bbox 1503 4108 1585 4182; x_wconf 84' lang='lat' dir='ltr'>lite-</span> 
     </span>
     <span class='ocr_line' id='line_1_28' title="bbox 417 4227 1672 4322; baseline -0.001 -22"><span class='ocrx_word' id='word_1_226' title='bbox 417 4246 510 4321; x_wconf 81' lang='lat' dir='ltr'>ram,</span> <span class='ocrx_word' id='word_1_227' title='bbox 536 4230 574 4300; x_wconf 84' lang='lat' dir='ltr'>dt</span> <span class='ocrx_word' id='word_1_228' title='bbox 597 4249 651 4301; x_wconf 85' lang='lat' dir='ltr'>me</span> <span class='ocrx_word' id='word_1_229' title='bbox 676 4231 772 4302; x_wconf 85' lang='lat' dir='ltr'>voter</span> <span class='ocrx_word' id='word_1_230' title='bbox 795 4234 976 4319; x_wconf 78' lang='lat' dir='ltr'>couuzza,</span> <span class='ocrx_word' id='word_1_231' title='bbox 1001 4249 1023 4302; x_wconf 84' lang='lat' dir='ltr'><strong>a</strong></span> <span class='ocrx_word' id='word_1_232' title='bbox 1049 4227 1168 4320; x_wconf 88' lang='lat' dir='ltr'>simili,</span> <span class='ocrx_word' id='word_1_233' title='bbox 1185 4247 1282 4301; x_wconf 83' lang='lat' dir='ltr'>come</span> <span class='ocrx_word' id='word_1_234' title='bbox 1297 4231 1340 4322; x_wconf 82' lang='lat' dir='ltr'>sa</span> <span class='ocrx_word' id='word_1_235' title='bbox 1356 4229 1411 4301; x_wconf 83' lang='lat' dir='ltr'>oli</span> <span class='ocrx_word' id='word_1_236' title='bbox 1424 4231 1585 4320; x_wconf 70' lang='lat' dir='ltr'>ouordo,</span> <span class='ocrx_word' id='word_1_237' title='bbox 1653 4273 1672 4299; x_wconf 37' lang='lat' dir='ltr'>s</span> 
     </span>
     <span class='ocr_line' id='line_1_29' title="bbox 418 4343 1586 4442; baseline 0.001 -23"><span class='ocrx_word' id='word_1_238' title='bbox 418 4345 688 4422; x_wconf 91' lang='lat' dir='ltr'>multitudinem</span> <span class='ocrx_word' id='word_1_239' title='bbox 715 4347 919 4442; x_wconf 90' lang='lat' dir='ltr'>bominum,</span> <span class='ocrx_word' id='word_1_240' title='bbox 944 4351 1046 4440; x_wconf 79' lang='lat' dir='ltr'>epol</span> <span class='ocrx_word' id='word_1_241' title='bbox 1073 4352 1115 4442; x_wconf 84' lang='lat' dir='ltr'>sa</span> <span class='ocrx_word' id='word_1_242' title='bbox 1141 4369 1280 4441; x_wconf 83' lang='lat' dir='ltr'>prezza</span> <span class='ocrx_word' id='word_1_243' title='bbox 1306 4343 1370 4441; x_wconf 67' lang='lat' dir='ltr'>piel</span> <span class='ocrx_word' id='word_1_244' title='bbox 1400 4351 1497 4422; x_wconf 80' lang='lat' dir='ltr'>d&#39;on</span> <span class='ocrx_word' id='word_1_245' title='bbox 1526 4349 1586 4420; x_wconf 81' lang='lat' dir='ltr'>cde</span> 
     </span>
     <span class='ocr_line' id='line_1_30' title="bbox 416 4466 1582 4564; baseline 0.002 -26"><span class='ocrx_word' id='word_1_246' title='bbox 416 4469 450 4539; x_wconf 82' lang='lat' dir='ltr'>a·</span> <span class='ocrx_word' id='word_1_247' title='bbox 463 4469 570 4557; x_wconf 86' lang='lat' dir='ltr'>altro,</span> <span class='ocrx_word' id='word_1_248' title='bbox 595 4485 661 4560; x_wconf 88' lang='lat' dir='ltr'>per</span> <span class='ocrx_word' id='word_1_249' title='bbox 685 4466 795 4563; x_wconf 60' lang='lat' dir='ltr'>signa*</span> <span class='ocrx_word' id='word_1_250' title='bbox 813 4487 898 4561; x_wconf 82' lang='lat' dir='ltr'>quae</span> <span class='ocrx_word' id='word_1_251' title='bbox 923 4467 1019 4543; x_wconf 89' lang='lat' dir='ltr'>ridet</span> <span class='ocrx_word' id='word_1_252' title='bbox 1044 4469 1081 4542; x_wconf 92' lang='lat' dir='ltr'>in</span> <span class='ocrx_word' id='word_1_253' title='bbox 1102 4468 1173 4544; x_wconf 93' lang='lat' dir='ltr'>illo.</span> <span class='ocrx_word' id='word_1_254' title='bbox 1200 4469 1245 4542; x_wconf 84' lang='lat' dir='ltr'>Et</span> <span class='ocrx_word' id='word_1_255' title='bbox 1268 4488 1355 4544; x_wconf 89' lang='lat' dir='ltr'>ecce</span> <span class='ocrx_word' id='word_1_256' title='bbox 1378 4469 1582 4564; x_wconf 89' lang='lat' dir='ltr'>quomodo:</span> 
     </span>
    </p>
   </div>
   <div class='ocr_carea' id='block_1_5' title="bbox 416 4585 1741 4694">
    <p class='ocr_par' dir='ltr' id='par_1_6' title="bbox 416 4585 1741 4694">
     <span class='ocr_line' id='line_1_31' title="bbox 416 4585 1741 4694; baseline 0.002 -37"><span class='ocrx_word' id='word_1_257' title='bbox 416 4587 448 4657; x_wconf 87' lang='lat' dir='ltr'>ci</span> <span class='ocrx_word' id='word_1_258' title='bbox 472 4605 713 4677; x_wconf 79' lang='lat' dir='ltr'>murmurabo,</span> <span class='ocrx_word' id='word_1_259' title='bbox 733 4585 780 4660; x_wconf 89' lang='lat' dir='ltr'>de</span> <span class='ocrx_word' id='word_1_260' title='bbox 805 4588 921 4662; x_wconf 83' lang='lat' dir='ltr'>Dante</span> <span class='ocrx_word' id='word_1_261' title='bbox 946 4587 1137 4685; x_wconf 79' lang='lat' dir='ltr'>intelligas,</span> <span class='ocrx_word' id='word_1_262' title='bbox 1156 4595 1198 4662; x_wconf 91' lang='lat' dir='ltr'>ut</span> <span class='ocrx_word' id='word_1_263' title='bbox 1214 4587 1350 4683; x_wconf 82' lang='lat' dir='ltr'>patebit</span> <span class='ocrx_word' id='word_1_264' title='bbox 1366 4589 1477 4684; x_wconf 85' lang='lat' dir='ltr'>paulo</span> <span class='ocrx_word' id='word_1_265' title='bbox 1493 4593 1587 4684; x_wconf 85' lang='lat' dir='ltr'>post,</span> <span class='ocrx_word' id='word_1_266' title='bbox 1733 4681 1741 4694; x_wconf 93' lang='lat'><strong>.</strong></span> 
     </span>
    </p>
   </div>
   <div class='ocr_carea' id='block_1_6' title="bbox 415 4706 1585 4924">
    <p class='ocr_par' dir='ltr' id='par_1_7' title="bbox 415 4706 1585 4924">
     <span class='ocr_line' id='line_1_32' title="bbox 415 4706 1585 4804; baseline 0.003 -28"><span class='ocrx_word' id='word_1_267' title='bbox 415 4725 531 4777; x_wconf 83' lang='lat' dir='ltr'>cnon</span> <span class='ocrx_word' id='word_1_268' title='bbox 553 4726 595 4778; x_wconf 81' lang='lat' dir='ltr'>oo</span> <span class='ocrx_word' id='word_1_269' title='bbox 624 4707 684 4778; x_wconf 83' lang='lat' dir='ltr'>cire</span> <span class='ocrx_word' id='word_1_270' title='bbox 719 4709 890 4780; x_wconf 80' lang='lat' dir='ltr'>Gentuooo</span> <span class='ocrx_word' id='word_1_271' title='bbox 918 4711 1051 4781; x_wconf 74' lang='lat' dir='ltr'>smdioo</span> <span class='ocrx_word' id='word_1_272' title='bbox 1082 4711 1130 4800; x_wconf 82' lang='lat' dir='ltr'>io,</span> <span class='ocrx_word' id='word_1_273' title='bbox 1156 4706 1258 4803; x_wconf 83' lang='lat' dir='ltr'>idest,</span> <span class='ocrx_word' id='word_1_274' title='bbox 1284 4727 1374 4804; x_wconf 81' lang='lat' dir='ltr'>gens</span> <span class='ocrx_word' id='word_1_275' title='bbox 1405 4707 1585 4800; x_wconf 83' lang='lat' dir='ltr'>obscurn3</span> 
     </span>
     <span class='ocr_line' id='line_1_33' title="bbox 416 4827 1585 4924; baseline 0.003 -25"><span class='ocrx_word' id='word_1_276' title='bbox 416 4847 503 4901; x_wconf 84' lang='lat' dir='ltr'>nam</span> <span class='ocrx_word' id='word_1_277' title='bbox 533 4827 653 4901; x_wconf 84' lang='lat' dir='ltr'>turbae</span> <span class='ocrx_word' id='word_1_278' title='bbox 681 4827 889 4902; x_wconf 83' lang='lat' dir='ltr'>animarum</span> <span class='ocrx_word' id='word_1_279' title='bbox 925 4834 1032 4904; x_wconf 83' lang='lat' dir='ltr'>erunt</span> <span class='ocrx_word' id='word_1_280' title='bbox 1064 4848 1205 4922; x_wconf 88' lang='lat' dir='ltr'>secum,</span> <span class='ocrx_word' id='word_1_281' title='bbox 1238 4835 1280 4903; x_wconf 90' lang='lat' dir='ltr'>ut</span> <span class='ocrx_word' id='word_1_282' title='bbox 1309 4829 1445 4924; x_wconf 76' lang='lat' dir='ltr'>patebit</span> <span class='ocrx_word' id='word_1_283' title='bbox 1478 4828 1585 4922; x_wconf 79' lang='lat' dir='ltr'>inira,</span> 
     </span>
    </p>
   </div>
   <div class='ocr_carea' id='block_1_7' title="bbox 477 5089 814 5155">
    <p class='ocr_par' dir='ltr' id='par_1_8' title="bbox 477 5089 814 5155">
     <span class='ocr_line' id='line_1_34' title="bbox 477 5089 814 5155; baseline 0.006 -13"><span class='ocrx_word' id='word_1_284' title='bbox 477 5089 506 5154; x_wconf 65' lang='lat' dir='ltr'>(s)</span> <span class='ocrx_word' id='word_1_285' title='bbox 522 5091 547 5142; x_wconf 88' lang='lat' dir='ltr'>S.</span> <span class='ocrx_word' id='word_1_286' title='bbox 564 5089 614 5141; x_wconf 77' lang='lat' dir='ltr'>Sed</span> <span class='ocrx_word' id='word_1_287' title='bbox 629 5091 691 5155; x_wconf 85' lang='lat' dir='ltr'>quid</span> <span class='ocrx_word' id='word_1_288' title='bbox 706 5089 814 5144; x_wconf 73' lang='lat' dir='ltr'>fruetus.</span> 
     </span>
    </p>
   </div>
   <div class='ocr_carea' id='block_1_8' title="bbox 0 0 2292 6839">
    <p class='ocr_par' dir='ltr' id='par_1_9' title="bbox 0 0 2292 6839">
     <span class='ocr_line' id='line_1_35' title="bbox 0 0 2292 6839; baseline 0 0"><span class='ocrx_word' id='word_1_289' title='bbox 0 0 2292 6839; x_wconf 95' lang='lat' dir='ltr'> </span> 
     </span>
    </p>
   </div>
  </div>
 </body>
</html>
