4575 6842
717 972 789 1039 226
1080 980 1283 1035 comensem
1308 981 1529 1036 ronsnromr

717 1130 824 1219 mic,
854 1126 999 1221 scilicet,
1034 1125 1304 1221 preteritorum
1332 1127 1528 1221 malorum,
1563 1148 1649 1221 quae
1673 1126 1890 1202 contristant

716 1248 883 1323 animum
911 1246 1147 1339 recordantis
1172 1266 1244 1320 noo
1269 1268 1358 1320 sono
1383 1268 1495 1320 oscor
1520 1252 1650 1340 offerus
1668 1250 1754 1329 dett
1761 1268 1890 1340 mosa,

717 1368 868 1462 seilicet,
902 1368 1064 1461 Lethaeo,
1098 1370 1136 1439 in
1167 1374 1222 1460 tc,·
1252 1366 1358 1462 quasi
1393 1367 1499 1461 dicat,
1544 1367 1708 1441 nondum
1737 1368 1889 1465 gustasti

716 1490 763 1564 de
795 1490 907 1563 fluvio
940 1487 1141 1582 oblivionis,
1179 1488 1226 1561 de
1262 1508 1338 1582 quo
1371 1489 1482 1582 paulo
1521 1494 1602 1583 post
1636 1495 1790 1585 gustare
1826 1490 1891 1563 ha·

720 1609 793 1683 bes.
809 1650 859 1663 -
874 1610 1090 1702 conlacione.
1108 1607 1174 1683 iiic
1196 1614 1303 1701 poeta
1322 1607 1480 1682 ostendit
1504 1627 1613 1682 suam
1637 1607 1888 1683 conirrsionem

719 1752 832 1824 quam
858 1729 1004 1804 tandem
1032 1728 1115 1803 iecit
1140 1749 1226 1802 cnm
1245 1728 1459 1803 difficultate
1478 1735 1516 1803 et
1534 1728 1733 1823 anxietate,
1747 1728 1888 1803 dicens:

723 1853 928 1944 Constemus
952 1868 1124 1941 cpasro,
1149 1848 1381 1923 verecundie
1406 1854 1443 1923 et
1468 1869 1599 1942 poenae,
1615 1852 1755 1921 metente
1777 1852 1887 1942 mole,

566 2034 572 2049 .
721 1970 875 2045 invicem
901 1968 1058 2063 sociate,
1084 1972 1133 2042 mi
1155 1972 1297 2061 pinsere
1321 1990 1371 2042 on
1395 1971 1446 2041 tot
1468 1961 1511 2059 si,
1532 1968 1634 2063 idest,
1656 1976 1733 2043 tam
1758 1969 1889 2065 debite,

716 2094 802 2183 soor
819 2092 910 2163 deda
927 2090 1046 2179 docco,
1064 2092 1102 2163 ot
1117 2093 1203 2181 quat
1215 2092 1374 2162 intmdcr
1386 2092 1450 2183 sor
1465 2090 1602 2161 mettim
1617 2091 1651 2161 tc
1669 2092 1765 2179 oete,
1783 2090 1887 2182 quasi

718 2208 832 2282 dicat:
859 2209 957 2302 quod
983 2209 1079 2283 oculi
1105 2208 1279 2283 Beatricis
1299 2208 1451 2283 iderunt
1467 2208 1661 2283 necessarii
1686 2208 1733 2282 ad
1757 2208 1890 2285 intelli·

635 2332 639 2339 '
719 2328 902 2425 gendum3
929 2328 1035 2422 sicut,
1054 2336 1095 2402 ut
1115 2328 1246 2403 faciam
1273 2329 1585 2424 comparationem
1612 2330 1810 2424 propriam,
1835 2331 1892 2405 ri·

657 2460 661 2467 “
718 2450 849 2525 demus
865 2470 963 2545 saepe
979 2450 1025 2525 de
1042 2450 1149 2542 iacto,
1163 2450 1261 2543 qnod
1280 2450 1384 2546 virgo
1401 2450 1538 2524 novitia
1556 2458 1724 2545 tempore
1739 2471 1891 2545 sponsa·

719 2570 853 2644 tiorum
880 2570 1104 2665 interrogata
1124 2575 1251 2642 uirum
1278 2570 1365 2643 vetit
1391 2571 1501 2643 talem
1524 2570 1559 2643 in
1577 2570 1721 2664 virum3
1739 2570 1891 2645 contusa

720 2690 853 2764 timore
877 2696 914 2765 et
940 2690 1091 2786 pudore,
1121 2689 1316 2785 respondet
1340 2690 1390 2763 ita
1416 2694 1493 2764 tam
1518 2690 1636 2784 plane,
1663 2690 1761 2784 quod
1790 2692 1890 2765 auris

722 2832 796 2885 non
822 2818 942 2907 posset
963 2811 1130 2906 judicare
1156 2810 1202 2885 de
1227 2810 1473 2884 affirmatione
1493 2810 1585 2903 eius,
1602 2810 1669 2883 nisi
1685 2810 1816 2884 oculus
1836 2811 1892 2883 ri·

721 2930 826 3005 deret
852 2938 983 3005 nutum
1002 2931 1097 3005 iilius
1118 2930 1377 3024 respondentis.
1399 2930 1444 3003 Et
1460 2929 1622 3005 desierat
1636 2930 1747 3003 istum
1765 2937 1889 3005 actum

721 3051 887 3126 debiliter
908 3051 1090 3146 loquentis
1109 3071 1174 3145 per
1191 3051 1357 3145 pulcram
1376 3050 1688 3145 comparationem
1707 3052 1891 3149 sagiptan·

721 3172 778 3266 tis,
796 3194 880 3266 quae
899 3172 946 3246 de
967 3192 1007 3246 se
1024 3178 1133 3267 patet,
1151 3171 1293 3246 dicens:
1313 3164 1343 3244 si
1362 3174 1516 3264 soopptc’
1528 3174 1564 3244 to
1580 3179 1669 3245 sotto
1688 3193 1765 3245 esso
1780 3194 1892 3264 prooc

721 3314 840 3383 coreo,
865 3292 968 3386 idest,
995 3292 1156 3387 pondere
1184 3291 1406 3366 contusionis
1430 3298 1468 3365 et
1492 3291 1644 3385 timoris,
1666 3295 1766 3386 fuori
1787 3314 1893 3383 spor·

720 3414 854 3504 pondo,
875 3413 977 3506 idest,
999 3432 1045 3487 ex
1071 3419 1224 3508 gutture
1243 3412 1453 3507 emittendo,
1472 3416 1622 3503 inprime
1645 3435 1665 3485 e
1687 3417 1828 3506 sospes,
1854 3421 1892 3489 et

722 3534 773 3608 sic
799 3534 881 3609 vide
907 3534 1004 3627 quod
1022 3532 1246 3607 satisfactum
1268 3543 1324 3608 cst
1338 3533 1489 3627 justitiae
1507 3540 1617 3627 prout
1633 3532 1778 3608 Beatrix
1796 3552 1893 3627 prae-

722 3649 915 3747 dixeratd)
942 3655 979 3727 in
1005 3654 1077 3728 tine
1103 3652 1340 3759 precedentis
1365 3653 1534 3747 capituii;
1555 3674 1574 3727 e
1597 3656 1635 3726 ta
1660 3674 1742 3727 voce
1765 3648 1894 3731 atomo

719 3796 785 3867 per
810 3777 844 3847 lo
868 3794 932 3847 suo
966 3795 1089 3864 vareo,
1119 3773 1222 3866 idest,
1252 3772 1408 3847 transitu
1423 3764 1459 3864 (²)
1493 3792 1560 3867 per
1592 3772 1755 3849 medium
1785 3776 1893 3868 aeris,

722 3914 817 3967 come
841 3894 993 3966 patemo
1015 3898 1147 3988 froope
1171 3897 1208 3968 to
1233 3896 1346 3966 corda
1370 3915 1390 3966 e
1414 3895 1536 3966 torco
1567 3896 1616 3966 da
1648 3900 1777 3987 troppo
1808 3902 1893 3986 resa,

724 4015 808 4109 quia
835 4014 932 4089 stetit
958 4006 1108 4109 priusi³i
1135 4021 1249 4107 tensa,
1275 4016 1418 4107 quoodo
1441 4034 1586 4107 scocca,·
1606 4035 1626 4085 e
1645 4034 1741 4087 oomc
1766 4017 1889 4107 tosto,

724 4135 826 4229 idest,
852 4134 1001 4231 sagipta,
1028 4142 1126 4208 tocco
1154 4139 1183 4208 it
1209 4155 1317 4225 scyno
1342 4154 1407 4207 oon
1433 4153 1511 4207 men
1532 4138 1632 4228 sepa.
1663 4135 1707 4207 Et
1731 4133 1783 4209 sic
1811 4134 1893 4209 vide

724 4254 821 4349 quod
848 4255 1072 4349 comparatio
1098 4261 1154 4329 est
1178 4256 1343 4349 propria,
1369 4275 1456 4329 nam
1483 4255 1640 4328 verbum
1672 4263 1773 4331 recte
1801 4255 1893 4329 assi-

726 4375 874 4448 milatur
899 4374 1059 4471 sagiptae,
1085 4376 1172 4469 quia
1198 4375 1297 4448 volat
1323 4374 1619 4450 irrevocabiliter.
1642 4374 1743 4450 Sicut
1765 4383 1892 4451 autem

724 4494 864 4590 sagipta
889 4495 987 4570 lente
1012 4495 1109 4569 volat
1135 4516 1221 4569 cum
1248 4494 1430 4591 frangitur
1446 4515 1557 4569 arcus
1577 4494 1615 4568 in
1633 4494 1838 4590 emissione,
1856 4502 1894 4571 et

723 4613 888 4689 debiliter
914 4616 1013 4689 venit
1039 4637 1113 4709 quo
1139 4615 1270 4705 tendit3
1289 4615 1338 4689 ita
1356 4635 1455 4690 nnnc
1472 4600 1628 4690 verbum
1647 4619 1764 4711 poete
1782 4616 1894 4691 emis·

724 4754 805 4807 sum
831 4755 854 4808 a
879 4735 994 4809 tracto
1019 4755 1086 4809 ore
1110 4734 1277 4809 debiliter
1300 4742 1339 4808 ct
1364 4734 1467 4809 tarde
1492 4734 1659 4830 pervenit
1676 4735 1723 4809 ad
1740 4736 1895 4811 andien-

725 4860 778 4928 tes
817 4860 1060 4949 expectantes.
1075 4894 1124 4907 -
1141 4856 1322 4928 Ond'cdo.
1356 4853 1422 4928 Hic
1459 4860 1568 4949 poeta
1606 4856 1707 4949 ponit
1738 4855 1895 4949 qualiter

788 5113 1086 5177 t'JE.eti⁷,dixerat.
1180 5114 1416 5178 eisstnnsitom.
1510 5114 1851 5179 0¹1⁷,prtmdiutoosn
