4575 6842
726 931 796 998 352
1116 941 1321 998 conserent
1345 943 1517 997 rnnnnrsr

721 1089 805 1164 solis
831 1089 871 1163 iit
901 1109 966 1184 per
998 1088 1310 1184 interpositionem
1342 1091 1440 1164 tnnae
1471 1089 1567 1165 inter
1598 1111 1666 1165 nos
1695 1097 1733 1165 et
1763 1092 1899 1183 soiem3
1988 1083 1992 1089 ’

721 1209 820 1284 unde
854 1210 950 1304 dicit,
979 1231 1047 1303 per
1078 1217 1265 1303 tresporer
1297 1214 1332 1284 to
1360 1214 1460 1304 tome,
1487 1211 1634 1304 scilicet,
1661 1211 1773 1306 ipsius
1802 1211 1899 1306 sotis,

624 1347 626 1355 ’
720 1351 817 1403 come
841 1333 986 1422 inperio,
1014 1328 1116 1422 idest,
1147 1337 1323 1424 tanquam
1358 1330 1577 1423 immissum,
1609 1334 1647 1404 in
1676 1334 1900 1422 cinerato,

723 1449 871 1543 scilicet,
896 1450 1005 1545 tunae,
1032 1449 1126 1523 sicut
1152 1448 1279 1524 lumen
1303 1456 1472 1544 penetrat
1491 1470 1559 1546 per
1574 1471 1737 1545 pennum
1755 1472 1896 1525 rernm.

722 1571 765 1644 Et
790 1569 974 1646 concludit
1000 1570 1121 1664 quoad
1148 1569 1306 1665 primam
1333 1577 1489 1665 partem,
1506 1578 1545 1646 et
1570 1571 1748 1666 promittit
1766 1570 1898 1645 seim·

723 1697 977 1788 pugnatorum
994 1690 1149 1764 alteram
1166 1696 1311 1786 partem
1328 1690 1523 1786 divisionis,
1536 1691 1679 1767 dicens:
1696 1700 1814 1784 questo
1826 1711 1912 1766 non

723 1807 754 1903 d,
772 1811 919 1903 scilicet,
933 1808 1032 1903 quod
1048 1810 1176 1884 lumen
1192 1810 1277 1884 solis
1294 1831 1367 1884 non
1386 1819 1552 1907 penetret
1569 1833 1635 1907 per
1654 1833 1780 1887 rarum
1799 1812 1896 1886 tunae

722 1929 768 2004 ad
795 1951 871 2023 nos,
898 1930 986 2023 qnia
1012 1929 1081 2004 hoc
1099 1929 1309 2005 videremus
1332 1931 1380 2005 ad
1404 1951 1553 2006 sensum
1572 1932 1720 2027 qnando
1746 1932 1785 2005 tit
1800 1932 1896 2006 -ecti-

722 2049 794 2145 psis
818 2049 923 2143 solis;
949 2055 986 2124 et
1011 2049 1103 2143 ideo,
1130 2052 1166 2122 lo
1200 2059 1423 2143 conparere,
1449 2051 1553 2147 idest,
1583 2059 1647 2126 tun
1679 2053 1812 2148 opinio,
1843 2054 1896 2144 fio

719 2173 905 2264 falsificam
921 2171 1024 2260 s’cpli
1042 2173 1168 2242 conten
1180 2172 1276 2243 ci'io
1289 2174 1382 2244 cossi
1392 2173 1415 2244 t’
1428 2174 1534 2263 cide,
1552 2171 1654 2267 idest,
1668 2172 1697 2246 si
1710 2173 1896 2268 contingat

721 2311 783 2366 me
808 2289 1019 2385 improbare
1044 2291 1200 2365 alteram
1232 2297 1373 2386 partem
1405 2291 1599 2386 divisionis,
1625 2293 1770 2386 scilicet,
1797 2292 1896 2385 quod

722 2433 851 2486 rarum
882 2431 954 2484 non
989 2410 1160 2506 pertingit
1193 2411 1260 2484 nisi
1296 2432 1415 2505 usque
1446 2413 1492 2486 ad
1523 2419 1667 2488 certum
1695 2414 1893 2488 terminum

721 2536 830 2608 lunae.
848 2572 897 2586 -
914 2536 967 2606 Se.
1003 2531 1069 2605 Hic
1097 2531 1244 2605 Beatrir
1278 2539 1435 2608 conatur
1468 2533 1663 2608 destruere
1694 2533 1893 2608 secundam

721 2661 867 2748 partem
894 2652 1076 2726 divisionis
1096 2652 1204 2747 juxta
1230 2652 1463 2748 promissum,
1492 2653 1628 2748 dicens,
1654 2655 1809 2750 quodsi
1835 2676 1896 2731 ra·

723 2794 807 2847 rum
835 2773 872 2846 in
897 2773 985 2848 luna
1011 2772 1183 2870 pertingit
1202 2773 1321 2847 solnm
1349 2795 1470 2868 usqne
1494 2773 1541 2849 ed
1565 2782 1707 2871 portem
1729 2775 1892 2869 densam,

721 2904 810 2971 tnnc
835 2896 925 2970 radii
950 2895 1034 2970 solis
1061 2895 1320 2990 refrangentur
1344 2903 1382 2970 et
1410 2895 1749 2991 multiplicabuntur
1778 2897 1839 2989 ibi,
1857 2902 1895 2970 ct

720 3037 787 3113 per
812 3035 1040 3109 consequens
1065 3015 1175 3089 etiam
1207 3035 1292 3110 pars
1323 3035 1406 3088 rara
1437 3016 1535 3089 tunae
1570 3016 1752 3090 videbitur
1786 3015 1895 3089 tumi-

722 3158 823 3229 noso,
840 3135 924 3210 licet
948 3157 1023 3209 non
1047 3135 1084 3209 in
1112 3140 1242 3228 totum,
1268 3140 1305 3209 et
1330 3155 1404 3208 non
1429 3134 1612 3210 videbitur
1636 3135 1813 3210 nubilosa.
1835 3133 1895 3208 Di-

721 3258 770 3333 cit
794 3277 902 3353 ergo:
928 3258 1031 3346 s'epti
1055 3251 1154 3330 e‘cte
1170 3262 1287 3347 questo
1302 3275 1393 3327 roro
1410 3258 1670 3348 non-tropaei,
1692 3266 1791 3350 tnnc,
1812 3275 1914 3328 con·-

722 3381 818 3452 otene
834 3398 928 3451 esser
942 3399 989 3450 uo
1003 3379 1161 3467 termine,
1173 3375 1276 3470 idest,
1290 3395 1365 3448 una
1380 3395 1464 3469 pars
1476 3375 1599 3469 densa,
1613 3379 1662 3450 do
1674 3379 1777 3467 ende,
1790 3376 1892 3469 idest,

719 3520 743 3574 a
769 3520 843 3593 quo
870 3497 1027 3572 termino
1052 3497 1248 3590 densitatis,
1266 3517 1339 3569 nort
1355 3499 1441 3570 lassi
1451 3491 1515 3588 piri
1531 3518 1664 3589 passer
1680 3499 1715 3570 to
1730 3519 1794 3570 suo
1810 3517 1895 3570 oon·

721 3623 847 3711 torio,
866 3618 1011 3713 scilicet,
1031 3638 1181 3712 rarum3
1198 3624 1231 3690 et
1247 3620 1335 3709 indi,
1351 3616 1453 3712 idest,
1467 3617 1579 3692 initio
1598 3617 1757 3693 termino
1771 3616 1894 3709 denso,

721 3742 863 3813 tottrvt
886 3743 1028 3830 roppio,
1055 3737 1189 3812 scilicet
1215 3737 1311 3831 sotis,
1335 3741 1368 3810 st
1390 3740 1543 3831 visendo,
1567 3737 1669 3830 idest,
1696 3737 1895 3811 reflectitur

720 3861 781 3952 ibi,
807 3868 844 3935 et
870 3881 934 3955 per
959 3879 1188 3952 consequens
1213 3859 1356 3933 luceret
1375 3858 1507 3952 inipso
1526 3879 1611 3933 raro
1632 3858 1669 3931 in
1689 3857 1892 3952 superficie.

721 3982 764 4054 Et
780 3980 940 4054 declarat
966 3980 1034 4054 hoc
1060 3999 1127 4073 per
1152 3978 1271 4053 simile
1296 3977 1333 4051 in
1358 3979 1520 4073 speculo,
1536 3978 1680 4053 dicens:
1706 3971 1779 4050 cosi
1798 3998 1895 4050 come

720 4106 819 4176 color
854 4108 960 4174 torno
983 4123 1052 4192 per
1084 4106 1195 4189 vetro,
1220 4098 1366 4192 scilicet,
1392 4098 1429 4172 in
1460 4101 1621 4194 speculo,
1652 4103 1686 4172 to
1715 4101 1800 4191 pont
1824 4119 1913 4172 nov

719 4225 848 4297 scendo
868 4221 1009 4316 piomdo
1035 4223 1170 4294 diretro
1187 4241 1212 4292 a
1231 4243 1288 4292 se:
1310 4241 1395 4294 narn
1413 4221 1603 4316 specuium
1622 4219 1663 4292 fit
1679 4239 1726 4294 ex
1743 4219 1894 4314 plumbo

719 4351 757 4420 et
782 4344 877 4418 vitro
902 4343 1069 4438 applicito
1090 4341 1156 4416 sibi
1174 4362 1261 4415 enm
1280 4361 1353 4415 una
1371 4347 1472 4415 certo
1490 4340 1726 4417 coniectione.
1745 4339 1816 4416 Sed
1835 4341 1893 4416 hic

576 4494 579 4500 ·
720 4469 775 4539 est
800 4464 894 4538 bene
921 4460 1125 4538 notandum·
1142 4460 1241 4556 qnod
1259 4460 1326 4534 ista
1347 4481 1432 4555 pars
1449 4481 1562 4554 quam
1580 4461 1639 4535 hic
1655 4460 1802 4535 Beatrir
1821 4459 1893 4533 im-

719 4585 878 4680 probare
902 4582 1047 4657 videtur
1072 4587 1126 4656 est
1151 4601 1252 4674 vera,
1273 4580 1419 4674 scilicet,
1441 4580 1541 4674 quod
1559 4599 1686 4658 rerum
1705 4586 1759 4656 est
1781 4600 1892 4655 causa

700 4705 875 4779 maculae
886 4694 935 4796 (¹),
954 4708 995 4776 ut
1012 4707 1201 4776 ostensum
1220 4699 1288 4774 tuit
1303 4721 1426 4794 supra.
1443 4700 1537 4775 Nam
1551 4721 1678 4775 rarum
1697 4721 1772 4774 non
1791 4707 1892 4773 tran·

721 4824 766 4899 sit
791 4830 904 4898 totam
923 4820 1207 4918 profunditatem
1224 4820 1333 4914 innae,
1352 4820 1428 4895 imo
1445 4821 1564 4894 solnm
1583 4819 1753 4916 pertingit
1773 4841 1893 4914 usque

783 5081 810 5146 (ί)
826 5085 858 5134 E.
874 5084 984 5135 maculae
1000 5085 1025 5134 in
1042 5083 1112 5144 luno,
1130 5088 1159 5134 nt
1176 5088 1317 5134 ostensum.
