4575 6842
723 954 794 1021 486
1115 966 1320 1022 counnruu
1345 966 1511 1021 rnnnnrsr

719 1118 867 1188 ventem
893 1111 1023 1209 ipsam,
1049 1111 1112 1187 sed
1137 1112 1315 1186 catholice
1344 1110 1445 1209 ponit
1478 1130 1596 1189 unum
1629 1112 1797 1191 ordinem
1828 1135 1897 1190 an·

717 1233 911 1330 pelorum3
941 1232 1023 1307 ideo
1056 1232 1197 1307 subdit:
1230 1254 1249 1307 e
1280 1252 1353 1305 rem
1386 1224 1417 1305 sl
1448 1233 1530 1325 pion
1559 1235 1718 1325 d'omor,
1753 1234 1897 1310 meliori

719 1374 832 1449 quam
860 1361 900 1427 tu
926 1360 964 1430 et
989 1346 1107 1446 nost)
1134 1353 1172 1427 in
1200 1353 1349 1448 mundo,
1379 1355 1451 1444 olle,
1474 1374 1542 1446 per
1562 1353 1723 1447 mmcd,
1749 1374 1823 1429 noa
1844 1358 1897 1447 aa

716 1496 794 1549 osea
820 1477 917 1550 dolce
941 1496 989 1548 aa
1000 1496 1093 1568 poco
1117 1477 1157 1549 a·
1180 1477 1301 1568 poete,
1318 1474 1423 1570 quasi
1443 1474 1560 1549 dicat:
1582 1475 1612 1549 si
1635 1496 1766 1571 parum
1790 1477 1896 1573 quie-

716 1594 855 1670 scimus
879 1616 903 1669 a
929 1602 1033 1670 motu
1058 1601 1095 1670 et
1120 1601 1244 1687 cantu,
1273 1600 1314 1669 ut
1339 1595 1538 1687 loquamur
1563 1600 1700 1690 tecuna
1725 1616 1798 1671 non
1823 1598 1894 1673 erit

717 1715 823 1790 nohls
848 1716 969 1789 minus
994 1716 1102 1790 dulce
1127 1735 1240 1810 quam
1268 1714 1410 1789 moveri
1436 1724 1474 1790 et
1499 1722 1649 1792 cantare
1674 1718 1829 1793 dulciter
1850 1728 1893 1793 ut

716 1836 831 1932 prosit
855 1836 918 1910 tibi
945 1843 983 1911 et
1006 1835 1086 1910 aliis
1100 1826 1150 1927 (¹).
1165 1876 1214 1889 -
1229 1838 1364 1909 Posoto.
1391 1835 1457 1910 llic
1481 1841 1591 1912 autor
1616 1839 1771 1913 ostendit
1796 1860 1891 1935 quo·

717 1956 826 2031 modo
851 1956 898 2031 de
921 1956 1065 2031 licentia
1096 1954 1270 2031 Beatricis
1300 1955 1384 2031 lecit
1399 1949 1437 2049 (³)
1468 1977 1575 2031 suam
1609 1958 1818 2053 petitionem
1845 1960 1891 2033 ad

716 2075 903 2170 Carolum,
932 2075 1074 2151 dicens:
1100 2077 1228 2149 Poscia
1252 2076 1313 2148 cte
1342 2078 1393 2166 pli
1421 2078 1518 2151 oceli
1550 2080 1629 2151 ndei
1657 2081 1689 2150 si
1717 2080 1804 2173 sero
1836 2084 1892 2174 of-

711 2200 795 2291 ferti
809 2198 994 2290 reverenti,
1015 2196 1120 2290 quasi
1135 2186 1172 2288 (⁴)
1194 2203 1409 2271 reverenter
1426 2202 1464 2271 et
1481 2196 1590 2273 tacite
1615 2205 1791 2293 petentes,
1818 2204 1892 2274 olto

715 2320 788 2390 mio
812 2322 964 2411 Donao;
994 2317 1147 2392 sienim
1181 2316 1316 2391 Dentes
1350 2316 1387 2391 in
1418 2317 1497 2392 aliis
1528 2317 1674 2392 duobus
1704 2320 1888 2415 operibus,

715 2458 906 2532 nunquam
927 2436 1069 2511 dicebat
1095 2437 1153 2511 vel
1180 2436 1333 2512 faciebat
1350 2436 1485 2532 aliquid
1504 2437 1583 2513 sine
1603 2439 1752 2513 oonsilio
1773 2439 1891 2515 scien-

716 2556 775 2632 tiae
801 2555 978 2632 naturalis
1008 2577 1092 2652 quae
1125 2556 1308 2654 liguratur
1342 2556 1379 2630 in
1409 2556 1569 2654 Virgilio,
1600 2566 1739 2652 quanto
1774 2560 1890 2656 magis

716 2696 817 2771 nunc
841 2696 929 2751 cum
954 2696 1135 2751 consensu
1150 2668 1188 2767 (⁵)
1215 2697 1330 2751 sacrae
1355 2675 1515 2787 scientie
1539 2678 1577 2751 in
1603 2677 1671 2753 isto
1696 2698 1892 2773 operosa-

714 2801 810 2872 crol
834 2802 867 2870 et
890 2815 981 2891 esso,
1010 2796 1158 2890 scilicet,
1175 2796 1321 2871 domina
1348 2796 1518 2893 gratiosa,
1534 2798 1587 2889 pli
1605 2818 1695 2871 oceo
1709 2801 1792 2893 sotto·
1806 2819 1889 2871 ooo-

715 2920 797 2992 tend
821 2939 840 2990 e
864 2922 949 2991 certi
972 2919 1083 3009 dise,
1108 2918 1245 2992 scilicet
1262 2917 1491 2992 conniventia
1511 2919 1706 2993 oculorum
1733 2940 1887 2994 suorum

713 3037 1009 3133 plenissimorum
1036 3058 1178 3132 amore,
1203 3041 1395 3130 rinolsersi
1418 3037 1465 3112 illi
1490 3039 1587 3114 oculi
1606 3040 1690 3133 mei,
1709 3043 1784 3115 olla
1801 3044 1888 3131 lnce,

714 3157 817 3252 idest,
841 3158 889 3231 ad
914 3158 1099 3232 lucentem
1125 3158 1287 3232 animam
1314 3156 1446 3252 Caroli,
1463 3161 1523 3231 cle
1545 3165 1641 3233 toalo
1657 3162 1786 3233 s'ooea
1799 3182 1889 3253 pro-

714 3298 841 3368 messo,
866 3277 951 3372 quia
977 3278 1102 3374 gratis,
1130 3298 1202 3351 non
1230 3276 1417 3373 requisita,
1449 3299 1522 3353 non
1549 3285 1676 3376 rogata
1703 3280 1889 3355 obtulerat

713 3416 754 3471 se
778 3395 845 3470 sibi
872 3404 948 3472 tarn
974 3397 1193 3490 liberaliter3
1206 3396 1231 3469 ‘c
1255 3401 1292 3469 lc
1317 3418 1400 3471 noce
1418 3400 1489 3471 mio
1504 3402 1677 3492 impresso
1696 3402 1734 3481 di
1748 3405 1888 3493 pronde

711 3522 843 3610 effeto,
868 3517 970 3611 idest,
997 3518 1193 3592 informata
1212 3538 1345 3615 magna
1363 3518 1557 3595 allectione
1574 3520 1699 3596 similis
1721 3523 1800 3597 voci
1818 3524 1888 3598 Ca-

711 3637 792 3732 roli,
814 3642 887 3731 fise,
913 3638 1017 3733 idest,
1042 3638 1110 3712 luit
1135 3638 1227 3732 talio,
1246 3640 1332 3711 dcl!
1348 3641 1404 3713 cti
1423 3642 1516 3731 dete,
1537 3641 1641 3736 quasi
1659 3642 1775 3717 dicat:
1797 3664 1885 3739 sup-

710 3755 851 3852 pliciter
871 3757 981 3853 petivi
999 3777 1086 3832 cum
1105 3756 1313 3833 reverentia
1332 3779 1477 3857 magna,
1496 3780 1587 3857 rogo
1606 3782 1670 3836 vos
1687 3762 1884 3859 dignemini

709 3877 833 3952 dicere
851 3876 938 3951 milri
955 3877 1038 3971 quis
1060 3878 1170 3953 estist
1194 3878 1282 3953 deli!
1306 3878 1404 3951 enirn
1429 3886 1485 3953 est
1502 3900 1574 3955 vox
1593 3880 1819 3975 deprecantis
1833 3874 1884 3975 (⁶),

710 4006 748 4075 et
778 3999 940 4093 loquitur
974 3999 1010 4072 iu
1042 4000 1175 4095 plurali
1209 3998 1255 4076 ad
1294 3999 1474 4076 maiorem
1509 4004 1765 4078 reverentiam.
1783 4008 1886 4077 -Ε

708 4129 851 4213 quomo.
878 4119 943 4194 llic
968 4127 1076 4214 poeta
1105 4119 1205 4214 pooit
1237 4120 1511 4216 responsionem
1546 4120 1665 4196 Caroli
1696 4122 1742 4197 ad
1777 4144 1883 4197 suam

709 4240 942 4335 petitionem3
969 4246 1006 4313 et
1031 4239 1126 4332 dicit,
1154 4240 1252 4333 quod
1273 4240 1331 4313 illa
1350 4239 1474 4314 anima
1492 4240 1586 4316 lacta
1605 4242 1723 4316 maior
1749 4250 1786 4317 et
1803 4244 1885 4337 pul-

709 4359 806 4434 crior
832 4380 877 4434 ex
906 4359 1028 4433 verbis
1052 4358 1193 4433 autoris
1214 4360 1399 4454 respondit
1415 4359 1462 4435 de
1482 4368 1581 4436 sorte
1607 4384 1674 4437 sua
1700 4361 1737 4435 in
1763 4364 1883 4457 terris,

709 4480 796 4576 quia
814 4482 908 4557 lacta
920 4470 958 4574 (⁷)
972 4480 1193 4555 videbantur
1208 4480 1425 4575 promittere
1442 4480 1561 4575 ipsum
1581 4482 1707 4556 utilem
1725 4483 1883 4577 mundo;

709 4602 772 4676 sed
798 4601 870 4676 cito
897 4608 1168 4676 revocaverunt
1195 4621 1346 4675 manum
1373 4622 1459 4675 cum
1480 4622 1616 4699 magno
1632 4602 1769 4677 damno
1787 4604 1885 4677 mul-

709 4727 845 4795 torum.
871 4722 1051 4797 construe
1076 4719 1129 4795 sic
1155 4720 1298 4797 literam
1325 4741 1410 4815 quae
1436 4721 1582 4797 videtur
1608 4722 1730 4797 fortis:
1757 4716 1883 4799 ecoe

770 4952 798 5012 (¹)
813 4955 836 5008 t,
853 4964 907 5002 ros.
1000 4950 1030 5015 (¹)
1046 4952 1075 5002 B.
1092 4952 1148 5003 allis
1165 4951 1417 5002 ibidem-Poeclo.
1524 4952 1553 5015 ι’)
1568 4952 1598 5003 Ε.
1615 4966 1631 5003 e
1648 4956 1671 5012 t,
1689 4953 1789 5004 lecerit.

768 5027 796 5088 (⁸)
812 5028 843 5078 ll.
859 5041 875 5077 e
891 5033 915 5088 t,
931 5030 991 5092 quia
1007 5034 1168 5080 reverenter.
1522 5029 1549 5090 υ)
1566 5028 1596 5079 Ε.
1614 5029 1729 5081 consilto,

769 5101 798 5166 (⁰)
814 5103 846 5154 Β·
862 5106 991 5167 procantu
1521 5104 1548 5169 (τ)
1564 5106 1595 5157 n.
1612 5106 1673 5157 rata.
