4575 6842
731 973 803 1038 292
1123 980 1328 1035 couuuruu
1352 980 1519 1034 raaaursr

731 1148 815 1200 mus
841 1125 878 1199 in
902 1124 1196 1200 adolescentibus
1221 1124 1330 1199 clarae
1347 1123 1487 1218 indolis,
1505 1143 1599 1218 quos
1618 1130 1705 1197 ante
1727 1122 1903 1197 virtutem

731 1247 928 1343 perfectam
957 1266 1039 1341 spes
1065 1245 1255 1320 bominum
1273 1239 1310 1338 (¹)
1344 1250 1596 1340 praeconcepta
1621 1243 1668 1317 de
1692 1242 1761 1317 illis
1785 1243 1906 1317 claros

731 1366 825 1442 lacit.
852 1367 988 1441 Veram
1020 1364 1132 1461 igitur
1167 1364 1231 1459 qui
1265 1366 1345 1439 vult
1374 1363 1542 1461 gloriam,
1569 1383 1697 1439 veram
1728 1362 1903 1436 virtutem

732 1493 851 1583 petat3
878 1508 991 1581 quam
1012 1486 1080 1580 'qui
1108 1486 1228 1580 babet,
1247 1485 1334 1561 velit
1358 1484 1458 1579 nolit,
1484 1483 1630 1561 claritas
1655 1484 1758 1557 illum
1781 1482 1905 1577 sequi·

734 1615 804 1680 tur.
832 1607 930 1680 lutra
957 1606 1142 1680 bominem
1170 1604 1268 1680 enirn
1295 1606 1346 1679 sic
1370 1612 1516 1701 oportet
1541 1605 1640 1699 quod
1666 1604 1768 1678 illurn
1797 1603 1905 1679 iaciat

732 1726 953 1823 gloriosum3
982 1747 1066 1800 narn
1091 1725 1205 1799 duces
1229 1733 1267 1801 et
1292 1726 1483 1821 principes,
1509 1724 1709 1820 pbilosopbi
1733 1732 1770 1799 et
1787 1730 1904 1819 poetae

733 1854 786 1924 tot
811 1846 997 1921 laboribus
1023 1845 1205 1919 bellorum
1232 1852 1270 1919 et
1295 1845 1500 1920 studiorum
1526 1843 1727 1942 gloriosum
1750 1844 1818 1918 sibi
1838 1863 1905 1917 uo-

732 1986 819 2040 men
844 1966 965 2040 lacere
991 1974 1228 2041 curaverunt.
1246 1965 1349 2040 Unde
1374 1966 1570 2040 illustrium
1590 1985 1829 2040 romanorum
1849 1964 1906 2037 iu-

731 2086 815 2161 clita
832 2091 935 2181 gesta
955 2085 1119 2159 miranda
1138 2092 1176 2160 et
1196 2106 1262 2180 per
1279 2086 1415 2160 saecula
1440 2084 1691 2181 memoranda,
1708 2085 1905 2179 cupiditate

731 2205 859 2298 laudis,
887 2204 1035 2279 lrouoris
1061 2212 1097 2279 et
1122 2206 1250 2301 gloriae
1270 2206 1364 2281 lacta
1382 2212 1478 2280 suut.
1496 2207 1597 2282 Hane
1614 2205 1713 2281 enirn
1734 2204 1904 2302 gloriam,

733 2332 773 2401 ut
789 2324 874 2399 dicit
895 2323 1133 2420 Augustinus,
1160 2325 1414 2401 ardentissime
1436 2326 1655 2417 dilexerunt,
1673 2346 1741 2421 pro
1761 2326 1831 2401 bac
1849 2324 1906 2400 vi·

730 2465 821 2521 vere
855 2446 1065 2538 voluerunt,
1091 2466 1159 2540 pro
1193 2448 1262 2522 bac
1294 2447 1388 2521 mori
1419 2467 1494 2521 nou
1526 2446 1801 2540 dubitaverunt,
1836 2468 1904 2542 pro

733 2565 842 2640 buius
866 2565 977 2639 unius
1002 2565 1127 2661 magni
1153 2565 1228 2641 vitii
1254 2566 1462 2661 cupiditate,
1480 2572 1614 2641 caetera
1635 2566 1722 2642 vitia
1742 2567 1904 2662 compri-

732 2691 885 2759 mentes.
903 2684 1037 2759 Laudis
1054 2685 1151 2759 euim
1168 2685 1265 2760 avidi
1288 2692 1395 2761 erant
1418 2686 1583 2781 pecuniae
1602 2686 1788 2781 liberales3
1806 2688 1905 2763 unde

732 2806 808 2903 ipse
833 2806 1059 2902 Augustinus
1085 2805 1121 2879 in
1142 2805 1360 2881 decivitate
1375 2807 1439 2881 llei
1461 2808 1571 2903 longo
1591 2807 1759 2883 discursu
1780 2816 1905 2885 osteu-

731 2926 783 3001 dit
806 2925 923 3000 ardua
950 2927 1065 2999 multa
1086 2946 1172 3020 quae
1189 2927 1332 3002 romani
1350 2928 1633 3023 magnanimiter
1653 2929 1820 3003 lecerunt
1837 2948 1905 3024 pro

732 3048 810 3121 sola
836 3053 985 3121 terrena
1007 3046 1124 3141 gloria
1146 3067 1253 3141 rana,
1271 3053 1315 3122 ut
1338 3047 1390 3121 sic
1415 3047 1519 3122 uobis
1535 3048 1726 3145 ingeneret
1737 3040 1774 3140 (²)
1792 3070 1905 3145 appe·

734 3166 839 3239 titum
867 3164 1025 3240 coelestis
1041 3165 1169 3261 gloriae
1188 3186 1296 3241 verae.
1314 3166 1352 3241 Si
1360 3158 1481 3263 'igitur
1497 3168 1614 3264 gloria
1631 3168 1848 3247 brevissimo
1864 3162 1902 3263 (³)

732 3292 842 3361 terrae
859 3285 996 3383 pugillo
1016 3292 1158 3361 arctata
1181 3292 1370 3383 tantopere
1385 3275 1422 3378 (⁴)
1439 3288 1487 3361 ab
1504 3286 1676 3362 omnibus
1697 3288 1905 3383 affectatur,

732 3404 819 3499 quid
836 3406 952 3501 gloria
970 3398 1242 3499 amplissimo(⁵)
1259 3406 1343 3481 coeli
1359 3407 1477 3501 spatio
1492 3406 1653 3500 dilatata,
1675 3430 1787 3502 quam
1806 3430 1905 3485 nunc

729 3524 943 3621 dignissime
968 3533 1075 3621 poeta
1100 3526 1167 3600 sibi
1193 3527 1348 3601 assumit
1374 3549 1441 3623 pro
1467 3528 1621 3603 materia
1642 3529 1906 3627 describenda?

731 3645 808 3742 Ego
829 3666 919 3721 vero
937 3654 1162 3721 exoneratus
1179 3654 1339 3742 utroque
1359 3649 1517 3723 humero
1534 3648 1684 3724 tertium
1703 3670 1796 3745 opus
1813 3672 1905 3727 oue-

732 3788 859 3841 rosum
886 3767 1103 3843 incumbens
1129 3768 1249 3863 capiti,
1274 3769 1448 3865 dignante
1477 3770 1565 3865 Deo,
1599 3770 1707 3845 cuius
1737 3792 1798 3846 res
1826 3772 1905 3870 agi·

731 3894 804 3982 tur,
831 3887 946 3962 libans
971 3894 1008 3962 et
1034 3888 1140 3962 laetus
1165 3890 1365 3983 explanare
1390 3889 1562 3964 conabor.
1583 3889 1655 3964 iste
1687 3910 1779 3986 ergo
1813 3891 1904 3967 liber

730 4008 911 4105 gloriosus
936 4008 1124 4083 distinctus
1150 4008 1188 4083 iu
1213 4009 1359 4083 Xlllllll
1376 4010 1535 4105 capitula
1550 4001 1600 4104 (⁶),
1618 4017 1659 4085 ut
1675 4010 1723 4087 de
1747 4032 1788 4086 se
1804 4019 1904 4107 patet

731 4152 799 4205 sua
824 4128 999 4225 primaria
1023 4128 1212 4224 divisione,
1230 4136 1348 4224 potest
1368 4130 1477 4205 dividi
1503 4131 1540 4205 iu
1565 4131 1658 4207 duas
1682 4140 1806 4227 partes
1823 4154 1904 4208 rua·

729 4272 839 4349 gnas3
866 4250 902 4323 in
932 4270 1093 4344 quarum
1125 4249 1245 4346 prima
1273 4258 1382 4346 poeta
1408 4252 1542 4327 bantus
1566 4252 1737 4328 describit
1761 4260 1902 4349 septem

729 4370 867 4467 species
898 4368 1145 4465 gloriosorum
1179 4370 1374 4466 spirituum
1405 4372 1661 4467 apparentium
1692 4373 1731 4447 iu
1761 4380 1902 4468 septem

729 4491 844 4587 sparis
869 4492 939 4565 sub
964 4490 1102 4565 virtute
1132 4497 1272 4586 septem
1306 4493 1550 4587 planetarum,
1576 4498 1614 4567 et
1641 4493 1904 4588 duratusque

728 4613 775 4689 ad
801 4613 913 4687 lllllll
939 4610 1140 4706 capitulum
1168 4612 1279 4685 buius
1299 4611 1540 4687 Paradisislu
1555 4614 1717 4689 secunda
1733 4612 1904 4689 describit

688 4794 690 4800 .
730 4741 805 4809 tras
831 4733 940 4808 orbes
965 4731 1192 4807 universales
1216 4734 1412 4828 coelorum,
1442 4734 1590 4828 scilicet,
1620 4740 1789 4810 octavam
1821 4755 1904 4831 spe·

730 4875 822 4947 ram,
850 4873 934 4947 quas
959 4851 1092 4927 dicitur
1118 4851 1417 4946 firmamentum
1443 4859 1481 4929 et
1505 4874 1655 4946 nouam,
1672 4875 1757 4947 quae
1779 4855 1903 4949 appel-

794 5038 821 5101 Γ)
838 5043 860 5097 t,
878 5050 935 5101 spes
951 5038 1077 5088 omniurn.
1225 5036 1300 5100 (¹113.
1316 5040 1455 5101 ingereret.
1605 5038 1634 5101 (⁸)
1650 5039 1681 5090 Ε.
1698 5039 1856 5091 maistans.

793 5114 819 5176 (⁸)
836 5114 866 5165 Ε.
884 5119 955 5165 tanto
972 5120 1098 5177 ternpore.
1224 5114 1481 5179 pinumpinum.
1607 5116 1635 5180 ι’)
1650 5117 1681 5168 li.
1696 5118 1824 5180 capim
