4575 6842
834 983 973 1039 cdliws
997 982 1163 1050 Qlllttttls.
1513 972 1582 1038 l11

409 1125 544 1221 stiams,
570 1126 717 1222 quando
746 1126 871 1203 vident
885 1120 922 1218 (¹)
955 1133 1031 1201 tam
1062 1125 1173 1221 impie
1203 1125 1446 1221 blasphemari
1478 1126 1583 1201 Chri-

408 1254 518 1323 stum.
545 1249 590 1322 Et
614 1246 797 1323 concludit
822 1267 871 1322 ne
895 1245 1115 1321 recedamus
1130 1244 1179 1319 ab
1199 1247 1351 1321 ecclesia
1372 1268 1439 1342 per
1455 1248 1583 1323 dome-

408 1369 541 1445 sticum
567 1368 794 1462 exemplum,
819 1367 963 1442 diceusz
988 1369 1151 1460 consuto
1166 1386 1262 1439 como
1277 1370 1457 1458 apostate
1474 1371 1584 1442 lardo

407 1494 435 1564 il
458 1494 539 1565 tutte
562 1491 656 1563 detto
678 1508 745 1561 suo
769 1490 908 1579 madre,
934 1493 972 1562 et
996 1488 1047 1562 ita
1065 1507 1132 1562 ros
1148 1486 1353 1561 doctrinam
1372 1483 1500 1561 matris
1522 1507 1585 1561 ec-

407 1611 546 1703 clesiae3
572 1631 591 1681 e
614 1610 773 1700 complice
797 1628 816 1680 e
840 1609 972 1681 losum
1001 1627 1080 1681 seco
1110 1609 1284 1680 nwdeuoo
1312 1627 1337 1678 o
1369 1627 1433 1681 sao
1460 1610 1585 1700 placer

408 1732 587 1820 combutta,
612 1728 727 1804 etsie
751 1727 909 1803 caditin
934 1748 977 1803 os
1009 1728 1104 1823 lnpi3
1129 1733 1167 1801 et
1198 1727 1249 1801 ita
1279 1746 1345 1801 vos
1374 1727 1586 1823 ignorantes

409 1850 534 1929 caditis
558 1850 597 1923 in
613 1870 655 1923 os
670 1848 815 1943 diaboii,
832 1848 897 1942 qui
913 1848 1012 1942 dioto,
1027 1848 1122 1922 siout
1138 1846 1271 1923 dicitur
1290 1847 1468 1943 fabulose,
1487 1848 1586 1943 quod

410 1973 519 2067 lupus
544 1968 682 2045 invenit
706 1989 847 2065 agnum
871 1969 994 2043 solum
1020 1968 1100 2043 sine
1116 1975 1248 2063 matre,
1266 1975 1305 2044 et
1321 1969 1479 2043 comedit
1497 1988 1586 2043 eum

408 2111 590 2167 excusans
615 2109 657 2165 se
680 2088 768 2182 quia
793 2088 985 2183 oportebat
1009 2108 1148 2183 agnum
1173 2087 1278 2183 mori,
1300 2108 1386 2163 oum
1410 2109 1484 2162 non
1502 2107 1587 2183 pos-

407 2218 464 2287 set
487 2211 615 2285 vivere
648 2209 726 2283 sine
757 2209 863 2303 lactc,
889 2215 931 2282 ut
956 2207 1042 2283 dicit
1063 2209 1276 2283 Aristoteles
1301 2208 1464 2285 secundo
1489 2210 1587 2285 libe·

409 2332 626 2407 lonicorum.

486 2445 564 2526 cosi
588 2435 756 2525 scapton
774 2452 845 2525 lsta
864 2456 919 2525 est
939 2456 1072 2543 quarta
1089 2471 1174 2546 pars
1192 2450 1373 2557 generalis
1387 2442 1438 2545 (²),
1459 2452 1496 2525 in
1513 2472 1588 2546 qua

409 2573 544 2647 nantas
569 2572 742 2648 describit
765 2592 876 2645 suum
901 2581 1097 2646 ascensum
1114 2571 1161 2646 ad
1178 2591 1326 2667 speram
1344 2571 1525 2646 Mercurii.
1543 2572 1587 2645 tlt

409 2692 531 2787 primo
547 2679 765 2765 continuans
780 2690 874 2764 dicta
891 2690 1052 2765 dicendis
1073 2690 1190 2788 tangit
1208 2690 1479 2787 dispositionem
1493 2691 1586 2767 Bea-

412 2810 511 2886 tricis
535 2811 582 2886 ad
609 2831 743 2885 novam
770 2810 976 2904 materiam,
1001 2810 1144 2886 dicens:
1175 2805 1251 2885 Coo*
1283 2815 1442 2885 neoosoe
1466 2834 1491 2885 o
1514 2833 1581 2906 me,

410 2933 551 3027 supple,
575 2932 730 3025 loquuta
754 2937 820 3025 est,
845 2934 980 3005 com't‘o
996 2935 1112 3005 soevo
1122 2958 1138 3026 ,·
1155 2937 1193 3007 et
1209 2932 1457 3007 admonitione
1479 2933 1586 3027 iacta,

408 3054 471 3145 poi
492 3054 526 3124 st
548 3054 678 3125 avooe
701 3059 788 3126 tutto
811 3055 972 3144 dumne,
989 3052 1096 3127 avida
1109 3042 1148 3143 (⁸)
1165 3052 1378 3127 ostendendi
1397 3052 1485 3127 mibi
1501 3054 1586 3147 alia,

409 3192 436 3244 o
460 3173 575 3263 psello
595 3179 712 3265 purte,
737 3171 980 3267 superiorem,
1006 3193 1070 3244 oue
1085 3174 1112 3245 'l
1126 3174 1256 3245 mondo
1275 3168 1369 3263 epit
1393 3176 1485 3264 uuo,
1511 3192 1585 3247 non
1626 3226 1631 3232 -

409 3290 508 3365 dicas
532 3291 580 3366 ad
604 3292 797 3386 orientem,
822 3292 916 3366 sicut
940 3291 1052 3385 aliqui
1083 3291 1181 3365 male
1213 3297 1414 3387 exponunt,
1439 3292 1514 3366 imo
1539 3292 1586 3366 ad

409 3432 557 3507 speram
594 3412 782 3506 Mercurii,
822 3432 909 3507 quoe
949 3418 1005 3487 est
1045 3410 1209 3486 vivacior
1250 3432 1357 3506 spera
1395 3412 1504 3487 lunae.
1543 3412 1586 3485 Et

409 3531 532 3605 subdit
557 3532 745 3626 quomodo
766 3532 842 3627 ipsa
863 3532 1082 3628 disposuerit
1098 3550 1187 3605 euru
1204 3530 1252 3605 ad
1271 3539 1488 3625 sequentem
1507 3552 1587 3607 ma-

411 3651 542 3727 teriam
569 3674 637 3748 per
660 3654 736 3729 duo
760 3653 875 3749 signa,
901 3653 1046 3727 dicens:
1072 3655 1107 3726 lo
1135 3671 1200 3724 ruo
1230 3658 1357 3743 tacere,
1389 3652 1490 3746 quia
1504 3653 1587 3728 iecit

274 3805 278 3811 .
410 3770 523 3847 tinem
556 3773 730 3868 sermoni,
762 3777 829 3847 e'l
852 3780 1030 3847 summor
1061 3772 1261 3861 scmbtuote
1291 3771 1379 3866 quia
1410 3772 1505 3847 iacta
1531 3778 1587 3849 est

410 3893 545 3969 clarior
570 3901 607 3969 et
631 3894 800 3988 alacrior,
823 3914 931 3987 poscr
955 3895 1101 3966 silenzio
1126 3895 1166 3965 al
1189 3894 1258 3966 mlo
1275 3894 1400 3985 cupido
1420 3896 1585 3989 inomao,

411 4014 520 4089 avido
532 4013 712 4108 novitatis,
730 4016 791 4088 cbo
805 4005 866 4105 oid
882 4034 994 4087 nuooe
1011 4015 1281 4105 quaterdenos
1298 4016 1461 4106 duvone,
1482 4012 1587 4107 quasi

411 4133 518 4229 dicat,
545 4134 629 4209 licet
652 4134 724 4210 alia
749 4133 860 4210 dubia
887 4138 1068 4209 restarent
1092 4132 1319 4207 discutienda
1346 4130 1444 4205 circa
1471 4136 1588 4205 mate-

413 4254 505 4330 riam
532 4256 620 4349 roti,
648 4262 773 4331 tamen
798 4256 909 4331 tinem
926 4253 1022 4347 iecit
1044 4252 1132 4347 quia
1152 4252 1244 4327 ordo
1262 4251 1342 4326 libri
1360 4270 1434 4325 non
1451 4250 1588 4345 patitur

412 4374 517 4470 plura
544 4375 687 4472 dicere3
713 4375 796 4451 ideo
821 4375 917 4451 bene
942 4373 1045 4469 tingit
1061 4372 1161 4468 quod
1178 4369 1325 4446 Beatrir
1346 4374 1588 4465 apparaverat

412 4514 500 4570 eum
526 4495 572 4569 ad
597 4495 788 4570 alia-E
808 4489 849 4568 si.
867 4495 932 4569 llic
951 4501 1063 4568 autor
1086 4491 1258 4567 describit
1283 4512 1395 4565 suum
1421 4492 1585 4566 velocem

410 4614 619 4712 ingressum
644 4615 682 4688 in
699 4634 845 4710 speram
862 4613 1034 4689 blercurii
1055 4633 1122 4709 per
1140 4632 1251 4687 unam
1274 4611 1583 4706 comparationem

409 4736 563 4826 claram,
587 4733 730 4809 dicens:
757 4739 790 4806 Ε
810 4726 842 4806 so*
865 4754 962 4805 come
985 4739 1098 4807 saeuo
1122 4734 1182 4804 cite
1206 4735 1264 4807 oct
1278 4752 1387 4823 sepoo
1408 4736 1585 4824 pcrcrwoe,

410 4876 498 4931 com
523 4854 677 4949 impetu,
699 4856 784 4945 prro
807 4855 868 4926 obe
891 4856 946 4926 sia
977 4855 1014 4927 la
1046 4855 1161 4927 cordo
1190 4860 1306 4944 poeto,
1340 4852 1445 4945 quasi
1470 4850 1585 4927 dicat:

474 5043 501 5105 (¹)
517 5042 548 5092 tt.
564 5040 668 5105 quando
684 5041 791 5092 audiunt
808 5045 870 5091 tum.
996 5038 1023 5102 (²)
1039 5040 1071 5090 B.
1087 5040 1215 5104 merulis
1230 5044 1257 5090 et
1273 5039 1373 5099 ultima,
1390 5038 1416 5087 in
1433 5052 1492 5102 qua.

477 5118 504 5183 (¹)
520 5119 551 5170 R
567 5119 642 5180 idest,
659 5118 740 5170 aridu
