4575 6842
843 990 984 1047 canam
1005 990 1153 1047 sunus.
1510 978 1581 1047 tila

406 1158 487 1213 suo.
513 1136 636 1213 Goesar
659 1144 787 1213 autem
813 1136 900 1231 quia
917 1156 985 1211 nec
1002 1135 1233 1230 triumphum
1252 1155 1320 1210 nec
1345 1137 1579 1212 consulatum

407 1262 550 1352 poterat
566 1257 733 1332 obtinere
745 1256 846 1331 venit
857 1257 1072 1331 Ravemam
1090 1254 1269 1329 famosam
1283 1254 1480 1350 civitatem,
1494 1278 1580 1352 quae

408 1384 489 1453 erat
522 1377 560 1452 in
592 1376 751 1453 confinio
775 1376 901 1451 Galliae
931 1375 1115 1471 cisalpinae
1147 1374 1342 1469 provincie
1376 1396 1465 1471 sum,
1492 1396 1580 1454 cum

406 1498 532 1573 animo
556 1497 771 1573 defendendi
797 1497 911 1571 armis
936 1516 1087 1571 causam
1111 1515 1238 1569 suam:
1257 1495 1320 1569 ubi
1336 1496 1462 1571 audito
1479 1499 1578 1592 quod

409 1617 686 1712 tribuniplebis
715 1624 943 1714 protectores
973 1617 1030 1692 sui
1061 1622 1169 1691 erant
1203 1614 1297 1710 pulsi
1332 1634 1379 1691 ex
1405 1618 1511 1713 urbe,
1536 1619 1583 1695 de

408 1746 517 1815 nocte
548 1738 770 1814 clandestine
802 1738 977 1814 recedens
1009 1738 1047 1812 in
1082 1757 1219 1812 aurora
1254 1736 1350 1831 cepit
1374 1737 1581 1813 Ariminum

409 1858 571 1935 evocatis
596 1858 800 1956 legionibus
826 1858 1053 1963 ubicumque
1069 1864 1209 1952 essent3
1227 1864 1265 1932 et
1281 1858 1454 1933 continuo
1473 1865 1583 1933 terrac

407 1978 576 2055 Manubiae
592 1980 839 2074 anconitana,
852 2000 938 2074 qum
954 1986 1044 2054 tunc
1061 1979 1237 2054 Picenum
1257 1978 1471 2073 vocabatur,
1487 1980 1580 2055 laetae

408 2106 616 2195 paruerunt
639 2098 725 2174 sibi:
744 2100 796 2175 sic
814 2099 983 2175 Tusciam
1005 2105 1044 2174 et
1060 2099 1248 2173 Umbriam
1267 2099 1446 2194 quaesivit,
1464 2099 1581 2175 donec

408 2219 555 2294 tandem
581 2218 750 2295 transivit
774 2219 975 2295 Corfinium
1001 2218 1102 2313 quod
1124 2224 1180 2293 est
1198 2224 1297 2293 terra
1315 2219 1424 2316 longe
1449 2239 1471 2292 a
1497 2217 1581 2293 Sul-

407 2358 518 2413 mone
543 2358 609 2433 per
632 2338 825 2415 duodecim
848 2338 1026 2433 milliaria,
1046 2338 1108 2413 ubi
1128 2338 1308 2413 Domitius
1328 2338 1481 2413 inlestus
1502 2338 1582 2414 ce-

262 2528 266 2536 .
406 2458 479 2533 suri
497 2458 661 2553 proditus
676 2479 699 2534 a
716 2459 792 2534 suis
811 2458 944 2555 ligatus
961 2459 1068 2534 datus
1084 2465 1140 2533 est
1157 2457 1311 2552 Coesari3
1330 2479 1442 2553 quom
1461 2458 1583 2534 Caesar

406 2578 514 2653 solvit
538 2584 574 2654 et
595 2578 706 2653 vitam
727 2578 876 2654 donavit
896 2578 1030 2654 invito:
1049 2578 1101 2654 sic
1117 2584 1193 2653 tota
1210 2578 1312 2653 ltalia
1333 2579 1486 2654 cedente
1503 2579 1583 2655 Cae-

409 2696 494 2791 sari,
508 2698 714 2794 Pompeius
729 2698 822 2796 fugit
846 2698 1109 2791 Brundusium,
1126 2699 1190 2773 ubi
1208 2699 1331 2775 Caesn
1351 2707 1505 2775 conatus
1526 2708 1582 2775 est

409 2817 599 2893 includere
615 2817 746 2913 ipsum.
761 2820 832 2895 Sed
848 2819 1046 2913 Pompeius
1062 2819 1147 2895 inde
1163 2820 1290 2913 evasit,
1304 2827 1341 2895 et
1354 2821 1579 2896 liuracbium

409 2936 549 3033 appulit
573 2937 610 3011 in
635 2938 826 3013 Graeciam.
853 2939 974 3014 Gaesar
999 2939 1130 3015 deinde
1155 2941 1312 3016 Romam
1339 2942 1496 3017 renitet
1519 2963 1584 3017 ur·

409 3057 496 3133 bem
521 3058 727 3153 composuit
744 3058 791 3133 ad
811 3058 963 3133 modum
982 3080 1105 3135 suum.
1126 3061 1231 3135 Nunc
1250 3061 1298 3136 ad
1315 3060 1476 3157 literam3
1497 3062 1584 3136 dicit

409 3179 648 3257 iustinianus:
670 3183 756 3269 Quot
771 3182 830 3253 ”te
846 3185 894 3276 se,
914 3181 1059 3277 signum
1077 3173 1115 3274 (¹)
1127 3182 1356 3277 predictum,
1379 3186 1441 3275 poi
1456 3184 1584 3274 cb'eplt

409 3293 482 3377 ascl
505 3303 544 3375 dt
568 3306 763 3395 Rooenno5
787 3301 835 3376 de
859 3303 929 3377 bac
953 3302 1039 3377 dicit
1055 3302 1212 3376 Plinius:
1233 3303 1408 3378 Ravenna
1434 3303 1583 3378 sabino-

411 3442 496 3495 rum
526 3420 712 3517 oppidum.
747 3421 792 3495 llt
824 3420 883 3495 bic
914 3428 1001 3496 nota
1031 3422 1132 3517 quod
1165 3423 1299 3500 Dantes
1330 3429 1507 3516 unquam
1539 3424 1586 3498 de

411 3550 511 3618 terra
536 3542 687 3617 alumna
712 3548 750 3617 et
774 3541 1020 3617 benefactrice
1040 3563 1107 3617 sua
1127 3544 1212 3619 lacit
1237 3544 1461 3641 singularem
1481 3565 1588 3620 men-

412 3662 550 3739 tionem
576 3662 615 3737 iu
639 3661 804 3757 quolibet
828 3662 1018 3737 volumine
1042 3684 1131 3739 suo:
1159 3685 1244 3738 nam
1271 3665 1309 3738 iu
1334 3665 1479 3741 lulerno
1500 3666 1585 3740 iacit

413 3782 630 3861 memoriam
657 3782 704 3857 de
730 3787 875 3858 rectore
899 3782 980 3857 eius
1004 3784 1067 3879 qui
1093 3784 1162 3859 luit
1187 3806 1277 3860 suus
1295 3785 1526 3862 benefactor:
1549 3786 1586 3859 in

412 3902 633 4001 Purgatorio
657 3902 704 3977 de
728 3902 836 3978 claris
861 3903 1005 3977 lamiliis
1030 3911 1067 3979 et
1092 3904 1294 3979 illustribus
1319 3906 1460 3981 civibus
1485 3906 1586 4001 eius3
1643 3956 1646 3963 ·

413 4024 471 4103 bic
496 4044 586 4099 vero
611 4022 649 4097 in
674 4022 743 4098 isto
769 4022 878 4097 nobili
904 4023 1064 4119 capitulo
1088 4024 1135 4098 de
1161 4024 1252 4099 llore
1269 4031 1307 4099 et
1322 4026 1483 4121 potentia
1506 4026 1587 4101 eius

413 4142 562 4238 quarmo
586 4141 709 4217 Caesar
733 4141 782 4217 ibi
808 4163 953 4218 moram
979 4143 1091 4217 traxit
1115 4144 1205 4218 dum
1232 4150 1381 4239 pararet
1412 4144 1586 4219 invadere

414 4282 612 4338 romanum
638 4262 854 4357 imperium;
871 4255 997 4337 esoltd
1013 4266 1040 4336 tl
1055 4264 1210 4337 Rubicon
1216 4290 1232 4359 ;
1250 4262 1417 4338 Rubicon
1439 4268 1495 4339 est
1516 4264 1586 4337 llu-

414 4382 495 4465 vius,
515 4382 693 4478 parvulus
704 4384 954 4459 Romandiolae
972 4404 1086 4479 prope
1103 4384 1291 4460 Gaesenm
1309 4384 1492 4459 civitatem
1511 4385 1586 4458 ier-

412 4502 627 4597 tilissimam,
657 4503 721 4597 qui
752 4503 886 4577 lluvius
915 4510 972 4579 est
1000 4503 1163 4580 famosus
1188 4505 1284 4600 apud
1310 4510 1472 4597 autores,
1498 4502 1585 4597 quia

313 4688 320 4719 2
413 4623 480 4698 luit
504 4623 591 4698 olim
619 4623 799 4698 terminus
819 4624 1104 4718 provinciarum,
1122 4631 1160 4699 et
1176 4624 1263 4719 quia
1280 4624 1402 4699 Caesar
1419 4623 1588 4699 transivit

415 4744 514 4819 bunc
538 4742 735 4818 difficulter
758 4748 909 4839 propter
933 4743 1222 4839 inundationem,
1239 4750 1276 4821 et
1296 4744 1502 4842 prodigium
1533 4743 1589 4817 vi-

414 4885 499 4939 sum
525 4864 572 4939 dc
597 4864 747 4939 bomine
763 4864 866 4958 quasi
887 4863 1010 4938 divino
1026 4865 1196 4959 pulsante
1213 4864 1340 4939 tubum
1360 4864 1588 4959 terribiliter3

482 5124 510 5189 (¹)
526 5126 557 5177 ll.
573 5124 673 5177 scillcet
687 5127 798 5191 rignum
