4575 6842
840 1000 979 1056 caurus
1004 1001 1167 1056 ruamus.
1519 991 1590 1059 eet

416 1146 635 1224 videbantur
660 1145 751 1224 redii
776 1146 873 1241 selis,
899 1153 936 1221 et
966 1145 1143 1220 ruborem
1175 1145 1279 1222 faciei
1309 1148 1467 1224 mixtum
1502 1170 1589 1227 cum

416 1266 596 1361 caudore;
623 1273 661 1342 et
685 1265 860 1360 breviter,
881 1266 1024 1362 singula
1045 1266 1215 1343 membra
1234 1268 1363 1362 pulcra
1384 1269 1486 1345 velut
1507 1291 1592 1344 mu·

415 1387 483 1462 lier
508 1387 545 1461 in
570 1385 729 1481 speculo.
756 1385 893 1460 Deinde
918 1384 1068 1460 abiectis
1100 1386 1264 1460 vestibus
1295 1387 1417 1462 nudus
1442 1388 1592 1464 intravit

416 1527 565 1601 aquam,
592 1507 718 1583 velens
744 1507 947 1602 amplexari
973 1511 1011 1582 et
1034 1506 1194 1582 osculari
1211 1508 1405 1583 umbram:
1423 1509 1488 1584 sed
1504 1510 1594 1584 bra·

417 1627 498 1703 chia
515 1625 613 1701 nuda
639 1627 838 1702 reducebat
863 1627 910 1702 ad
934 1633 1083 1723 pectus3
1106 1634 1144 1702 et
1169 1627 1220 1702 sic
1245 1647 1342 1725 saepe
1365 1629 1502 1705 faciens
1518 1636 1593 1704 sta-

417 1748 481 1824 bat
504 1747 632 1822 illusus
657 1747 735 1823 sine
760 1747 853 1842 cibe,
879 1753 968 1844 potu
994 1753 1031 1824 et
1056 1769 1199 1844 mmno,
1221 1769 1290 1824 nec
1307 1749 1511 1824 satiabatur
1536 1750 1594 1824 ri·

417 1868 506 1944 dere
531 1888 636 1942 suern
668 1867 835 1944 fallacem
865 1867 1036 1963 formam,
1062 1868 1099 1944 et
1130 1869 1431 1963 conquerebatur
1463 1889 1592 1944 secum

418 1986 517 2082 quod
534 2007 603 2064 nec
622 1987 750 2082 maria,
768 2007 837 2064 nec
855 1993 1010 2082 mentes,
1029 2008 1098 2063 nec
1119 1988 1218 2061 muri
1236 1989 1369 2063 clausis
1386 1989 1510 2084 portis,
1527 1989 1593 2066 sed

418 2130 532 2205 parva
557 2130 655 2204 aque
671 2100 721 2201 (¹).
743 2107 903 2184 Tandem
929 2107 1119 2184 Narcissus
1133 2101 1171 2202 (²)
1196 2109 1307 2204 coepit
1332 2111 1465 2186 resolvi
1492 2110 1594 2186 velut

417 2249 502 2305 cera
528 2228 574 2304 ad
602 2227 724 2326 ignem
749 2235 786 2302 et
808 2229 942 2302 bruma
968 2227 1014 2302 ad
1040 2229 1176 2323 sclem;
1203 2235 1241 2305 et
1261 2249 1464 2304 conversus
1481 2235 1538 2305 est
1556 2230 1594 2304 in

417 2349 546 2424 florem
573 2349 629 2422 sui
659 2347 828 2440 nominis,
854 2347 918 2443 qui
949 2355 1004 2423 est
1027 2348 1135 2423 albus
1161 2349 1298 2423 rubens
1325 2348 1363 2423 in
1392 2348 1524 2443 medic,
1551 2355 1595 2423 ut

415 2467 501 2544 dicit
516 2467 665 2544 Ovidius
681 2469 726 2542 lll
742 2468 896 2546 Maioris.
915 2470 991 2544 lloc
1009 2469 1098 2564 vise,
1117 2468 1308 2546 videamus
1325 2469 1487 2546 breviter
1505 2471 1594 2568 quid

417 2589 483 2664 sibi
509 2591 589 2664 vult
614 2590 680 2665 ista
700 2590 860 2686 jucunda
887 2590 1022 2683 fabula,
1041 2597 1078 2666 et
1103 2590 1185 2685 quis
1209 2597 1265 2666 cst
1291 2591 1359 2667 iste
1379 2592 1592 2666 Narcissus:

418 2717 519 2785 certe
544 2717 598 2786 est
618 2711 766 2807 juvenis
787 2730 915 2804 vanus,
932 2732 1049 2807 vagus
1065 2700 1116 2805 (³),
1134 2710 1198 2805 qui
1216 2731 1321 2786 more
1343 2712 1496 2807 pavonis
1512 2714 1593 2810 gle-

418 2829 536 2904 riatur
561 2835 598 2904 et
623 2829 826 2906 delectatur
847 2829 1002 2904 mirabili
1024 2829 1143 2905 ferma
1163 2836 1286 2907 suaet
1311 2831 1378 2906 sibi
1398 2833 1535 2927 placet3
1554 2839 1592 2908 et

279 2971 282 2978 ’
418 2949 470 3026 sic
495 2955 623 3046 captus
639 2970 769 3027 amore
788 2949 845 3024 sui
863 2949 978 3026 credit
995 2949 1120 3026 videre
1140 2950 1178 3024 iu
1194 2970 1235 3026 se
1255 2971 1335 3026 rem
1363 2971 1491 3026 veram
1519 2973 1593 3027 non

419 3069 603 3165 umbram,
630 3091 716 3145 cum
743 3076 866 3146 tamen
894 3071 1013 3164 potius
1034 3089 1056 3145 e
1075 3076 1205 3146 centra
1225 3070 1433 3166 pulcritudo
1458 3092 1592 3168 cerpo-

419 3191 469 3265 ris
493 3190 538 3265 sit
564 3190 698 3265 umbra
723 3210 807 3284 quae
827 3189 989 3264 vanescit
1006 3189 1102 3264 inter
1121 3191 1249 3265 oculos
1266 3190 1432 3286 ipsorum
1451 3192 1592 3267 miran-

417 3311 508 3385 tium
536 3316 573 3386 et
597 3310 845 3386 laudantium:
871 3309 953 3385 ideo
979 3311 1074 3386 bene
1104 3309 1262 3386 vertitur
1293 3310 1331 3384 in
1359 3312 1500 3408 flerem,
1528 3313 1593 3407 qui

417 3432 489 3507 cite
515 3431 707 3506 marcescit
724 3430 770 3505 ad
793 3430 973 3506 modicam
1000 3429 1215 3506 febriculam
1234 3437 1272 3506 et
1289 3451 1441 3525 parvam
1460 3432 1595 3509 adrer-

418 3552 581 3646 sitatem3
608 3556 645 3626 et
669 3551 699 3625 si
726 3551 820 3626 forte
845 3551 954 3626 duret
979 3550 1204 3645 aliquandiu,
1230 3559 1401 3628 senectus
1426 3550 1492 3627 sibi
1519 3573 1594 3628 non

418 3673 543 3769 parcit.
571 3671 673 3748 Sicut
697 3693 788 3769 ergo
814 3671 863 3746 nil
888 3671 1040 3768 gratius,
1067 3671 1116 3746 ita
1143 3671 1193 3745 nil
1217 3671 1368 3747 breuius
1393 3672 1523 3747 forma.
1550 3675 1595 3746 Et

417 3800 518 3870 certe
543 3793 662 3872 omnis
688 3798 787 3870 terre
804 3792 917 3868 babet
934 3812 1021 3866 suns
1037 3791 1234 3887 Narcissus,
1253 3812 1322 3866 nec
1338 3799 1394 3867 est
1410 3792 1472 3866 diu
1494 3792 1593 3888 qued

418 3914 490 3990 vidi
517 3935 636 3989 unum
662 3921 762 3990 recte
786 3913 910 4004 talem,
937 3913 1000 4007 qui
1027 3913 1155 3988 florem
1181 3933 1260 3987 suae
1289 3912 1418 3987 fermae
1448 3913 1594 3988 stultius

419 4041 457 4110 et
481 4034 658 4110 infelicius
683 4033 837 4129 perdidit
868 4053 980 4128 quem
1013 4031 1214 4126 Narcissus,
1239 4032 1374 4107 acerba
1405 4038 1444 4107 et
1467 4033 1593 4107 infami

419 4164 551 4231 morte.
577 4156 683 4230 Nunc
707 4155 755 4229 ad
779 4153 924 4233 literam
950 4152 1035 4227 dicit
1059 4157 1186 4228 autor:
1212 4153 1377 4225 Perclr'eb
1393 4156 1488 4226 corsi
1505 4155 1594 4228 den-

420 4282 476 4349 fru
501 4276 678 4350 all’errcr
703 4277 885 4348 contrario
914 4294 938 4345 a
967 4276 1057 4366 quel,
1086 4271 1233 4366 scilicet,
1259 4272 1391 4366 errori,
1417 4274 1595 4346 cb’accese

420 4414 523 4468 amer
547 4403 606 4468 tra
630 4397 784 4485 fuomo,
809 4393 955 4487 scilicet,
978 4391 1208 4485 Narcissum3
1226 4396 1282 4466 est
1300 4398 1427 4466 antem
1447 4391 1594 4467 Narcis-

420 4535 484 4590 sus
501 4515 566 4589 llos
582 4513 722 4609 pulcer,
738 4513 803 4608 qui
820 4513 931 4588 latine
949 4518 1103 4588 vocatur
1120 4510 1236 4585 lilium
1253 4510 1398 4605 album3
1415 4514 1473 4584 e’l
1483 4517 1595 4606 sonte,

419 4654 532 4729 quem
558 4632 704 4709 vocavit
728 4633 812 4708 alibi
838 4632 1028 4726 speculum
1050 4630 1219 4706 Narcissi.
1233 4631 1423 4740 -Subife
1442 4632 1507 4706 llic
1526 4653 1595 4708 au-

473 4841 540 4906 ,(¹)l
557 4847 597 4894 tre
613 4841 699 4894 codici
719 4842 830 4906 leggono
851 4841 911 4892 tutti
932 4853 1007 4892 come
1025 4841 1050 4890 la
1070 4844 1176 4902 smmum
1193 4839 1223 4890 ι’
1235 4839 1342 4890 Betcnce
1362 4839 1396 4889 ba
1418 4840 1444 4889 in
1463 4841 1593 4904 margines

420 4920 494 4970 «Per
510 4919 655 4970 dlcbiarara
670 4923 762 4983 questo
777 4929 853 4968 senso
868 4929 971 4980 sospem
988 4919 1008 4966 ui
1025 4929 1085 4966 raca
1101 4915 1146 4980 qui
1163 4917 1182 4966 il
1198 4915 1278 4980 luogo
1288 4915 1315 4965 dl
1323 4914 1415 4966 oridia
1425 4928 1440 4965 ι
1450 4916 1495 4966 cui
1510 4916 1530 4966 ll
1545 4930 1596 4967 no-

418 5001 474 5047 nro
493 5001 585 5046 autore
600 5009 726 5046 aroanna:
796 5009 842 5046 nec
857 5008 903 5044 nes
918 5007 990 5045 merc
1005 4999 1108 5058 cepam
1122 4995 1220 5060 iuben,
1232 4994 1283 5045 Nec
1297 4994 1352 5052 cla,
1367 5006 1414 5043 uec
1429 4999 1533 5058 mm,
1549 5009 1595 5046 nec

419 5071 513 5123 dacels
528 5071 623 5121 menia
636 5073 725 5135 portis,
742 5072 849 5136 licinus
862 5069 1025 5134 prohibemur
1041 5083 1140 5134 aqua.»

484 5147 510 5214 (ἢ
527 5149 558 5199 Ε.
574 5148 707 5201 Narcissus
723 5149 777 5214 ipse
793 5149 872 5213 coepll
886 5147 952 5200 rolrf
968 5146 1047 5198 runt.
1175 5145 1201 5208 (Ἴ
1217 5145 1250 5197 lt.
1265 5150 1293 5198 el
1308 5159 1397 5211 mgna.
