4575 6842
574 916 578 923 ’
702 928 774 995 lat
1093 938 1298 995 couuuruu
1323 940 1490 993 rrnrorsr

700 1082 823 1157 nullus
856 1088 943 1158 ante
977 1103 1065 1158 eum
1092 1084 1200 1179 plura
1231 1083 1326 1159 bella
1355 1082 1477 1179 gessit,
1510 1082 1636 1176 plures
1669 1078 1875 1177 provincias

699 1201 795 1297 fecit,
809 1223 877 1279 nec
890 1209 1037 1278 tantum
1049 1204 1236 1299 ampliavit
1254 1204 1431 1279 terminos
1449 1203 1591 1277 romani
1609 1203 1772 1298 imperii:
1788 1224 1872 1279 nam

699 1321 823 1397 Asiam
849 1344 962 1418 quarn
988 1328 1182 1420 acceperat
1203 1330 1412 1399 extremam
1437 1323 1663 1418 provinciam
1689 1323 1774 1398 fecit
1798 1326 1873 1399 lle-

701 1442 812 1539 diam,
830 1449 872 1517 ut
897 1451 1052 1519 testatur
1069 1444 1208 1518 Tullius
1232 1444 1270 1518 in
1296 1444 1416 1519 libello
1432 1444 1479 1518 de
1497 1440 1667 1518 laudibus
1692 1444 1875 1540 Pompeii;

702 1566 802 1659 quod
828 1565 989 1641 declarat
1009 1565 1146 1641 Plinius
1164 1565 1200 1639 in
1217 1564 1289 1639 Vll.
1315 1566 1420 1640 Nuuc
1445 1564 1492 1640 ad
1517 1564 1683 1659 literam3
1704 1564 1790 1639 dicit
1810 1566 1875 1639 lu-

704 1684 899 1760 stinianus:
926 1689 1101 1777 Sotfesso,
1125 1686 1273 1780 scilicet,
1300 1686 1370 1761 sub
1396 1685 1500 1782 siguo
1525 1684 1669 1779 aquile,
1696 1688 1874 1779 trioosuro

705 1808 875 1898 sapione,
902 1806 1047 1899 scilicet,
1074 1806 1203 1900 maior,
1229 1828 1248 1879 e
1273 1811 1425 1899 Pompeo
1449 1808 1658 1898 piovunelti5
1684 1825 1768 1878 nam
1796 1805 1875 1880 Sci·

704 1925 765 2022 pio
789 1932 869 2001 erat
894 1926 988 2001 forte
1012 1925 1159 2022 triginta
1184 1946 1369 2001 annorum
1394 1907 1542 2019 quando
1567 1925 1804 2021 triumphavit
1827 1925 1874 2000 de

704 2044 836 2140 lirion,
862 2051 899 2120 et
923 2046 1119 2142 Pompeius
1150 2051 1230 2122 erat
1256 2046 1379 2143 viginti
1415 2066 1480 2121 sex
1513 2066 1695 2122 annorum
1727 2046 1875 2141 quando

704 2164 825 2259 primo
850 2164 1090 2261 triumphavit
1113 2166 1160 2241 de
1192 2165 1331 2261 Africa3
1363 2167 1418 2241 bis
1448 2167 1649 2261 imperator
1674 2172 1874 2260 antequam

704 2284 820 2379 miles,
840 2290 877 2359 et
897 2286 952 2360 bis
970 2306 1146 2361 romanus
1164 2307 1279 2381 eques
1297 2288 1377 2362 loco
1397 2286 1568 2381 consulis,
1586 2294 1624 2361 et
1642 2287 1741 2361 solus
1765 2287 1877 2384 gessit

705 2404 855 2479 tertium
880 2407 1121 2481 consolatum.
1143 2407 1246 2481 Unde
1267 2406 1406 2481 Tullius
1433 2406 1559 2481 tribuit
1583 2406 1757 2503 Pompeio
1782 2402 1877 2502 qua·

704 2530 791 2599 tuor
825 2526 1030 2600 necessaria
1063 2547 1212 2601 summo
1241 2526 1469 2621 imperatori,
1504 2526 1653 2621 scilicet,
1688 2528 1876 2603 seientiam

708 2645 760 2721 rei
786 2645 963 2741 militaris,
980 2648 1167 2742 virtutem,
1186 2648 1434 2742 autoritatem,
1452 2648 1677 2743 felicitatem3
1695 2653 1732 2725 et
1754 2654 1877 2723 tamen

706 2765 743 2839 in
769 2765 842 2841 fine
867 2767 1056 2843 infeliciter
1081 2767 1295 2861 debellatus,
1313 2767 1490 2843 infelicius
1516 2768 1619 2865 fugit,
1638 2768 1879 2845 infelicissime

708 2894 880 2963 mortuus
904 2895 979 2963 est:
1005 2889 1068 2983 qui
1086 2888 1227 2983 primus
1246 2908 1487 2963 romanorum
1505 2888 1599 2984 cepit
1616 2889 1821 2965 Jerusalem
1842 2895 1879 2965 et

709 3010 889 3104 templum
914 3009 1003 3084 illud
1030 3009 1196 3084 mirabile
1221 3008 1438 3083 ditissimum
1462 3008 1601 3082 intrans
1621 3010 1797 3083 intactum
1816 3030 1878 3085 re·

707 3128 822 3224 liquit.
841 3131 885 3203 Et
902 3130 1000 3205 addit
1016 3130 1241 3205 Iustinianus
1259 3130 1459 3209 incidenter
1476 3150 1594 3204 unum
1616 3129 1752 3205 factum
1779 3131 1878 3225 quod
1981 3228 1988 3235 ἱ

710 3250 824 3346 tangit
840 3257 1023 3344 autorem,
1041 3249 1178 3325 scilicet
1193 3249 1424 3325 eversionem
1447 3249 1632 3323 faesulanae
1648 3249 1814 3344 civitatis,
1831 3270 1879 3325 ex

708 3389 783 3463 qua
799 3369 887 3443 olim
908 3370 1002 3443 facia
1023 3376 1079 3445 est
1098 3368 1293 3444 Florentia.
1312 3370 1417 3463 Nam,
1434 3375 1528 3444 teste
1544 3368 1713 3463 salustio,
1730 3369 1879 3445 Catilina

708 3489 889 3585 pessimus
920 3491 1047 3585 pulsus
1078 3511 1126 3565 ex
1163 3490 1255 3564 urbe
1290 3498 1438 3586 propter
1470 3490 1678 3585 pestiferam
1709 3490 1882 3565 coniura-

667 3630 669 3636 ’
709 3610 846 3684 tionem
885 3631 997 3704 quam
1038 3610 1175 3686 fecerat
1209 3630 1296 3686 cum
1330 3610 1454 3685 multis
1487 3610 1667 3685 nobilibus
1698 3611 1745 3686 de
1777 3611 1882 3686 iuva·

647 3778 653 3786 -
708 3730 827 3805 denda
852 3730 1038 3825 republica
1064 3737 1101 3805 et
1127 3731 1343 3806 trucidando
1369 3738 1499 3807 senatu
1525 3731 1689 3829 confugit
1713 3732 1760 3806 ad
1791 3732 1881 3807 civi-

710 3856 822 3925 tatem
850 3850 1089 3946 Faesularum‚
1116 3858 1154 3926 et
1178 3852 1262 3926 inde
1288 3852 1462 3927 recedens
1492 3852 1528 3926 in
1560 3873 1652 3949 agro
1677 3852 1879 3947 pistoriensi

712 3979 915 4067 prostratus
939 3979 995 4047 est
1020 3994 1106 4047 cum
1137 3973 1212 4047 suis
1243 3972 1457 4048 mirabiliter
1491 3992 1656 4069 pugnans
1685 3980 1724 4048 et
1753 3974 1880 4049 civitas

710 4093 936 4169 Faesularum
969 4093 1155 4169 destructa
1190 4099 1255 4168 est.
1287 4092 1378 4167 llicit
1409 4112 1513 4189 ergo,
1537 4100 1570 4167 el
1588 4114 1704 4186 poree
1735 4114 1877 4187 amaru,

711 4213 799 4289 illud
824 4214 982 4311 signum,
1008 4236 1031 4286 o
1057 4216 1135 4306 puel
1158 4216 1256 4305 colle,
1281 4213 1383 4308 idest,
1402 4214 1516 4287 monti
1543 4214 1729 4309 faesulano,
1747 4215 1784 4288 in
1806 4235 1881 4310 quo

711 4333 779 4408 fuit
803 4334 890 4409 olim
915 4334 1018 4408 fortis
1042 4333 1169 4411 civitas
1194 4334 1433 4428 Faesularum,
1459 4341 1547 4409 sotto
1563 4338 1590 4409 ’l
1612 4337 1696 4427 qual
1719 4342 1767 4426 tu,
1788 4334 1883 4410 scili·

710 4462 781 4549 cet,
805 4476 829 4529 o
854 4456 999 4549 flantes,
1025 4456 1184 4543 ouscesli,
1202 4454 1337 4529 scilicet
1363 4454 1400 4527 in
1423 4454 1604 4530 Florentia
1624 4474 1708 4550 quae
1725 4461 1780 4530 est
1797 4474 1883 4551 pro·

710 4576 847 4672 pinque
871 4582 910 4650 et
933 4575 1096 4650 subiecta
1122 4574 1172 4649 illi
1198 4576 1279 4651 colli
1305 4575 1400 4651 forte
1429 4596 1496 4671 per
1530 4576 1599 4650 tria
1632 4575 1811 4671 milliaria,
1837 4575 1884 4651 de

710 4716 787 4791 quo
810 4695 896 4771 alibi
920 4694 1059 4770 dictum
1085 4702 1141 4770 est
1157 4702 1194 4770 et
1210 4695 1363 4770 dicetur.
1378 4736 1427 4751 -
1442 4699 1515 4770 Pol.
1538 4698 1642 4771 Nunc
1660 4694 1883 4771 lastinianus

711 4816 929 4893 transcursis
963 4816 1123 4891 breviter
1161 4816 1380 4910 quibusdam
1420 4816 1578 4891 victoriis
1618 4822 1655 4891 et
1688 4814 1884 4911 triumphis

712 4936 846 5032 aquilae
870 4958 937 5031 per
962 4943 1128 5033 tempora
1155 4937 1359 5033 consulum,
1387 4959 1484 5013 nunc
1510 4937 1696 5013 descendit
1724 4937 1771 5011 ad
1803 4957 1884 5012 ma-

616 5090 619 5095 ’
713 5056 1009 5155 gnificeutissima
1024 5064 1127 5154 gesta
1144 5056 1423 5152 imperatorum.
1441 5060 1485 5136 Et
1497 5057 1799 5154 iucipitaprimo,
1812 5057 1883 5132 sci·
2002 5074 2005 5081 ’
