4575 6842
750 974 888 1029 CANTUS
913 973 1104 1029 vicesimus
1128 975 1312 1030 SEPTIMUS.
1545 964 1614 1030 149

441 1123 619 1210 immense,
636 1119 738 1212 idest,
761 1119 940 1212 maximis,
957 1121 1152 1209 orizzoote,
1180 1122 1243 1214 qui
1269 1129 1324 1195 est
1348 1122 1508 1196 circulus
1533 1120 1616 1195 fini-

443 1247 502 1314 tor
526 1241 638 1335 risam,
656 1240 720 1334 qui
739 1239 865 1314 dividit
890 1239 1151 1335 hemisperium
1173 1240 1342 1336 superius
1367 1242 1414 1316 ab
1440 1240 1614 1336 inferiori,

443 1361 490 1436 de
514 1382 589 1455 quo
614 1381 713 1435 nunc
745 1359 908 1454 loquitur
939 1367 1058 1455 poeta,
1085 1366 1180 1455 sesso
1206 1365 1296 1455 fatto
1328 1364 1443 1437 d'uoo
1468 1371 1614 1455 uspetto,

441 1483 545 1577 idest,
570 1482 702 1556 coloris
730 1481 889 1574 obscuri,
922 1503 941 1553 e
970 1490 1061 1554 nette
1092 1503 1212 1557 ooesm
1244 1491 1323 1556 tutte
1351 1505 1411 1556 sue
1441 1485 1612 1576 dispense,

441 1604 545 1696 idest,
569 1601 876 1696 dispensationes3
904 1601 1009 1695 quasi
1037 1601 1144 1696 dicat,
1181 1611 1378 1698 antequam
1416 1609 1512 1678 esset
1541 1622 1614 1676 nox

443 1724 549 1818 plena
574 1721 725 1815 ubique,
751 1721 838 1815 quia
862 1729 944 1816 post
973 1742 1145 1797 occasum
1177 1722 1262 1797 solis
1292 1723 1413 1798 adbuc
1447 1728 1615 1798 remanet

443 1844 566 1938 aliqua
591 1863 677 1938 pars
700 1842 797 1917 aeris
822 1840 1028 1936 aliqualiter
1053 1842 1247 1936 luminosa,
1273 1845 1378 1938 quasi
1404 1845 1519 1919 dicat:
1545 1843 1616 1917 du·

444 1969 549 2037 rante
564 1963 685 2036 adhuc
701 1961 841 2036 lumine
857 1961 1083 2057 providimus
1100 1963 1205 2038 nobis
1217 1964 1263 2038 de
1275 1963 1357 2038 loco
1373 1964 1614 2039 accommodo

442 2081 490 2156 ad
509 2083 737 2179 pausandum
764 2081 801 2154 in
827 2088 944 2156 nocte.
971 2083 1015 2155 Et
1040 2083 1099 2157 bic
1116 2090 1202 2158 nota
1219 2084 1317 2178 quod
1335 2105 1402 2180 per
1419 2086 1490 2158 hoc
1507 2089 1614 2179 poeta

442 2201 504 2276 dat
529 2201 689 2299 intelligi,
708 2201 807 2295 quod
826 2201 1003 2296 disposuit
1027 2222 1069 2277 se
1092 2202 1140 2277 ad
1166 2203 1440 2278 meditationem
1464 2211 1615 2279 noctur-

442 2343 527 2397 nam
555 2342 641 2396 cum
667 2322 812 2396 duobus
844 2323 969 2418 poetis,
996 2325 1114 2399 altero
1147 2323 1263 2422 magis
1298 2326 1468 2418 naturali,
1497 2325 1614 2400 altero

443 2443 559 2540 magis
585 2443 728 2536 morali,
753 2463 840 2516 cum
867 2451 1016 2536 pararet
1043 2444 1254 2520 describere
1281 2447 1473 2521 materiam
1501 2447 1614 2520 altam

442 2569 480 2638 et
504 2563 686 2656 subtilem,
705 2571 747 2636 ut
763 2563 836 2637 cito
853 2564 998 2656 patebit.
1017 2564 1061 2639 Et
1077 2585 1165 2640 ecce
1182 2585 1300 2659 quare
1318 2567 1533 2640 locaverunt
1551 2586 1612 2641 se:

442 2679 514 2777 cte,
540 2685 641 2779 idest,
668 2684 767 2779 quia,
793 2688 984 2758 iunctura
1009 2689 1067 2759 del
1087 2696 1214 2781 monte,
1235 2709 1301 2783 per
1326 2708 1437 2782 quem
1457 2710 1531 2763 non
1548 2709 1615 2784 po-

444 2811 514 2879 test
538 2803 582 2878 iri
606 2804 653 2879 de
678 2811 797 2899 nocte,
817 2807 850 2878 ct
874 2810 1044 2898 apianae,
1065 2805 1169 2899 idest,
1187 2807 1295 2903 tregit
1320 2814 1357 2882 et
1378 2809 1526 2882 abstulit
1547 2830 1615 2884 no-

444 2926 510 3020 bis,
536 2929 573 2999 lu
592 2945 703 3018 possa
728 2929 789 2999 e'l
810 2929 927 2999 ditetto
951 2929 1009 3001 del
1025 2931 1128 3019 satir,
1145 2927 1248 3022 idest,
1271 2929 1468 3024 potentiam
1496 2936 1533 3003 et
1549 2929 1614 3004 de·

443 3045 675 3119 lectationem
701 3045 917 3120 ascendendi
940 3046 1096 3120 ulterius
1112 3065 1180 3141 pro
1202 3053 1298 3121 tunc.
1312 3087 1362 3100 —
1379 3051 1490 3136 Quali.
1510 3048 1616 3122 Nunc

444 3171 551 3260 poeta
577 3164 747 3239 describit
772 3164 1042 3260 dispositionem
1068 3165 1137 3259 sui,
1156 3173 1194 3240 et
1218 3186 1372 3241 sucrum
1391 3167 1528 3242 ducum
1547 3185 1614 3262 per

444 3305 558 3360 unam
585 3285 897 3380 comparationem
916 3286 1188 3361 subtilissimam
1202 3279 1251 3379 (¹).
1269 3287 1323 3361 dd
1341 3289 1446 3362 cuius
1464 3288 1615 3363 eviden-

443 3406 531 3482 tiam
557 3414 613 3480 est
639 3405 840 3479 notandum
868 3407 966 3500 quod
992 3413 1098 3501 poeta
1125 3413 1249 3482 noster
1281 3409 1530 3504 propriissime
1554 3429 1615 3483 as·

441 3527 576 3601 similat
600 3547 641 3600 se
665 3545 797 3622 capras,
824 3534 862 3601 et
886 3527 1000 3602 duces
1024 3548 1112 3601 suos
1137 3528 1354 3622 pastoribus.
1389 3528 1490 3603 Sicut
1514 3529 1612 3604 enim

443 3645 610 3722 ridemus
634 3645 682 3721 de
707 3645 803 3720 iacto
827 3667 938 3741 capra
963 3647 1112 3722 levitate
1135 3648 1299 3743 corporis
1316 3655 1354 3723 et
1371 3647 1544 3723 acumine
1562 3647 1616 3721 ri·

441 3790 505 3842 sus
531 3767 645 3842 tendit
669 3767 715 3841 ad
741 3769 814 3841 alta
848 3767 1041 3842 cacumina
1068 3768 1262 3861 montium,
1295 3775 1333 3843 et
1367 3769 1460 3864 rapit
1494 3768 1616 3864 apices

443 3889 621 3964 arborum
654 3893 692 3962 et
723 3887 983 3984 virgultorum,
1009 3894 1047 3962 et
1072 3889 1220 3982 quando
1254 3896 1309 3962 est
1340 3888 1457 3964 cibata
1492 3895 1616 3984 pastor

445 4008 587 4084 reducit
610 4029 694 4082 eam
721 4008 767 4083 ad
794 4009 979 4103 umbram,
1002 4008 1065 4082 ubi
1090 4008 1168 4104 ipsa
1189 4009 1409 4103 quiescendo
1432 4011 1614 4107 ruminat3

442 4129 526 4202 *ita
550 4149 573 4202 a
599 4127 704 4202 simili
731 4135 838 4223 poeta
865 4136 989 4203 noster
1013 4149 1113 4203 nunc
1138 4128 1252 4204 tendit
1269 4129 1315 4202 ad
1332 4129 1405 4203 alta
1428 4130 1562 4204 montis
1579 4136 1617 4206 et

446 4248 579 4345 colligit
596 4247 741 4322 tloridas
757 4249 966 4343 sententias,
987 4247 1118 4324 deinde
1134 4249 1298 4323 ruminat
1311 4249 1333 4295 *
1346 4241 1395 4342 (²),
1414 4256 1451 4324 et
1469 4250 1617 4325 discutit

445 4369 523 4442 illas
548 4368 617 4442 sub
633 4388 724 4441 cura
742 4374 779 4444 et
796 4369 960 4444 custodia
979 4389 1133 4443 suorum
1151 4375 1353 4464 pastorum,
1371 4370 1515 4464 scilicet,
1534 4367 1617 4445 Vir-

444 4490 517 4586 gilii
544 4495 582 4564 et
606 4487 720 4583 Statii,
746 4488 809 4582 qui
834 4490 1018 4564 ducebant
1043 4498 1080 4564 et
1105 4490 1310 4586 dirigebant
1335 4510 1443 4584 enm3
1462 4498 1499 4566 et
1520 4492 1617 4568 stetit

446 4630 511 4705 per
536 4613 649 4683 totam
677 4614 821 4684 noctem
849 4609 979 4684 tacitus
1004 4611 1082 4684 sine
1100 4610 1221 4684 verbis
1239 4609 1275 4683 in
1294 4611 1373 4685 loco
1394 4618 1432 4685 et
1451 4618 1617 4708 tempore

445 4727 606 4802 solitario
631 4735 716 4822 apto
741 4728 787 4802 ad
811 4729 1096 4824 speculationem
1115 4750 1194 4803 succ
1212 4749 1317 4804 novae
1335 4731 1510 4825 materiae,
1529 4754 1614 4827 quse

444 4847 516 4923 erit
534 4847 650 4922 multo
670 4848 778 4921 altior
794 4848 1024 4943 praecedenti.
1041 4849 1147 4923 Nunc
1163 4850 1291 4924 ordina
1310 4851 1452 4926 literam
1473 4861 1510 4928 et
1527 4874 1616 4930 con-

507 5031 534 5094 (¹)
552 5035 606 5090 ill,
623 5032 740 5094 pulcram
756 5039 783 5083 et
799 5034 999 5084 subtilissimam.

509 5107 536 5170 (¹)
552 5108 589 5158 Le
605 5106 695 5171 parole
710 5107 751 5159 lla
766 5108 774 5159 i
790 5109 842 5160 due
857 5111 989 5161 asteriscbi
1005 5123 1069 5161 sono
1085 5110 1196 5174 cupplito
1212 5111 1280 5176 dagli
1297 5112 1357 5162 altri
1373 5117 1413 5163 tra
1429 5113 1523 5166 Codicl.
