4575 6842
728 960 800 1026 ma
1118 970 1325 1027 comminuar
1350 969 1515 1025 namursi

724 1115 914 1213 guelphis3
940 1114 1023 1191 ideo
1046 1116 1229 1192 dicim-00⁸
1241 1120 1345 1211 poetri
1368 1119 1458 1207 suoi,
1482 1136 1542 1189 mo
1567 1123 1658 1191 temo
1686 1121 1781 1211 cepit
1810 1124 1902 1195 orti·

704 1239 786 1329 pli,
816 1235 928 1333 ipsius
960 1236 1094 1331 aquilae
1126 1235 1239 1331 fortis,
1272 1239 1323 1311 clr'
1336 1258 1361 1310 a
1393 1238 1558 1328 moppior
1589 1239 1675 1328 don,
1706 1260 1821 1333 quam
1856 1239 1901 1317 sit

724 1358 801 1454 ipse
817 1358 981 1452 Carolus,
1000 1358 1065 1452 qui
1090 1378 1159 1433 suo
1185 1364 1352 1454 tempore
1376 1357 1444 1432 luit
1465 1365 1592 1454 potens
1610 1365 1648 1434 et
1666 1357 1897 1454 formidatus,

724 1485 859 1553 casser
889 1480 925 1551 io
955 1481 1055 1571 cello,
1088 1478 1191 1572 idest,
1218 1479 1352 1572 lanam,
1385 1477 1462 1552 sive
1495 1478 1622 1574 pilum,
1652 1480 1759 1573 quasi
1791 1478 1898 1573 dicat,

723 1598 933 1692 denudavit,
959 1605 997 1673 et
1026 1597 1183 1694 privavit
1214 1598 1371 1674 maiores
1403 1616 1521 1694 reges,
1553 1598 1647 1673 sicut
1676 1598 1897 1695 Iugurtham

724 1740 836 1815 quem
864 1718 999 1793 Marius
1024 1717 1261 1813 precipitavit
1289 1716 1335 1793 de
1364 1736 1455 1793 urcu
1488 1716 1710 1813 triumphali,
1736 1724 1773 1791 et
1804 1718 1900 1792 sicut

724 1841 874 1915 Persem
902 1858 1028 1935 regem
1055 1836 1285 1931 llacedouiae,
1302 1856 1415 1930 quem
1442 1836 1579 1911 Paulus
1600 1836 1767 1911 AEmilius
1792 1836 1898 1911 duxit

724 1966 809 2035 ante
834 1980 989 2035 currum
1016 1957 1287 2053 triumphalem,
1314 1964 1351 2032 et
1382 1964 1552 2032 mortuus
1581 1962 1636 2033 est
1662 1956 1699 2030 in
1723 1976 1896 2050 carcere;

724 2080 835 2155 etita
860 2079 906 2154 de
933 2078 1056 2153 multis
1081 2078 1277 2153 nominatis
1303 2098 1414 2173 supra
1446 2085 1482 2153 et
1514 2098 1587 2153 non
1618 2078 1823 2153 nominatis.
1855 2080 1899 2153 Et

723 2198 884 2295 assignat
909 2218 1072 2291 causam,
1098 2198 1241 2273 dicens:
1268 2201 1370 2273 nmltc
1391 2201 1475 2291 ficte
1503 2188 1564 2288 aad
1590 2200 1738 2291 ptamer
1761 2201 1788 2272 li
1808 2201 1899 2292 nrt,

725 2319 827 2412 idest,
854 2318 1003 2393 luerunt
1028 2338 1189 2413 poeuam,
1209 2339 1279 2412 per
1304 2320 1341 2391 lu
1365 2320 1467 2410 culpo
1492 2320 1551 2392 del
1573 2321 1704 2411 padre,
1735 2324 1774 2393 ct
1798 2324 1901 2393 certe

724 2440 793 2514 iste
816 2446 922 2535 pater
947 2438 1165 2513 victoriosus
1180 2438 1226 2523 ¹in
1252 2437 1324 2515 fine
1342 2438 1469 2514 hebuit
1490 2460 1643 2536 magnas
1662 2438 1900 2533 infelicitates,

725 2560 811 2656 quia
834 2580 991 2656 regnum
1009 2558 1138 2632 Sicilie
1154 2559 1319 2654 perdidit,
1346 2564 1384 2635 et
1406 2558 1501 2634 filius
1522 2559 1602 2635 eius
1619 2566 1748 2657 captus
1768 2566 1835 2652 est,
1856 2564 1899 2633 ut

723 2680 867 2755 dicetur
892 2680 929 2753 in
953 2679 1113 2774 capitulo
1130 2679 1226 2775 lllll;
1253 2680 1351 2755 unde
1375 2679 1479 2755 dicit:
1498 2703 1517 2753 e
1540 2702 1613 2757 non
1631 2684 1663 2753 si
1678 2682 1801 2772 medo,
1822 2680 1900 2775 ipse

724 2800 888 2893 Carolus,
901 2802 961 2873 cire
977 2802 1046 2872 Dm
1063 2802 1226 2874 trasmuti
1241 2802 1264 2873 l’
1277 2803 1384 2891 armi,
1401 2798 1549 2893 scilicet,
1569 2800 1724 2897 imperii,
1737 2822 1806 2893 per
1822 2803 1900 2875 suoi

723 2925 822 3014 cipli,
847 2940 932 3014 quae
958 2941 1163 3014 numquam
1190 2920 1401 2995 habuerunt
1425 2920 1561 2997 similes
1587 2919 1767 2996 victorius.

800 3048 935 3132 Quertu
962 3041 1033 3116 Ista
1058 3050 1114 3117 est
1131 3042 1238 3117 tertia
1255 3047 1293 3116 et
1310 3041 1438 3117 ultima
1457 3062 1543 3137 pars
1560 3040 1663 3117 istius
1680 3040 1840 3137 capituli,
1860 3040 1897 3114 in

724 3184 798 3257 qua
816 3161 1040 3238 lastinianus
1066 3159 1261 3255 respondet
1285 3160 1330 3236 ud
1359 3181 1474 3233 unum
1492 3159 1539 3235 de
1557 3182 1632 3255 quo
1651 3162 1786 3237 Dantes
1803 3160 1895 3256 peti-

724 3290 829 3357 verat
844 3302 956 3376 supra
970 3281 1007 3355 iu
1020 3281 1093 3355 dne
1110 3280 1258 3376 capituli
1272 3280 1802 3375 praecedeutis,scilicet,quare
1822 3280 1897 3374 ipse
1980 3268 1983 3276 ’

723 3402 769 3477 sit
785 3402 924 3497 positus
936 3402 973 3475 in
987 3401 1131 3496 planeta
1144 3399 1332 3473 Mercurii:
1347 3398 1394 3473 ad
1408 3400 1506 3494 quod
1520 3400 1598 3494 ipse
1609 3400 1695 3474 dicit
1708 3398 1806 3493 quod
1820 3398 1896 3494 ipse

723 3530 761 3597 et
786 3523 909 3597 caeteri
935 3521 1070 3595 similes
1095 3521 1247 3595 luerunt
1271 3520 1438 3615 impressi
1458 3520 1646 3595 influentia
1672 3518 1895 3595 mercuriali.

721 3643 776 3718 nd
801 3642 901 3737 quod
925 3649 981 3717 est
1006 3642 1207 3716 notandum
1234 3639 1334 3735 quod
1359 3642 1564 3717 Mercurius
1591 3641 1737 3717 videtur
1761 3638 1897 3736 signill-

721 3784 811 3839 mre
834 3763 1051 3857 claritatem,
1076 3762 1339 3857 eloquentiam,
1364 3762 1595 3853 memoriam,
1620 3762 1818 3837 bonitatem
1843 3760 1900 3835 di-

722 3884 891 3980 sciplinae,
909 3903 1068 3959 acumen
1093 3882 1239 3979 ingenii,
1259 3882 1502 3973 velocitatem,
1521 3881 1744 3959 desiderium
1764 3880 1899 3977 princi-

723 4012 840 4101 patus,
854 4004 1014 4099 laudem,
1028 4004 1177 4097 lamam,
1192 4003 1386 4097 scriptores
1404 4003 1597 4098 librorum,
1611 4002 1897 4100 pmlunditatem

721 4126 871 4219 consilii,
899 4124 1152 4214 mercimonia,
1177 4124 1292 4216 lucra,
1318 4124 1505 4216 astutiam,
1530 4124 1716 4220 pietatem,
1738 4144 1897 4220 pauper-

722 4253 833 4320 tatem
860 4249 898 4321 et
923 4244 1007 4319 talia
1035 4244 1164 4336 multa,
1189 4264 1274 4338 quae
1299 4264 1366 4338 pro
1393 4264 1526 4339 magna
1553 4251 1657 4339 parte
1682 4247 1896 4339 competunt

721 4366 786 4461 ipsi
802 4366 1005 4439 Justiuiauo
1029 4372 1067 4440 et
1083 4364 1225 4440 Romeo
1241 4364 1287 4438 de
1305 4384 1380 4457 quo
1396 4362 1502 4439 dicet.
1521 4363 1613 4439 Dicit
1631 4384 1745 4461 ergo:
1770 4368 1896 4452 occsio

716 4490 867 4580 picciolo
891 4489 1004 4571 stello,
1025 4486 1118 4561 idest
1133 4484 1348 4579 Mercurius,
1375 4486 1437 4579 qui
1464 4494 1520 4561 est
1543 4505 1681 4581 parvus
1706 4490 1744 4559 et
1770 4485 1896 4559 occul-

721 4616 793 4702 tus,
820 4608 919 4682 unde
942 4607 1077 4681 dicitur
1100 4628 1123 4681 a
1145 4605 1364 4701 quibusdam
1384 4626 1465 4681 esse
1484 4605 1604 4681 minor
1623 4613 1736 4697 terra,
1761 4607 1894 4678 riom-

722 4730 825 4819 redc,
859 4727 1056 4803 decoratur
1087 4734 1125 4802 et
1157 4734 1375 4819 exornatur,
1405 4728 1458 4801 dc*
1478 4729 1583 4801 tuoni
1605 4730 1718 4820 spirit,
1745 4724 1892 4821 scilicet,

721 4847 847 4940 beatis,
873 4850 933 4920 elic
955 4868 1021 4920 son
1045 4850 1127 4921 stati
1151 4849 1261 4937 citui,
1287 4846 1323 4920 in
1349 4845 1423 4921 vita
1450 4846 1607 4940 mortali,
1627 4842 1757 4939 percite
1786 4867 1896 4921 onore

721 4972 856 5061 esame
872 4971 923 5058 pli
938 4971 1098 5058 succedo,
1124 4967 1209 5061 quia
1237 4968 1367 5060 honor,
1393 4966 1491 5041 lama
1516 4973 1554 5042 et
1582 4965 1699 5062 gloria
1725 4966 1894 5059 sequitur

719 5087 767 5161 ad
791 5106 904 5181 opera
932 5088 1104 5161 virtuosa.
1131 5088 1175 5160 Et
1200 5086 1320 5161 subdit
1345 5085 1444 5182 quod
1469 5088 1539 5161 lroc
1569 5086 1665 5163 cedit
1688 5084 1741 5161 eis
1765 5085 1813 5160 ad
1837 5086 1893 5161 di-
