4575 6842
723 958 792 1025 112
1079 968 1284 1025 oourrrrruu
1308 969 1528 1025 runouronn

720 1119 913 1188 torturam.
940 1113 1027 1190 Ideo
1050 1113 1156 1189 dicit:
1183 1137 1202 1188 e
1226 1118 1309 1191 vottt
1333 1119 1407 1189 atta
1432 1135 1517 1188 mon
1545 1117 1679 1206 derna
1704 1115 1750 1190 nd
1777 1135 1889 1210 quam

716 1251 863 1328 semper
888 1233 963 1308 itur
988 1254 1054 1328 per
1079 1235 1349 1331 purgatorium,
1374 1243 1407 1308 et
1429 1255 1599 1308 eraoanro
1626 1239 1746 1310 attenti
1761 1235 1811 1309 ud
1834 1239 1890 1310 at-

717 1359 775 1425 tra
799 1375 901 1445 cura,
927 1356 1075 1450 scilicet,
1100 1356 1147 1430 ad
1173 1355 1430 1452 purgationem
1461 1355 1626 1430 libidinis.
1659 1357 1702 1428 Et
1734 1356 1784 1430 sic
1811 1355 1892 1430 ride

718 1475 819 1567 quod
843 1483 952 1571 poeta
977 1483 1100 1552 serrat
1128 1477 1309 1572 optimum
1336 1477 1528 1570 ordinem3
1561 1497 1647 1550 narn
1677 1477 1765 1572 gula
1797 1477 1891 1572 parit

718 1594 905 1670 luxuriam
932 1602 1122 1691 tamquam
1149 1597 1220 1672 filia
1245 1604 1405 1672 matrem
1433 1597 1617 1671 torentem
1644 1617 1694 1690 se,
1716 1604 1753 1670 et
1774 1595 1892 1670 conti-

720 1735 797 1789 nuo
820 1737 908 1789 cnm
934 1717 1054 1790 deficit
1080 1716 1317 1791 refoventem.
1343 1716 1429 1790 ideo
1455 1717 1550 1791 bene
1574 1723 1655 1811 post
1680 1717 1806 1812 gulam
1833 1735 1891 1790 se·

720 1835 847 1929 quitur
872 1836 1032 1928 luxuria,
1059 1842 1097 1910 et
1121 1836 1159 1909 in
1185 1841 1345 1928 utraque
1372 1843 1427 1912 est
1452 1835 1575 1910 brevis
1600 1835 1802 1930 delectatio,
1828 1835 1890 1910 sed

719 1955 828 2051 ionga
853 1956 990 2051 passi03
1016 1961 1053 2030 et
1078 1975 1165 2030 cum
1191 1955 1262 2030 sint
1286 1956 1410 2030 omnia
1430 1956 1515 2031 vitia
1545 1956 1727 2052 graviora,
1746 1955 1888 2030 notium

720 2084 776 2150 eet
797 2075 906 2153 ¹nitius
930 2077 1018 2171 guia
1043 2082 1081 2150 et
1105 2075 1264 2150 luxuria.
1279 2115 1328 2130 -
1345 2079 1454 2164 Quint.
1488 2077 1553 2151 Hir
1582 2083 1689 2171 poeta
1718 2067 1887 2151 describit

719 2217 868 2291 poenam
893 2197 1143 2293 purgatoriam
1163 2197 1440 2272 luxuriosorum
1460 2198 1495 2271 in
1516 2199 1690 2294 generali.
1710 2199 1752 2270 Et
1769 2197 1815 2272 ad
1833 2197 1890 2271 in-

721 2317 952 2413 telligendam
971 2319 1072 2392 clare
1091 2317 1248 2391 formam
1275 2317 1378 2392 istius
1403 2337 1522 2414 poenae
1548 2318 1659 2393 debes
1685 2317 1888 2414 imaginari,

719 2438 819 2533 quod
844 2445 952 2534 poeta
977 2438 1080 2534 fingit
1104 2438 1204 2532 quod
1230 2437 1408 2513 luxuriosi
1429 2439 1633 2534 puniuntur
1659 2439 1694 2512 in
1723 2439 1780 2512 ria
1806 2457 1889 2532 quat

719 2557 925 2633 circumdat
962 2565 1143 2652 montem,
1183 2579 1294 2651 quom
1340 2558 1472 2634 totiens
1509 2559 1658 2635 vocarit·
1691 2559 1887 2633 cornicem.

719 2677 819 2753 Sicut
835 2671 872 2770 (¹)
898 2678 997 2754 enirn
1023 2684 1122 2772 patet
1147 2697 1193 2754 ex
1219 2697 1316 2773 saepe
1333 2678 1435 2753 dictis
1458 2678 1514 2753 ria
1534 2679 1601 2752 ista
1622 2679 1733 2754 habet
1749 2677 1796 2752 ab
1815 2697 1888 2751 una

722 2806 826 2894 parte
861 2798 977 2893 ripam
1003 2797 1238 2890 exteriorem,
1267 2798 1364 2872 unde
1392 2799 1504 2872 homo
1534 2793 1815 2893 potest'ruere3
1841 2816 1888 2870 ex

719 2920 790 2994 atia
814 2925 919 3015 parte
945 2920 1055 2994 habet
1079 2925 1242 2992 montem
1270 2919 1347 2994 sire
1367 2919 1484 3014 ripam
1503 2919 1715 2993 interiorem
1735 2917 1887 2992 montis:

719 3041 829 3116 modo
853 3063 877 3116 a
901 3042 1017 3116 latere
1046 3041 1180 3114 montis
1205 3040 1318 3135 spirat
1348 3039 1496 3114 flamma
1527 3039 1619 3136 ignis
1648 3038 1820 3130 ardentis,
1850 3044 1888 3110 et

718 3169 850 3236 ventus
876 3161 1025 3255 quidam
1056 3161 1093 3234 in
1124 3160 1330 3255 oppositum
1362 3161 1514 3236 retieotit
1545 3161 1732 3234 flammam
1759 3163 1886 3232 contra

719 3289 894 3375 montem,
916 3282 964 3355 ita
990 3281 1088 3374 quod
1114 3281 1211 3355 riam
1245 3281 1328 3354 tacit
1357 3281 1513 3355 transire
1547 3279 1764 3370 volentibus,
1790 3277 1888 3352 unde

717 3403 777 3477 via
802 3423 915 3496 parva
941 3410 979 3476 et
1003 3407 1106 3476 arcta
1132 3412 1299 3478 remanet
1315 3421 1361 3476 ex
1380 3401 1496 3476 latere
1513 3412 1651 3494 aperto.
1672 3399 1724 3472 Ad
1743 3397 1886 3474 literam

717 3543 809 3618 ergo
829 3522 914 3597 dicit
940 3528 1067 3617 poeta:
1097 3525 1210 3612 ouini,
1232 3521 1378 3613 scilicet,
1400 3521 1437 3594 in
1462 3520 1531 3594 isto
1556 3519 1693 3594 circulo
1719 3518 1886 3612 septimo,

717 3646 756 3716 to
779 3644 875 3734 ripa,
901 3641 1046 3733 scilicet,
1073 3641 1237 3734 interior,
1262 3641 1428 3730 tutona,
1455 3639 1546 3714 idest
1576 3639 1717 3731 emittit,
1741 3642 1889 3731 tommo

716 3765 756 3836 in
782 3768 880 3856 suor,
910 3760 1005 3836 intra
1040 3783 1153 3856 quam
1184 3760 1423 3834 includuntur
1448 3759 1608 3856 spiritns²
1634 3782 1653 3833 e
1684 3763 1720 3832 to
1750 3760 1887 3831 tortum

717 3887 818 3975 epiro
838 3887 925 3974 stato
950 3885 987 3954 in
1011 3903 1106 3973 uuo,
1130 3882 1235 3974 idest,
1256 3881 1388 3956 emittit
1405 3887 1558 3955 rentum
1578 3880 1780 3955 violentum
1799 3897 1888 3952 oon-

718 4011 775 4078 tra
801 4003 1000 4095 flammam,
1026 4005 1098 4096 cte,
1126 4001 1229 4096 idest,
1249 4001 1311 4095 qui
1330 4008 1473 4094 ventus,
1492 4003 1529 4074 to
1553 4003 1686 4093 ripaue,
1707 3999 1808 4093 idest,
1828 4017 1888 4072 re·

718 4130 865 4218 torquet
890 4123 1004 4217 ipsam
1031 4123 1232 4214 flammam,
1259 4141 1278 4192 e
1298 4128 1490 4212 sequestro,
1510 4119 1612 4212 idest,
1631 4119 1756 4193 dividit
1775 4123 1812 4194 et
1829 4137 1888 4192 se-

718 4250 832 4339 parat,
858 4247 916 4318 oio
941 4246 991 4316 du
1015 4245 1071 4334 tei,
1097 4242 1243 4334 scilieet,
1260 4240 1309 4315 ab
1327 4240 1401 4335 ipsa
1419 4241 1580 4333 flamma,
1598 4239 1647 4312 ita
1669 4237 1767 4332 quod
1789 4237 1884 4311 viam

717 4365 862 4440 dimittit
893 4384 961 4460 pro
994 4362 1172 4456 transitu3
1208 4361 1289 4435 ideo
1322 4359 1462 4434 subdit:
1494 4361 1624 4432 ood’ir
1652 4379 1696 4430 ne
1719 4360 1886 4444 tonnam

717 4489 781 4560 dat
803 4489 874 4560 tuto
898 4489 1045 4576 sotium,
1071 4483 1219 4577 scilieet,
1244 4482 1462 4575 extrinseco,
1488 4479 1550 4554 ubi
1578 4480 1679 4554 nutta
1704 4485 1758 4553 eet
1783 4478 1888 4553 clau-

716 4627 806 4682 sura
823 4607 932 4701 muri,
950 4606 1066 4700 saepis,
1085 4604 1144 4678 rei
1169 4604 1258 4696 sari,
1280 4625 1304 4676 o
1328 4623 1398 4674 uno
1424 4621 1449 4673 a
1473 4621 1557 4690 uno,
1574 4607 1612 4674 et
1638 4618 1710 4671 non
1734 4598 1808 4672 duo
1828 4597 1886 4672 rel

716 4727 1022 4821 troesimu13ita
1048 4724 1240 4820 quodiste
1270 4721 1370 4798 callis
1401 4721 1559 4796 habebat
1591 4718 1709 4794 sotum
1743 4724 1884 4792 tantum

718 4847 926 4941 latitudinis,
944 4847 1043 4940 quod
1065 4847 1124 4919 vir
1151 4851 1295 4940 poterat
1320 4843 1375 4917 ire
1401 4844 1512 4916 homo
1537 4841 1655 4933 solus3
1682 4839 1764 4914 ideo
1790 4838 1887 4912 mut-

781 5110 810 5175 (¹)
825 5110 852 5162 S.
867 5125 883 5162 a
898 5111 930 5163 E.
946 5112 1121 5162 acutiorem
1136 5114 1215 5173 putat.
