4575 6842
677 859 747 927 162
1033 865 1238 922 concursu
1263 867 1487 924 runosronu

675 1018 726 1088 tol
748 1018 833 1107 qual
854 1018 886 1089 si
910 1017 1085 1106 raccopte
1109 1017 1148 1088 di
1170 1031 1275 1087 ramo
1291 1016 1326 1088 iu
1348 1033 1466 1105 ramo,
1483 1012 1661 1088 arborum
1683 1001 1849 1089 excelsa-

674 1156 771 1230 rum,
787 1157 856 1228 per
880 1138 917 1209 ta
938 1139 1071 1229 pisseto,
1089 1154 1175 1229 quae
1200 1144 1255 1212 est
1279 1135 1382 1231 sylva
1408 1153 1544 1230 magna
1564 1133 1671 1228 plena
1689 1132 1793 1228 pinis,
1809 1134 1848 1207 in

674 1276 748 1349 qua
785 1261 892 1352 poeta
927 1263 1052 1332 noster
1089 1275 1187 1352 saepe
1223 1259 1416 1328 notaverat
1450 1253 1556 1327 istam
1599 1255 1848 1329 resonantiam

675 1375 785 1472 venti,
812 1397 898 1451 cum
924 1377 1178 1453 deambularet
1203 1375 1385 1448 solitarius
1411 1373 1632 1468 speculando
1666 1394 1733 1470 per
1763 1375 1849 1450 litus

678 1496 791 1571 maris
815 1497 971 1591 adriaci3
994 1496 1092 1572 unde
1116 1494 1221 1570 dicit:
1247 1498 1283 1568 iu
1300 1497 1357 1569 sut
1380 1497 1439 1568 tito
1458 1496 1496 1568 dt
1515 1497 1657 1568 cums.
1676 1494 1730 1569 Ad
1751 1495 1849 1590 quod

677 1623 733 1690 est
756 1616 943 1692 sciendum
971 1616 1069 1711 quod
1094 1614 1225 1690 Classis
1250 1613 1317 1688 luit
1337 1620 1437 1690 terra
1456 1620 1562 1688 extra
1579 1615 1791 1690 Ravennam
1810 1615 1850 1688 in

677 1737 784 1812 litore
809 1738 941 1830 maris;
967 1738 1064 1832 apud
1091 1755 1204 1831 quarn
1230 1734 1453 1808 lastinianus
1486 1735 1686 1829 imperator
1716 1723 1850 1810 dicitur

678 1857 805 1932 iecisse
829 1857 1020 1932 ecclesiam
1055 1855 1170 1932 sancti
1200 1854 1425 1951 Apollinaris.
1456 1855 1692 1950 Leoprandus
1720 1861 1848 1931 autem

679 1998 746 2052 rer
772 1977 1081 2074 longobardorum
1096 1970 1133 2070 (¹)
1152 1997 1239 2051 cum
1261 1976 1461 2051 obsedisset
1485 1977 1699 2053 Ravennam
1718 1976 1850 2052 invasit

678 2098 838 2172 Classem
864 2097 1050 2193 oppidum,
1075 2104 1188 2191 atque
1212 2096 1403 2171 destruxit.
1430 2095 1480 2170 lbi
1507 2095 1574 2170 luit
1604 2096 1692 2171 olim
1722 2102 1851 2191 portus

678 2217 874 2312 Ravennae,
900 2216 963 2290 ubi
989 2217 1177 2312 Augustus
1208 2216 1327 2292 tenuit
1340 2207 1377 2309 (²)
1413 2235 1589 2312 magnam
1620 2216 1773 2291 classem
1804 2214 1851 2290 ad

677 2335 925 2412 defensionem
958 2337 1071 2410 maris
1101 2336 1260 2430 adriaci3
1295 2336 1450 2410 alteram
1486 2335 1602 2411 tenuit
1635 2337 1733 2431 apud
1757 2339 1852 2412 Nea-

679 2457 790 2552 polim
824 2457 871 2531 ad
905 2457 1153 2532 defensionem
1187 2455 1298 2530 maris
1328 2455 1506 2552 tyrrheni.
1533 2457 1577 2529 Et
1609 2457 1679 2531 boc
1709 2456 1851 2551 accidit,

681 2579 823 2668 mecedo
849 2580 949 2668 Eoto,
976 2597 1042 2652 rex
1056 2569 1095 2668 (³)
1121 2581 1331 2670 ventorum,
1363 2577 1540 2667 discioplie
1566 2579 1652 2670 fitur
1683 2578 1850 2667 so'rocco,

679 2695 782 2792 idest,
808 2697 940 2771 emittit
965 2697 1105 2769 Eurum
1134 2701 1298 2770 ventum.
1326 2696 1368 2768 Et
1384 2683 1420 2788 (⁴)
1441 2702 1496 2770 est
1520 2695 1735 2790 notandum,
1752 2695 1852 2790 quod

680 2819 798 2912 poc'tae
822 2816 965 2914 fingunt
990 2815 1088 2910 quod
1114 2815 1224 2888 llolus
1242 2815 1352 2890 babet
1371 2823 1500 2891 ventos
1518 2816 1555 2891 iu
1572 2821 1751 2911 potestate
1771 2836 1852 2910 sua,

680 2958 774 3032 quos
799 2938 836 3011 in
861 2938 1036 3033 spelunca
1060 2942 1161 3011 tenet
1185 2936 1344 3011 inclusos
1369 2935 1439 3010 *et
1465 2935 1543 3011 illos
1568 2936 1700 3011 emittit
1728 2943 1767 3012 et
1793 2957 1853 3012 re-

680 3064 788 3131 vocat
821 3057 867 3130 ad
896 3055 1090 3130 arbitrium
1122 3075 1254 3149 suum3
1285 3054 1383 3129 unde
1411 3056 1595 3130 Homerus
1625 3056 1661 3130 in
1693 3055 1852 3154 Odyssea

682 3176 784 3274 lingit
798 3176 897 3271 quod
907 3177 1018 3250 Eolus
1030 3175 1127 3252 dedit
1137 3182 1265 3250 ventos
1279 3175 1463 3249 inclusos*
1474 3165 1510 3268 (⁵)
1522 3176 1559 3248 in
1575 3177 1716 3251 utribus
1729 3177 1853 3274 Ulyxi3

682 3303 720 3372 et
735 3297 919 3394 Virgilius,
937 3297 1000 3392 qui
1017 3297 1178 3370 multum
1200 3295 1366 3370 imitatur
1382 3296 1597 3390 Homerum,
1616 3297 1718 3394 lingit
1734 3298 1854 3393 primo

682 3417 837 3492 Eneidos
863 3416 962 3513 quod
986 3417 1096 3491 Eolus
1122 3416 1302 3492 relaxavit
1326 3422 1455 3491 ventos
1480 3436 1527 3492 ex
1553 3437 1703 3492 carcere
1720 3416 1766 3492 ad
1788 3439 1855 3492 ex-

682 3537 865 3612 citandam
907 3543 1162 3633 tempestatem
1201 3544 1327 3612 contra
1366 3537 1516 3612 Eneam.
1549 3537 1690 3613 Veritas
1726 3545 1852 3613 autem

683 3665 750 3753 cst,
776 3657 875 3752 quod
900 3659 1010 3732 Eolus
1036 3657 1103 3731 luit
1129 3670 1196 3733 rex
1221 3656 1440 3752 insularum,
1467 3677 1551 3752 quae
1580 3663 1666 3731 sunt
1696 3659 1734 3732 in
1761 3647 1855 3733 mari

683 3778 809 3873 siculo,
835 3799 997 3872 quarum
1030 3798 1118 3871 una,
1145 3785 1186 3850 ut
1217 3777 1342 3852 scribit
1370 3777 1506 3852 Plinius
1541 3778 1577 3851 in
1609 3779 1766 3854 naturali
1800 3779 1857 3853 bi-

684 3897 806 3992 storia,
832 3904 962 3971 vocata
997 3904 1051 3972 est
1082 3897 1220 3992 liparis
1249 3917 1271 3970 a
1302 3897 1434 3991 Liparo
1471 3917 1559 3994 rege
1589 3897 1651 3992 qui
1681 3899 1856 3974 successit

684 4017 783 4090 Eolo.
809 4016 909 4090 lntcr
933 4016 1028 4090 hanc
1054 4022 1091 4090 et
1115 4014 1273 4090 Siciliam
1295 4022 1350 4090 est
1368 4015 1487 4090 insula
1504 4016 1668 4111 Vulcani,
1686 4037 1771 4112 quae
1787 4038 1856 4093 no-

685 4143 835 4211 cturnas
859 4135 992 4212 emittit
1015 4139 1195 4211 flammas.
1215 4135 1335 4210 Tertia
1361 4136 1554 4233 Strongilia
1579 4137 1715 4212 distans
1743 4158 1766 4212 a
1796 4139 1856 4212 Li-

686 4279 778 4354 para
801 4278 870 4353 per
895 4257 1052 4332 milliare
1075 4257 1253 4331 inclinans
1277 4257 1324 4331 ad
1353 4253 1477 4332 ortum
1504 4257 1599 4352 solis,
1625 4259 1662 4332 in
1688 4279 1762 4352 qua
1797 4249 1856 4334 re-

686 4376 811 4475 gnavit
843 4378 955 4451 Eolus
988 4397 1073 4472 que
1105 4375 1227 4451 dillert
1259 4397 1283 4451 a
1316 4377 1447 4472 Lipara
1477 4378 1597 4451 solum
1631 4377 1668 4451 in
1700 4378 1856 4454 clariore

686 4499 845 4594 damma,
871 4479 977 4572 cuius
1001 4497 1106 4572 lumo
1131 4487 1310 4590 incolae(⁰)
1335 4497 1509 4571 dicuntur
1537 4519 1768 4593 prenoscere
1793 4500 1857 4595 qrri

747 4685 774 4746 (¹)
789 4685 821 4735 E.
837 4685 1034 4737 lombardorum
1050 4701 1111 4737 cum
1126 4687 1267 4737 obsedisset
1282 4685 1413 4737 Veronam
1430 4686 1530 4737 invenlt.

747 4757 776 4823 (¹)
792 4761 823 4811 Ε.
839 4763 925 4812 tenuit
939 4764 1003 4814 olim
1018 4777 1148 4829 magnum.
1336 4761 1362 4826 (¹)
1379 4766 1433 4822 117,
1451 4763 1514 4814 deus
1530 4769 1676 4816 ventorum.

748 4838 775 4900 ι’)
791 4842 846 4898 117,
863 4839 898 4888 Et
913 4839 956 4890 blc
970 4846 1011 4892 est
1025 4841 1091 4892 bene
1107 4841 1260 4892 notandum.

747 4913 775 4976 (⁸)
791 4915 1081 4977 Leperoletncluselre
1091 4917 1099 4967 l
1109 4917 1160 4967 due
1176 4916 1309 4968 esterisclri
1320 4915 1857 4981 sonosnpplitedleodicillleEstcnse.

749 4990 775 5054 (¹)
791 4991 823 5042 Ε.
838 4991 930 5043 incolo
944 4993 1040 5044 ibidem
1055 4994 1178 5046 dicuntur
1194 5007 1350 5058 cognoscere
1366 5000 1392 5047 et
1409 5008 1620 5060 praecognoscere
1635 4996 1680 5061 qul
1697 4997 1775 5049 renti.
