4575 6842
698 988 839 1044 caurus
864 990 1080 1045 rumusruus
1103 990 1267 1044 ruamus.
1491 977 1562 1045 269

390 1140 471 1208 tutte
488 1155 507 1206 e
522 1140 616 1226 cette,
634 1133 728 1207 sicut
746 1132 941 1229 magnifica
958 1133 1106 1209 domina
1123 1133 1310 1229 praemittit
1326 1133 1392 1208 sibi
1414 1136 1562 1230 pulcras

389 1253 529 1351 puellas
555 1252 701 1348 quando
725 1253 865 1327 accedit
889 1253 936 1328 ad
960 1255 1084 1329 iocum
1104 1255 1309 1348 honestum,
1328 1276 1346 1327 e
1370 1276 1483 1329 mcccc
1507 1276 1564 1328 mc

389 1378 482 1469 dopo
514 1396 564 1464 se,
590 1372 735 1468 scilicet,
763 1381 804 1446 ut
837 1381 1058 1469 sequeretur
1089 1394 1185 1470 eam,
1216 1378 1291 1448 coto
1320 1378 1561 1464 occeonaado,

389 1494 491 1589 idest,
516 1495 595 1569 soio
620 1501 713 1568 nutu
738 1494 824 1587 oris,
852 1514 924 1569 non
950 1493 1065 1569 verbo
1091 1494 1236 1571 vocavit
1262 1515 1322 1570 me
1348 1502 1429 1589 post
1445 1514 1497 1589 se,
1514 1493 1562 1569 de

389 1636 464 1709 quo
490 1613 674 1709 potissime
705 1632 835 1688 curam
860 1613 1025 1710 gerebat,
1051 1636 1070 1688 e
1094 1617 1132 1688 la
1156 1618 1291 1705 donno,
1311 1613 1458 1708 scilicet,
1484 1615 1562 1687 bia-

388 1735 540 1829 tbiidim,
553 1756 638 1828 quae
656 1734 814 1809 babebat
829 1734 1032 1809 custodiam
1046 1736 1170 1832 sylvae,
1184 1736 1279 1811 sicut
1295 1735 1443 1810 beatrix
1469 1752 1559 1808 cur-

389 1877 465 1951 rus,
490 1878 509 1929 e
535 1858 563 1929 tt
585 1858 697 1947 sueto,
731 1854 877 1948 scilicet,
907 1855 1076 1951 Statium,
1102 1857 1162 1929 cire
1193 1859 1331 1950 ristettc,
1364 1855 1561 1930 recedente

388 1976 556 2074 Virgilio,
584 1997 669 2050 nam
694 1975 829 2049 Statius
855 1981 934 2070 post
959 1976 1109 2051 exitium
1138 1983 1189 2051 tot
1213 1977 1437 2050 saecuiorum
1458 1994 1559 2049 nunc

388 2097 529 2172 redibat
546 2096 582 2169 in
600 2096 767 2191 patriam.
785 2096 829 2169 nt
846 2094 966 2169 subdit
983 2096 1169 2191 quomodo
1185 2095 1393 2171 invitaverit
1406 2089 1443 2188 (³)
1470 2115 1559 2170 eum

388 2216 590 2314 specialiter
623 2218 670 2292 ad
703 2216 928 2310 loquendum
962 2236 1101 2311 secum,
1135 2215 1259 2290 diceus
1288 2215 1557 2290 continuative:

386 2331 457 2412 cosi
480 2360 541 2412 sca
566 2340 663 2429 moa,
684 2336 743 2411 iiia
764 2336 911 2411 beatrix
928 2357 1014 2411 cum
1035 2336 1103 2410 iilis
1120 2335 1410 2431 precedentibus
1430 2344 1468 2409 et
1489 2355 1558 2409 no-

385 2458 440 2533 bis
465 2457 714 2553 sequentibus,
744 2480 763 2531 e
800 2479 872 2531 aon
901 2460 1006 2533 credo
1037 2460 1097 2530 cite
1129 2460 1163 2530 lo
1193 2460 1324 2531 decim
1352 2477 1417 2530 suo
1444 2477 1558 2549 posse

382 2583 477 2675 fosse
500 2582 538 2653 ta
564 2586 662 2653 terro
688 2585 805 2671 posto,
832 2577 937 2673 quasi
962 2578 1068 2673 dicat,
1099 2583 1136 2652 et
1166 2577 1352 2652 modicum
1382 2578 1554 2652 ambula·

385 2705 489 2775 verat
514 2704 708 2793 postquam
734 2704 936 2772 recesserat
960 2719 982 2771 a
1008 2699 1130 2792 planta
1151 2698 1259 2793 juxta
1292 2718 1407 2792 quam
1433 2698 1553 2791 primo

384 2819 543 2911 sedebat,
557 2822 699 2913 quando
716 2822 764 2891 mi
776 2839 939 2912 percusse
950 2821 1001 2909 qli
1017 2818 1125 2910 occdi,
1139 2818 1274 2893 scilicet
1292 2838 1406 2911 meoS,
1420 2839 1487 2891 coa
1502 2821 1553 2909 qli

384 2941 491 3030 occti,
505 2938 640 3013 scilicet
655 2939 741 3032 suis,
756 2938 860 3033 quasi
874 2937 969 3011 dieat
982 2937 1080 3031 quod
1098 2938 1243 3011 Beatrix
1258 2936 1309 3012 sic
1327 2937 1552 3011 ambulando

384 3059 519 3134 iterum
546 3058 746 3133 retroflexit
770 3079 810 3133 se
836 3064 873 3132 et
898 3066 989 3132 nutu
1017 3065 1054 3131 et
1080 3057 1206 3150 verbo,
1224 3063 1266 3131 ut
1291 3056 1461 3131 redderet
1491 3076 1552 3129 me

383 3186 577 3255 attentum.
606 3178 706 3254 Unde
730 3178 834 3253 dicit:
861 3202 879 3253 e
904 3181 952 3252 mt
980 3180 1071 3251 diosc
1095 3199 1162 3251 coo
1190 3179 1379 3269 tranquillo
1407 3182 1552 3269 ospetto,

383 3299 486 3393 idest,
504 3299 662 3395 benigno
683 3299 783 3393 visu,
803 3298 866 3371 ubi
887 3297 1007 3395 primo
1027 3296 1220 3371 videbatur
1237 3297 1329 3371 irata
1347 3302 1385 3371 et
1408 3296 1552 3369 iniiam-

383 3426 495 3515 mata,
512 3440 611 3494 nunc
637 3419 730 3495 iacta
756 3426 836 3493 erat
860 3418 1020 3512 placata:
1043 3416 1100 3491 vel
1118 3415 1322 3491 secundum
1343 3414 1453 3490 aiiam
1470 3414 1554 3491 iite-

382 3560 476 3634 ram,
509 3546 635 3612 conta
664 3541 775 3629 quello
800 3545 944 3631 uspetto,
979 3537 1081 3631 idest,
1119 3536 1167 3611 ad
1198 3536 1550 3632 contemperandum

382 3666 570 3755 aspectum
598 3659 758 3757 primum
778 3658 946 3754 rigidum,
966 3657 1151 3731 narrando
1178 3657 1265 3730 mibi
1290 3658 1486 3731 vindictam
1504 3656 1552 3730 de

382 3780 496 3875 brevi,
523 3783 600 3853 oica
619 3775 683 3873 ptri
717 3786 817 3869 toste,
852 3778 927 3851 ibat
959 3777 1057 3852 enim
1090 3782 1198 3871 poeta
1227 3776 1498 3870 aliquantulum
1529 3796 1552 3850 a

380 3902 490 3997 longe
514 3910 595 3996 post
620 3920 702 3975 eam
729 3920 797 3995 pro
830 3896 958 3974 maiori
992 3897 1210 3989 reverentia,
1238 3903 1334 3969 teoto
1363 3898 1424 3969 cite
1448 3903 1484 3969 tu
1507 3899 1553 3968 sti

382 4012 445 4095 bea
478 4025 631 4115 dispecto
662 4023 713 4095 od
741 4020 955 4111 ascoltarmi,
990 4016 1316 4111 appropinquando
1348 4016 1448 4110 mibi,
1473 4019 1550 4088 s'io

377 4146 486 4238 parto
511 4150 595 4234 teco,
620 4142 649 4215 si
674 4162 743 4237 pro
767 4140 871 4235 quia;
899 4159 985 4213 nam
1009 4139 1094 4211 volo
1119 4137 1242 4231 aliqua
1267 4138 1390 4212 dicere
1416 4136 1478 4210 tibi
1504 4136 1550 4210 ad

381 4264 665 4339 consolationem
692 4261 745 4335 tui
771 4267 808 4335 et
832 4259 991 4334 aliorum
1009 4257 1206 4332 zelantium
1231 4263 1367 4331 statum
1385 4255 1549 4331 ecclesie
1695 4308 1702 4323 .

381 4385 456 4459 Dei.
485 4384 527 4457 Et
552 4383 650 4458 addit
674 4389 780 4476 poeta
808 4380 904 4475 quod
929 4378 1075 4454 Beatrix
1102 4378 1228 4453 videns
1249 4397 1335 4452 eum
1356 4376 1477 4451 adbuc
1503 4375 1550 4448 ti-

382 4504 521 4578 midum
549 4510 585 4579 et
611 4502 762 4577 tacitum
780 4499 956 4594 prevenit
971 4498 1017 4572 ad
1038 4498 1236 4593 petendum
1257 4495 1460 4592 praestando
1481 4494 1548 4569 sibi

380 4624 595 4718 audaciam3
621 4622 718 4697 unde
742 4620 845 4695 dicit:
873 4625 911 4694 et
940 4618 999 4693 iiia
1025 4618 1184 4713 Beatrix,
1205 4621 1345 4691 dbsemi
1368 4619 1549 4691 siccom’io

376 4748 431 4840 stri
445 4746 574 4818 com'io
587 4746 721 4817 dooevo
734 4762 824 4831 seco,
838 4738 943 4834 quasi
965 4738 1073 4832 dicat,
1091 4758 1178 4812 cum
1195 4758 1314 4813 essem
1329 4738 1446 4811 iactus
1461 4756 1549 4831 pro-

378 4866 536 4962 pinquus
556 4861 634 4955 sibi,
652 4861 701 4935 ita
728 4860 826 4955 quod
851 4878 995 4955 possem
1021 4859 1116 4935 bene
1137 4859 1340 4956 intelligere
1357 4858 1471 4933 rerba
1492 4858 1548 4931 io·

441 5125 469 5189 (¹)
484 5124 515 5175 E.
530 5124 662 5189 qnonrotm
678 5123 802 5177 inritavit.
