4575 6842
802 1028 807 1035 ·
836 1002 975 1059 esurus
1000 1002 1142 1059 ramus.
1361 1064 1369 1078 ,
1506 987 1579 1055 293

403 1148 502 1223 latur
518 1148 679 1244 primum
702 1146 848 1239 mobile,
870 1154 907 1221 et
927 1147 1063 1221 coelum
1090 1165 1309 1241 empyreum
1326 1146 1428 1239 quod
1444 1146 1579 1221 dicitur

404 1267 606 1365 paradisus,
620 1267 657 1340 in
671 1266 804 1361 quibus
825 1267 1027 1362 liguraliter
1048 1272 1085 1340 et
1103 1264 1291 1339 moraliter
1311 1264 1484 1341 describit
1501 1267 1583 1363 glo-

405 1389 640 1463 riosissimam
657 1380 693 1479 (¹)
721 1387 904 1461 civilatem
935 1387 1011 1481 Dei,
1038 1386 1206 1461 videlieet
1230 1386 1420 1461 ecclesiam
1449 1386 1582 1460 trium-

405 1510 590 1604 phantem,
617 1514 655 1583 et
679 1507 789 1583 durat
814 1528 933 1601 usque
958 1506 1004 1581 ad
1031 1506 1143 1583 linem
1170 1506 1263 1579 libri.
1290 1506 1457 1580 Primum
1483 1507 1581 1602 eapi-

405 1631 524 1704 tulum
559 1627 785 1724 prohemiale
809 1633 886 1702 tam
917 1626 1039 1702 nobile
1069 1646 1182 1720 quam
1217 1626 1375 1701 sublime
1407 1626 1580 1701 dividitur

406 1750 442 1825 in
476 1756 638 1843 quatuor
667 1753 790 1843 partes
820 1749 1022 1844 generales.
1057 1749 1097 1820 ln
1127 1746 1247 1843 prima
1277 1767 1438 1840 quarum
1472 1752 1579 1842 poeta

405 1872 540 1945 llantes
565 1868 743 1964 proponit.
761 1870 801 1943 ln
822 1869 982 1943 secunda
1000 1869 1156 1963 invocat,
1175 1868 1223 1942 ibi
1239 1868 1382 1941 statim:
1406 1872 1437 1941 0
1462 1868 1576 1940 buono

406 1992 541 2083 Apollo.
568 1990 608 2063 ln
635 1988 740 2065 tertie
766 1988 921 2063 ostendit
947 1988 1106 2082 qualiter
1129 2008 1243 2083 opera
1268 1986 1443 2062 Bealrieis
1469 1986 1580 2061 inierit

405 2110 597 2206 dispositus
630 2115 668 2186 et
702 2109 910 2184 habilitates
940 2108 987 2184 ad
1016 2110 1288 2185 ascendendum
1323 2110 1475 2203 coelum,
1510 2106 1580 2180 ibi:

404 2236 519 2323 Surpe
543 2234 580 2303 oi
603 2232 755 2305 mortali.
782 2230 823 2303 ln
849 2234 981 2324 quarta
1007 2235 1044 2305 et
1071 2229 1199 2304 ultima
1224 2229 1355 2324 probat
1384 2230 1496 2324 longo
1525 2227 1582 2301 di-

404 2370 535 2425 scursu
555 2350 713 2445 qualiter
730 2351 887 2425 naturali
905 2370 1018 2425 cursu
1038 2356 1076 2425 el
1093 2350 1297 2425 rationabili
1310 2350 1439 2425 ordine
1452 2370 1582 2425 ascen·

403 2470 498 2545 derit
513 2461 548 2563 (²)
577 2471 727 2563 coslum,
745 2470 814 2544 ibi:
841 2475 893 2543 Le
910 2460 1029 2545 noudd
1045 2474 1102 2545 del
1119 2490 1241 2543 suerro
1260 2471 1313 2544 bd
1333 2470 1496 2565 primum
1516 2488 1584 2544 ve-

404 2590 509 2665 niens
534 2589 616 2663 dieo
642 2588 740 2684 quod
766 2596 876 2665 autor
906 2590 1025 2686 primo
1055 2590 1224 2685 proponit
1248 2590 1456 2683 materiam,
1482 2589 1580 2664 cirea

407 2724 518 2805 quam
546 2710 664 2805 aperit
689 2710 927 2785 intentionem
953 2730 1071 2784 suem.
1086 2708 1220 2785 Veiens
1236 2715 1363 2784 autem
1389 2710 1448 2784 bic
1472 2720 1580 2805 poeta

405 2830 587 2926 gloriosus
625 2828 833 2905 describere
871 2828 1238 2923 superexcellentiam
1273 2828 1429 2904 coelestis
1464 2828 1580 2926 regni,

406 2950 503 3045 quod
514 2970 613 3025 nunc
627 2956 731 3046 paret
743 2950 884 3045 poetice
894 2954 1246 3045 repraesentarepro
1255 2948 1406 3023 exordio
1416 2949 1582 3044 praemil·

405 3070 448 3143 tit
466 3089 580 3143 unam
595 3070 808 3164 maximam,
822 3090 906 3164 quae
920 3077 975 3144 est
989 3068 1198 3144 communis
1209 3069 1399 3165 conceptio
1412 3068 1579 3144 omnium

283 3238 285 3243 .
405 3189 627 3283 animorum,
653 3190 713 3264 cui
739 3189 991 3264 omnishomo
1012 3208 1111 3263 sane
1127 3188 1261 3263 mentis
1277 3188 1489 3283 acquiescit,
1509 3187 1582 3263 sei·

407 3308 502 3404 licet,
521 3308 620 3403 quod
641 3309 724 3385 coeli
749 3318 787 3385 et
812 3316 910 3385 terra
936 3311 1042 3405 plena
1055 3300 1091 3402 (³)
1120 3316 1207 3385 sunt
1232 3308 1423 3385 maiestate
1448 3309 1577 3406 glori‘ae

406 3428 533 3503 eterni
561 3428 670 3526 regis,
697 3429 760 3523 qul
785 3428 908 3504 omnia
936 3429 1029 3525 regit
1053 3434 1235 3525 potenter,
1255 3429 1439 3524 sapienter
1460 3435 1498 3504 et
1517 3430 1586 3503 be·

407 3548 630 3625 nevolenter.
657 3548 750 3623 llicit
774 3567 866 3646 ergo
896 3548 1021 3623 litera:
1048 3553 1101 3621 Lo
1128 3551 1261 3640 plotio,
1289 3569 1374 3643 quae
1403 3555 1459 3623 est
1484 3549 1584 3625 elara

407 3689 493 3745 oum
520 3668 630 3744 laude
650 3669 788 3762 notitia,
806 3672 844 3743 ae·
859 3672 962 3759 uolui,
979 3668 1126 3763 scilieet,
1145 3668 1406 3764 omnipotentis
1423 3670 1501 3763 liei,
1519 3670 1588 3764 qui

407 3797 463 3865 est
488 3789 630 3886 primus
655 3796 788 3881 motor,
814 3792 873 3863 cle
898 3796 981 3863 mtto
1005 3810 1141 3880 maore,
1163 3799 1202 3866 et
1226 3811 1248 3865 a
1275 3790 1375 3863 nullo
1397 3796 1582 3866 movetur.

407 3910 506 3985 Licet
532 3910 631 3985 euim
657 3910 903 4007 intelligentiae
929 3917 1102 3985 moreaul
1127 3910 1248 4005 orbes,
1274 3918 1312 3985 el
1337 3912 1472 3986 animae
1500 3932 1585 3987 cor-

407 4050 509 4127 pora,
538 4052 610 4105 non
635 4037 759 4106 tamen
777 4050 842 4127 per
867 4052 908 4107 se
934 4038 1141 4126 moventur,
1164 4031 1259 4107 sicul
1284 4032 1428 4107 clarum
1455 4052 1584 4107 erem·

408 4153 510 4247 plum
538 4150 717 4225 babemus
736 4151 783 4226 de
803 4150 897 4225 navi.
918 4151 1019 4227 Licet
1035 4151 1133 4227 enim
1156 4151 1194 4225 in
1214 4172 1348 4248 magna
1368 4152 1452 4227 navi
1468 4151 1587 4246 aliqui

409 4276 583 4345 moveant
608 4290 742 4365 remos,
758 4270 870 4365 aliqui
888 4272 1036 4347 trabant
1055 4271 1173 4367 lunes,
1189 4271 1302 4365 aliqui
1320 4278 1480 4347 vacuent
1497 4290 1583 4345 sen·

408 4390 535 4485 tinam,
562 4396 600 4465 el
623 4390 683 4465 alii
697 4379 734 4484 (³)
763 4392 916 4466 ministri
941 4391 1128 4469 intendant
1157 4392 1255 4467 cirea
1287 4391 1432 4467 diversa
1456 4413 1581 4489 opera,

410 4516 533 4585 tamen
559 4530 657 4584 unus
681 4517 737 4585 est
759 4511 1000 4607 gubernator,
1017 4510 1081 4606 qui
1111 4517 1241 4587 tenens
1271 4518 1455 4586 temonem
1488 4513 1583 4609 regb

408 4638 541 4724 tolum,
566 4629 613 4705 de
637 4630 744 4705 cuius
769 4650 880 4706 manu
909 4633 1042 4727 pendet
1067 4632 1167 4707 salus
1192 4632 1580 4708 totius-multitudinis

409 4750 494 4826 Ideo
512 4748 630 4823 llerro
646 4748 876 4825 doctissimus
898 4772 1139 4845 romanorum
1166 4752 1256 4828 dixit
1277 4752 1377 4848 quod
1403 4755 1501 4829 Ileus
1528 4762 1588 4831 est

409 4870 555 4946 animus
582 4874 685 4943 motu
710 4889 754 4943 ac
780 4870 922 4945 ratione
949 4871 1128 4947 mundum
1155 4875 1378 4968 gubernans,
1404 4881 1448 4949 ut
1472 4876 1586 4958 relert

471 5058 500 5122 l'l
516 5058 546 5109 E·
563 5057 711 5121 gloriarm.
904 5060 932 5121 (η
947 5064 971 5119 ι,
987 5061 1142 5111 munitur.
1153 5087 1184 5099 -
1195 5062 1225 5113 rr.
1242 5062 1421 5113 mnemon.

471 5134 498 5197 l¹l
516 5134 546 5185 E·
562 5132 631 5196 pleni
647 5138 714 5184 suut
905 5134 932 5197 (⁸)
950 5134 979 5185 li.
996 5136 1084 5200 aliqul.
