4575 6842
726 932 796 997 220
1084 943 1292 1001 conducunt
1313 946 1535 1002 curcumitu

724 1090 785 1178 lui,
810 1086 911 1182 idest,
930 1088 1046 1185 magis
1072 1109 1186 1183 quam
1204 1111 1281 1182 ros,
1298 1093 1358 1164 alre
1377 1092 1416 1163 di
1431 1080 1624 1184 ldpr'uprre,
1642 1092 1738 1167 ultra
1753 1093 1895 1189 rivum3

724 1213 760 1283 et
784 1228 872 1283 ecce
897 1228 1060 1303 causam,
1081 1206 1210 1303 percle*
1223 1214 1327 1304 colpc
1349 1235 1369 1285 e
1394 1214 1499 1285 duolo
1522 1215 1579 1285 rio
1602 1215 1723 1287 duno
1747 1217 1920 1307 murno,

725 1328 826 1422 idest,
857 1336 899 1404 ut
931 1330 1035 1404 dolor
1065 1337 1235 1425 aequetur
1264 1332 1394 1427 culpae,
1420 1332 1506 1425 quia
1541 1337 1642 1407 tauta
1675 1333 1786 1409 debet
1816 1355 1898 1411 esse

724 1467 844 1543 poena,
870 1457 1007 1543 quanta
1033 1450 1100 1524 luit
1125 1452 1409 1545 culpa—Non.
1436 1451 1502 1525 Hic
1525 1451 1684 1547 Beatrix,
1702 1461 1746 1525 ut
1766 1452 1897 1529 durius

723 1575 858 1665 arguat
883 1575 1040 1664 poetam,
1066 1569 1186 1664 primo
1218 1569 1302 1645 lacit
1333 1590 1506 1668 magnam
1537 1572 1893 1647 commendationem

725 1689 771 1765 de
788 1710 833 1764 eo
854 1690 1046 1766 ostendens
1064 1692 1198 1765 bonam
1216 1691 1454 1786 aptitudinem
1473 1692 1555 1767 eius
1571 1698 1608 1767 et
1623 1692 1893 1787 dispositionem

726 1830 797 1883 non
824 1812 942 1885 solum
968 1834 989 1886 a
1015 1813 1120 1905 coelo‚
1147 1811 1211 1885 sed
1236 1812 1347 1887 etiam
1365 1833 1388 1887 a
1405 1813 1491 1887 Deo.
1509 1812 1644 1887 Ordina
1661 1814 1713 1889 sic
1729 1814 1894 1889 literam:

725 1928 810 2005 dicit
835 1931 980 2007 Beatrix
1007 1931 1229 2026 respondens
1254 1932 1393 2028 angelis
1418 1932 1455 2005 in
1479 1933 1732 2009 contusionem
1754 1940 1893 2029 poetae:

730 2054 855 2142 ducati,
873 2053 1017 2146 scilicet,
1036 2053 1182 2146 Dentes,
1196 2054 1238 2146 su
1259 2056 1312 2125 tol
1333 2056 1427 2125 nella
1450 2074 1517 2126 sua
1542 2056 1613 2127 citu
1636 2074 1767 2145 nuova,
1789 2054 1893 2149 idest,

725 2171 761 2245 in
786 2172 964 2266 pueritia:
995 2172 1107 2266 aliqui
1145 2180 1270 2247 tamen
1308 2173 1435 2247 dicunt
1471 2174 1509 2247 in
1545 2194 1615 2249 suo
1652 2181 1808 2249 tractatu
1846 2176 1895 2251 de

725 2290 797 2363 vita
823 2312 929 2387 nora,
956 2313 1066 2385 quern
1094 2292 1178 2367 lecit
1208 2292 1244 2365 in
1264 2294 1479 2389 juventute3
1504 2294 1569 2368 sed
1593 2302 1694 2369 certe
1718 2294 1813 2369 istud
1839 2303 1895 2369 est

726 2410 920 2484 ridiculum
959 2412 1096 2508 dicere,
1135 2413 1222 2507 quia
1266 2420 1376 2487 autor
1417 2413 1658 2490 erubescebat
1690 2414 1737 2489 de
1774 2435 1820 2489 eo
1858 2415 1895 2489 ln

726 2539 870 2607 matura
896 2538 1014 2627 aetate,
1041 2537 1294 2625 olrtaolmente,
1319 2533 1421 2628 idest,
1446 2531 1730 2628 aptitudinaliter
1759 2542 1796 2609 et
1829 2556 1896 2631 po-

725 2654 930 2748 tentialiter,
957 2656 1007 2727 clr'
1020 2658 1105 2745 oqui
1128 2655 1221 2727 odito
1237 2658 1368 2745 dentre,
1386 2654 1488 2747 idest,
1505 2654 1655 2729 scientia
1673 2656 1731 2731 vel
1758 2655 1893 2748 virtus3

725 2795 810 2848 nam
828 2774 978 2849 scientia
992 2781 1047 2849 est
1060 2774 1205 2849 habitus
1218 2774 1459 2850 conclusionis
1472 2774 1743 2868 demonstrata,
1753 2782 1795 2849 ut
1808 2775 1895 2851 dicit

724 2895 956 2990 philosophus
986 2894 1105 2991 primo
1141 2895 1409 2989 posteriorum3
1442 2902 1482 2969 et
1512 2894 1629 2968 virtus
1660 2900 1716 2969 est
1747 2894 1894 2969 habitus
2046 2879 2049 2886 ⁴

724 3014 909 3109 electivus,
936 3021 978 3087 ut
1002 3013 1085 3088 dicit
1111 3014 1231 3110 primo
1252 3014 1471 3106 ethicorum,
1500 3014 1647 3087 amende
1668 3018 1758 3109 sato
1781 3017 1821 3088 in
1844 3017 1893 3089 lui

724 3138 866 3209 mirabli
877 3155 1006 3227 ρνουα,
1026 3135 1110 3229 quia
1129 3134 1315 3209 habuisset
1330 3136 1469 3209 bonum
1487 3134 1673 3228 ellectum,
1691 3135 1719 3209 si
1737 3135 1893 3210 dedisset

723 3278 764 3333 se
793 3257 861 3350 illi;
890 3277 963 3329 non
989 3276 1060 3350 pur
1086 3277 1154 3348 per
1182 3277 1275 3329 nora
1302 3259 1388 3330 delle
1414 3263 1515 3329 ruotc
1545 3276 1684 3348 moyam,
1716 3254 1819 3349 idest,
1844 3276 1892 3331 ex

723 3376 995 3452 constellatione
1019 3382 1056 3451 et
1074 3376 1260 3451 influentia
1276 3376 1471 3470 coelorum,
1488 3376 1551 3469 qui
1568 3382 1656 3450 sunt
1674 3396 1792 3471 sperae
1812 3395 1893 3449 ma-

725 3496 844 3590 ximae,
861 3498 920 3570 cle
937 3498 1090 3569 drizzarr
1106 3498 1246 3570 dorcon
1262 3517 1354 3570 seme
1369 3498 1420 3569 od
1437 3499 1542 3569 alcun
1555 3499 1639 3588 fine,
1659 3495 1761 3588 idest,
1780 3514 1893 3569 omne

724 3617 821 3711 quod
848 3616 1061 3711 producitur
1085 3616 1131 3691 ad
1161 3617 1300 3691 bonum
1334 3615 1457 3709 tlnem,
1482 3615 1578 3690 sicut
1608 3614 1741 3689 dicitur
1772 3613 1892 3709 primo

724 3736 894 3830 Paradisi,
914 3738 1065 3810 secondo
1084 3739 1144 3811 clrc
1162 3740 1192 3810 lc
1207 3740 1300 3811 stelle
1315 3758 1381 3810 sorr
1397 3758 1601 3829 campoque,
1619 3736 1722 3829 idest,
1739 3734 1894 3809 coniun-

724 3863 803 3950 ctae,
817 3858 887 3930 hoc
904 3862 970 3950 est,
984 3856 1188 3931 secundum
1202 3856 1496 3931 coniunctionem
1515 3857 1759 3952 planetarum,
1774 3861 1810 3930 et
1828 3852 1894 3927 tri·

725 3976 919 4072 plicitatem
946 3997 1089 4071 eorum,
1117 3978 1204 4073 quia
1228 3977 1337 4051 aliam
1371 3976 1621 4071 operationem
1652 3976 1736 4051 lacit
1764 3976 1892 4050 Satur·

725 4120 794 4173 nus
820 4098 1036 4173 coniunctus
1060 4118 1147 4173 cum
1173 4099 1276 4192 Jove,
1301 4098 1411 4173 aliam
1441 4118 1527 4172 cum
1559 4098 1684 4190 Marte,
1710 4102 1748 4171 et
1773 4095 1824 4171 ita
1846 4095 1894 4171 de

724 4220 821 4314 aliis3
847 4226 884 4294 et
909 4220 1019 4294 etiam
1045 4219 1141 4305 idem
1168 4219 1313 4315 plancta
1339 4218 1424 4293 lacit
1447 4219 1556 4293 aliam
1574 4216 1837 4313 operationem,
1855 4215 1893 4289 in

724 4364 794 4417 suo
818 4340 1011 4433 domicilio,
1038 4340 1148 4415 aliam
1174 4339 1210 4413 in
1236 4340 1340 4437 signo
1364 4360 1437 4414 non
1453 4360 1533 4415 suo.
1552 4340 1595 4413 llt
1611 4338 1711 4434 quod
1728 4339 1810 4433 plus
1826 4344 1893 4431 est,

724 4484 784 4536 mu
805 4484 871 4555 ρον
896 4449 1090 4553 Ιανρννρνα
1113 4462 1152 4535 di
1174 4465 1300 4553 pruzic
1323 4462 1450 4554 divine,
1469 4464 1529 4535 clre
1553 4464 1672 4534 donno
1696 4452 1727 4532 ri
1750 4461 1814 4533 alti
1829 4478 1894 4531 vo·

722 4586 816 4676 pori,
844 4581 947 4677 idest,
973 4582 1234 4676 profundoso
1268 4584 1325 4654 lor
1350 4585 1471 4676 pinon,
1499 4581 1602 4674 idest,
1632 4580 1807 4678 pluviam,
1832 4581 1894 4653 cle

724 4708 842 4776 nostre
861 4705 956 4796 visre,
977 4701 1078 4797 idest,
1100 4700 1366 4798 speculationes
1381 4700 1656 4794 intellectuales,
1681 4692 1806 4773 ldnorr
1822 4720 1894 4772 van

726 4826 846 4917 mnne,
875 4822 976 4915 idest,
1000 4843 1074 4897 non
1098 4822 1282 4919 attingunt
1306 4822 1351 4897 ad
1378 4820 1661 4917 profunditatem
1685 4819 1895 4895 divinarum

725 4942 940 5040 gratiarum.
959 4943 1002 5017 Et
1027 4944 1211 5018 concludit
1230 4963 1277 5018 ex
1295 4944 1366 5017 hoc
1382 4943 1481 5037 quod
1501 4943 1619 5040 gratia
1639 4940 1747 5017 cessit
1763 4939 1828 5014 sibi
1846 4939 1893 5015 ad

725 5063 903 5139 damnum
929 5064 1017 5157 quia
1040 5064 1179 5139 abusus
1196 5070 1262 5159 est,
1280 5082 1346 5159 per
1362 5083 1477 5137 unam
1494 5061 1805 5157 comparationem
1826 5081 1893 5135 no-
