4575 6842
849 975 990 1029 munus
1013 976 1159 1031 SEXTUS.
1203 971 1205 977 ’
1522 964 1594 1031 425

422 1142 525 1196 mum
552 1124 621 1197 sub
647 1123 766 1219 primo
797 1142 897 1217 rege,
928 1120 1130 1195 secundnm
1165 1122 1234 1195 sub
1262 1123 1402 1198 ultimo.
1434 1124 1487 1199 bd
1518 1126 1597 1202 evi·

419 1244 578 1319 dentiam
606 1243 711 1339 primi
737 1249 793 1317 est
818 1242 937 1337 primo
962 1240 1151 1316 sciendum
1180 1242 1279 1334 quod
1305 1245 1485 1320 Romulus
1509 1247 1594 1321 lun-

418 1365 502 1440 data
528 1366 621 1439 urbe
646 1356 828 1456 Romuli,
856 1367 893 1437 et
923 1361 1063 1435 munita
1089 1361 1239 1435 consilio
1271 1369 1307 1437 et
1341 1365 1478 1461 militia,
1506 1366 1593 1460 quia

419 1486 497 1561 siue
522 1482 738 1557 mulieribus
763 1502 896 1577 parum
922 1482 1059 1555 durare
1080 1486 1235 1575 poterat,
1255 1483 1380 1577 petivit
1401 1485 1593 1561 matrimo-

420 1607 478 1681 nia
502 1626 526 1679 a
551 1603 697 1696 vicinis3
723 1601 786 1675 sed
813 1608 964 1698 negatas
989 1601 1025 1675 vi
1051 1607 1089 1675 et
1114 1601 1244 1677 frande
1271 1604 1403 1698 rapuit,
1421 1604 1594 1681 simulato

419 1724 627 1822 spectaculo
651 1723 698 1797 ad
723 1722 821 1816 quod
847 1722 985 1797 vicinos
1014 1721 1243 1797 invitaverat.
1270 1723 1500 1820 Quapropter
1535 1746 1595 1799 sa-

418 1845 493 1943 bini
518 1851 599 1939 post
622 1864 752 1917 omnes
776 1850 960 1916 venerunt
984 1843 1117 1917 armati
1135 1849 1263 1918 contra
1285 1844 1454 1939 Romam,
1479 1850 1516 1919 et
1539 1846 1595 1920 in·

418 1964 534 2063 gressi
547 1964 631 2037 dolo
644 1962 829 2037 civitatem
843 1963 1054 2037 babuerunt
1066 1962 1204 2037 bellum
1220 1964 1490 2038 atrocissimum
1506 1986 1592 2040 curn

421 2084 602 2178 romanis;
627 2102 714 2157 cum
732 2089 858 2156 autem
877 2102 918 2157 se
941 2081 1098 2157 invicem
1120 2083 1238 2157 soceri
1256 2090 1293 2157 et
1309 2084 1438 2181 generi
1456 2085 1593 2161 crude·

420 2206 502 2281 liter
528 2202 762 2296 trucidarent,
790 2201 944 2276 liualiter
969 2203 1105 2277 sabinae
1133 2210 1246 2298 raptae
1272 2204 1367 2279 inter
1394 2212 1594 2299 utramque

418 2327 536 2402 aciem
562 2324 756 2416 irruentes,
774 2322 1018 2418 supplicantes
1040 2345 1138 2399 nunc
1156 2324 1243 2397 viris
1261 2346 1359 2400 nunc
1380 2326 1594 2421 parentibus

420 2453 461 2522 ut
484 2450 671 2521 verterent
696 2435 854 2535 armal²l
885 2444 923 2518 in
948 2466 1011 2519 eas
1041 2466 1124 2538 quae
1155 2444 1303 2519 luerent
1332 2466 1443 2520 causa
1475 2447 1593 2546 malo-

421 2589 518 2661 rum,
536 2568 774 2661 placaverunt
798 2571 1001 2657 utrumque
1019 2566 1208 2660 populum,
1227 2564 1291 2659 qui
1311 2566 1461 2641 abiectis
1478 2566 1592 2639 armis

420 2708 547 2785 pacem
575 2686 751 2778 lecerunt,
778 2687 815 2757 et
839 2704 885 2757 ex
918 2690 1078 2778 utraque
1109 2693 1220 2781 gente
1250 2707 1367 2759 unum
1395 2685 1593 2780 populum3

420 2814 457 2882 et
480 2805 662 2881 Romulus
687 2803 831 2878 Tatium
866 2825 991 2899 regem
1023 2804 1237 2878 sabinorum
1264 2805 1350 2879 iecit
1381 2809 1589 2880 consortem

421 2929 535 3025 regni.
554 2926 607 3001 Ad
623 2924 826 2999 secundum
853 2930 908 2997 est
932 2924 1121 2999 sciendum
1144 2925 1255 3020 quod,
1276 2926 1371 3000 sicut
1390 2926 1514 3001 scribit
1531 2924 1592 2997 Li·

419 3049 501 3124 vius
526 3049 562 3121 iu
588 3047 661 3121 line
684 3044 804 3141 primi,
830 3036 968 3136 cuml³l
995 3046 1185 3140 Superbus
1209 3053 1305 3121 esset
1332 3048 1370 3121 in
1402 3047 1604 3123 obsidione·

420 3170 547 3246 vicinae
580 3167 680 3242 urbis
714 3166 775 3240 lilii
810 3166 890 3240 eius
921 3172 959 3239 et
988 3166 1186 3240 Collatinus
1219 3166 1515 3262 consanguineus
1553 3167 1590 3240 in

418 3288 586 3366 convivio
611 3288 707 3362 inter
732 3286 815 3361 vina
847 3287 1057 3361 babuerunt
1088 3305 1298 3359 sermonem
1325 3284 1589 3380 demonibus,

419 3417 456 3487 et
489 3408 652 3503 quolibet
684 3405 967 3481 commendante
997 3426 1117 3498 suam,
1149 3405 1348 3480 Collatinus
1378 3426 1484 3479 suam
1518 3407 1592 3480 Lu-

418 3529 569 3607 cretiam
608 3525 716 3601 altius
753 3525 960 3600 extollebat.
999 3523 1123 3611 Quare
1161 3524 1209 3599 ad
1242 3525 1446 3600 babendum
1478 3545 1591 3621 expc-

419 3651 587 3729 rientiam
611 3646 768 3741 acceptis
794 3645 900 3739 equis
924 3652 1106 3720 venerunt
1136 3645 1306 3721 celeriter
1336 3647 1494 3721 Romam
1527 3646 1590 3721 ubi

418 3774 639 3848 invenerunt
664 3789 782 3841 nurus
808 3766 905 3863 regis
930 3766 1025 3839 inter
1042 3765 1210 3840 convivia
1235 3774 1274 3841 et
1298 3767 1403 3841 ludos
1428 3788 1515 3843 cum
1543 3768 1592 3840 si-

419 3894 584 3969 milibus:
610 3888 741 3964 deinde
758 3894 888 3961 euntes
912 3884 959 3959 ad
975 3893 1114 3959 terram
1132 3884 1299 3960 Collatini
1316 3875 1352 3979 (⁴)
1370 3887 1592 3963 invenerunt

418 4013 624 4089 Lucretiam
660 4010 755 4083 inter
788 4006 938 4081 ancillas
974 4005 1165 4101 vigilanter
1189 3996 1225 4097 (⁸)
1257 4005 1509 4101 laborantem3
1542 4028 1587 4083 ex

419 4156 494 4228 quo
519 4135 599 4208 laus
622 4128 862 4206 contentionis
886 4126 971 4201 data
996 4132 1051 4200 est
1075 4126 1153 4200 sibi.
1181 4126 1314 4201 Sextus
1344 4128 1465 4203 minor
1495 4129 1590 4203 lilius

420 4252 606 4348 Tarquinii
618 4251 793 4325 continuo
805 4248 1053 4322 intlammatus
1065 4265 1196 4321 amore
1208 4248 1387 4321 Lucretiae
1402 4239 1588 4341 rationel⁶l

418 4371 669 4469 pulcritudinis
682 4378 719 4445 et
733 4366 930 4444 honestatis
942 4373 1023 4461 post
1039 4366 1179 4461 aliquot
1196 4366 1272 4443 dies
1290 4388 1375 4443 cum
1395 4370 1473 4443 solo
1489 4369 1589 4444 socio

420 4492 607 4567 Collatiam
630 4489 752 4582 rediit3
773 4488 820 4561 ibi
835 4477 873 4579 (⁷)
899 4486 1057 4583 benigne
1077 4492 1248 4580 receptus
1268 4508 1290 4560 a
1308 4489 1476 4563 Lucretia
1502 4510 1587 4565 cum

479 4723 506 4782 (¹)
523 4721 553 4770 ll.
567 4732 684 4770 romane.
760 4722 764 4726 ’
1025 4718 1053 4778 (’)
1071 4717 1101 4767 Β.
1117 4730 1190 4768 arma
1208 4716 1293 4781 pollue
1309 4718 1334 4767 in
1351 4731 1403 4769 eas.

479 4797 507 4860 (³)
523 4799 554 4848 lt.
570 4811 633 4847 cum
649 4796 807 4861 Tarquinius
821 4794 957 4858 superbus.
1026 4792 1055 4855 ι’)
1071 4794 1102 4843 Ε.
1118 4793 1261 4845 Collatiam.
1324 4796 1351 4855 (¹)
1367 4795 1399 4845 Ε.
1416 4795 1559 4860 vigilantes.

479 4876 507 4937 (⁸)
524 4875 555 4925 ll.
571 4880 625 4924 tum
641 4876 741 4924 ratione
756 4872 938 4937 pulcritudinis
952 4883 1031 4935 quem
1047 4870 1195 4921 tonantis

478 4953 506 5014 (η
523 4952 554 5002 Β.
569 4952 615 5001 ubl
632 4952 741 5015 bectens
757 4956 878 5013 reoeprns
892 4949 925 4999 ab
939 4948 1032 4997 mdem
1047 4948 1170 4999 Lucretia
1187 4948 1331 4999 honorifice
1341 4954 1369 4999 ot
1379 4950 1516 5001 docentur
1532 4954 1591 5014 pon

418 5031 486 5081 diem
501 5029 653 5080 adveniente
668 5034 745 5079 nocte
759 5029 915 5092 sopitis-jun
929 5026 1052 5076 omnibns
1061 5026 1156 5075 erdem
1171 5038 1261 5076 umore
1276 5026 1382 5078 intrarit
1398 5027 1431 5077 ad
1440 5027 1589 5077 Lucretiam

418 5107 499 5171 lpum
515 5107 686 5156 domicum
701 5112 729 5156 et
744 5118 806 5156 eum
822 5104 908 5168 gladio
923 5104 950 5153 in
966 5115 1047 5153 manu
1062 5102 1193 5154 blanditur
1208 5116 1285 5153 enm:
1300 5108 1328 5154 et
1343 5102 1465 5155 breviter.
