4575 6842
710 949 783 1015 494
1101 959 1310 1015 contuntur
1334 958 1501 1013 ornantur

709 1106 783 1181 iani
809 1110 1031 1200 reputantur
1054 1104 1223 1179 hominos
1248 1103 1388 1179 cordati
1413 1109 1451 1177 ot
1475 1122 1626 1198 sagaces
1645 1102 1742 1193 inter
1762 1104 1884 1201 hispa-

709 1245 794 1319 nos;
827 1232 867 1299 ct
894 1224 996 1300 dicit:
1023 1220 1155 1317 pactd
1184 1246 1258 1298 non
1287 1226 1338 1316 qu·
1367 1224 1570 1317 offendam,
1597 1222 1692 1299 sicut
1723 1224 1884 1319 superba

709 1344 858 1419 iuxuria
890 1345 1103 1420 francorum
1138 1344 1289 1420 offendit
1322 1344 1488 1419 animum
1527 1364 1650 1417 suum.
1685 1346 1731 1417 Et
1762 1344 1886 1419 subdit

709 1464 915 1561 periculum
941 1466 1147 1560 imminens,
1166 1486 1253 1540 cum
1271 1464 1374 1540 dicit:
1400 1458 1463 1539 cdd
1476 1471 1672 1539 veramente
1683 1470 1885 1558 provveder

709 1587 856 1680 ῠὺορηα
868 1609 937 1679 per
953 1590 1014 1678 lui,
1031 1587 1167 1661 scilicet
1181 1606 1321 1683 rogem,
1335 1606 1433 1679 oper
1445 1587 1566 1677 dtrtri,
1579 1584 1727 1678 scilicet,
1745 1586 1884 1661 haben·

710 1712 786 1781 tem
812 1713 1030 1802 potcstatem
1055 1707 1104 1781 ab
1129 1726 1186 1800 oo,
1212 1698 1241 1779 aa*
1266 1708 1353 1779 ct’u
1377 1726 1444 1779 cua
1463 1706 1574 1779 barca
1599 1712 1758 1798 moon,
1777 1705 1882 1801 idest,

710 1845 779 1900 suo
804 1847 920 1922 regno
944 1846 1119 1921 opprcoso
1143 1826 1432 1921 gravaminibus,
1452 1821 1517 1919 pti
1546 1827 1586 1899 dt
1612 1846 1718 1899 carco
1746 1846 1819 1899 uon
1851 1829 1885 1899 si

597 1927 600 1932 ⁵
707 1967 843 2039 nonna,
871 1945 975 2039 idon,
1001 1966 1075 2019 non
1099 1951 1307 2041 apponatur
1331 1947 1414 2041 pius
1439 1946 1573 2021 oneris.
1601 1947 1643 2019 Et
1676 1953 1731 2019 est
1754 1946 1881 2041 pulcra

710 2067 944 2161 metaphora3
971 2086 1057 2139 nam
1085 2086 1151 2141 rcx
1179 2066 1273 2162 regit
1299 2086 1469 2163 rognum,
1488 2066 1582 2141 sicut
1599 2072 1712 2155 nanta
1738 2066 1880 2141 navim:

709 2185 805 2261 sicut
834 2207 924 2283 ergo
955 2187 1094 2281 peritus
1119 2194 1232 2262 nauta
1264 2187 1414 2281 quando
1448 2186 1617 2263 imminet
1647 2188 1881 2285 naufragium

712 2307 883 2382 diminuit
907 2307 954 2382 do
978 2327 1104 2402 onere,
1129 2308 1181 2382 ita
1206 2308 1350 2403 sapiens
1376 2328 1440 2382 rex
1475 2308 1623 2403 quando
1656 2308 1753 2385 ridot
1786 2310 1884 2405 peri-

712 2429 842 2505 cnlum
875 2429 1008 2503 minuit
1038 2429 1085 2505 dc
1115 2430 1343 2527 gravamina,
1377 2451 1448 2505 non
1466 2424 1502 2521 (¹)
1538 2429 1776 2505 addit-Lu
1806 2451 1882 2503 mu.

712 2549 778 2623 Hic
808 2548 937 2624 ultimo
970 2550 1124 2624 Carolus
1155 2549 1349 2643 concludit,
1380 2548 1479 2643 quod
1510 2569 1576 2624 rex
1606 2569 1742 2624 avarus
1773 2550 1885 2624 nollet

711 2668 851 2744 habore
875 2669 1050 2743 officiatos
1080 2688 1224 2763 avaros,
1255 2668 1396 2743 dicens:
1427 2674 1479 2741 Lu
1511 2688 1577 2741 uto
1609 2676 1742 2742 nunna
1774 2672 1835 2743 cde
1867 2666 1889 2743 e*

707 2808 840 2881 parco,
865 2788 969 2882 idest,
995 2810 1121 2883 avara,
1147 2792 1277 2863 docere
1301 2792 1339 2863 di
1369 2792 1489 2882 torna,
1520 2788 1667 2882 scilicet,
1701 2809 1748 2865 ox
1781 2796 1886 2883 patro

711 2908 876 3002 libcra1i3
902 2910 962 2985 vei
993 2910 1070 2984 dic:
1105 2930 1153 2984 ox
1187 2909 1403 2985 iiberalitate
1432 2908 1617 2983 descondit
1651 2910 1688 2983 in
1723 2910 1886 3003 parvita-

711 3036 807 3125 tem3
832 3033 939 3103 corin
955 3034 1092 3105 mender
1116 3034 1156 3105 di
1179 3034 1231 3105 ut
1253 3034 1400 3121 mttiziu,
1417 3029 1520 3123 idest,
1541 3030 1741 3105 curiatibus
1766 3036 1804 3105 ot
1829 3031 1886 3106 ot·

710 3149 898 3244 noiatibus,
923 3154 985 3224 cta
1008 3172 1082 3225 non
1105 3172 1249 3225 curasse
1271 3153 1310 3225 dt
1333 3158 1472 3225 mettere
1498 3153 1537 3224 in
1565 3171 1666 3244 arcu,
1696 3151 1797 3244 idest,
1826 3170 1887 3225 ro-

709 3290 848 3365 ponerc
872 3271 1080 3366 pecuniam.
1107 3272 1151 3345 Et
1176 3271 1236 3345 hic
1262 3278 1360 3365 nota,
1387 3272 1513 3365 iactor,
1540 3270 1639 3365 quod
1665 3292 1738 3346 non
1764 3272 1884 3346 sotum

702 3390 914 3485 judicatura
939 3392 1053 3489 vulgi,
1079 3391 1143 3466 sod
1163 3391 1274 3467 ctiam
1292 3391 1481 3465 sententiae
1498 3391 1704 3486 sapientum
1725 3392 1885 3466 muitum

706 3508 915 3585 discordant
939 3512 977 3585 in
1002 3511 1099 3586 iacto
1125 3511 1228 3585 istius
1253 3510 1381 3585 famosi
1409 3511 1525 3608 rogis3
1553 3510 1651 3585 undo
1672 3511 1747 3586 duo
1768 3518 1887 3607 poetae

707 3629 890 3703 torentini
915 3636 1002 3705 sunt
1026 3630 1093 3704 sibi
1119 3630 1292 3707 contrarii
1323 3631 1360 3705 in
1392 3629 1594 3706 scribondo.
1626 3632 1719 3706 Nam
1747 3632 1886 3727 judicio

708 3770 793 3823 mco
818 3751 1019 3827 Potrarcha
1045 3750 1154 3825 nimis
1179 3750 1416 3825 commendat
1440 3771 1527 3825 oum
1559 3770 1706 3846 sempor
1735 3758 1773 3826 ct
1804 3750 1886 3825 nbi·

708 3892 796 3966 que,
820 3870 941 3946 dando
965 3872 1032 3946 sibi
1058 3892 1187 3947 omncs
1213 3879 1311 3947 artes
1328 3877 1366 3947 ot
1382 3892 1511 3947 omnm
1528 3872 1695 3966 virtutes,
1713 3870 1799 3966 quia
1817 3870 1886 3946 tuit

709 3993 870 4066 muitum
888 3992 1092 4067 honoratus
1108 3993 1157 4067 ab
1174 4013 1230 4087 oo,
1253 3999 1290 4067 ct
1307 3998 1499 4089 promotus
1516 3992 1563 4067 ad
1580 3992 1748 4068 lauream
1771 4012 1885 4088 quam

711 4112 848 4208 recepit
865 4112 903 4186 in
919 4113 1088 4208 capitolio
1105 4113 1252 4188 Romae:
1270 4114 1405 4188 Dantos
1418 4134 1509 4189 roro
1527 4114 1635 4188 nimis
1652 4114 1776 4209 culpat
1795 4134 1883 4189 oum

708 4234 757 4307 ab
781 4232 948 4327 avaritia,
966 4254 1080 4329 quam
1107 4234 1184 4328 ipso
1210 4234 1336 4308 habuit
1361 4234 1469 4309 nimis
1492 4233 1586 4308 odio.
1613 4236 1658 4308 Et
1684 4252 1773 4310 vare
1790 4234 1887 4309 istud

709 4351 838 4427 vitium
872 4353 993 4449 posuit
1026 4373 1100 4428 non
1135 4374 1288 4449 parvam
1322 4355 1507 4431 maculam
1541 4355 1577 4429 in
1609 4354 1764 4452 gloriam
1796 4354 1886 4429 tanti

709 4474 826 4571 rogis3
854 4473 953 4549 undo
976 4494 1122 4569 possem
1150 4494 1304 4549 narrare
1328 4474 1452 4570 aliqua
1476 4475 1586 4571 digna
1602 4474 1769 4551 censoria
1787 4482 1885 4569 nota,

710 4614 796 4689 quae
813 4616 861 4669 ox
879 4594 1077 4689 cupiditate
1094 4594 1194 4689 iccit3
1212 4595 1294 4669 ideo
1314 4596 1410 4669 benc
1427 4595 1667 4670 cancellarius
1684 4615 1775 4669 snus
1797 4615 1883 4670 cum

709 4716 895 4791 Robcrtus
919 4715 1076 4791 diecret:
1103 4716 1262 4811 spiritus,
1290 4715 1352 4791 ubi
1378 4717 1468 4809 vuit,
1486 4715 1618 4811 spirat3
1633 4716 1760 4811 jocoso
1776 4706 1884 4789 dixit:

711 4842 750 4909 ct
774 4835 970 4929 Robcrtus,
997 4835 1062 4910 ubi
1086 4838 1178 4931 vnit,
1205 4836 1301 4931 pitat.

777 5092 806 5156 (¹)
822 5093 855 5145 B.
870 5099 897 5145 ct
911 5108 965 5146 non
979 5096 1060 5147 addit.
