4575 6842
728 965 799 1035 118
1117 978 1322 1035 consnrmr
1348 980 1515 1034 mnlnrsr

724 1121 830 1196 sedes
850 1122 948 1197 enim
976 1123 1122 1233 imperii
1139 1124 1209 1197 luit
1225 1124 1286 1199 diu
1306 1126 1434 1198 Romae
1453 1124 1549 1197 ultra
1570 1130 1754 1199 tercentos
1774 1145 1900 1220 annos,

723 1242 822 1337 apud
855 1262 998 1340 graeoos
1031 1243 1100 1317 luit
1134 1243 1283 1339 diutius,
1316 1244 1453 1319 scilicet
1486 1243 1584 1318 ultra
1614 1244 1900 1342 quadringentos

725 1382 863 1457 annos;
880 1364 978 1458 apud
994 1364 1110 1460 gallos
1128 1386 1274 1459 parum,
1292 1365 1428 1439 scilicet
1447 1365 1544 1439 ultra
1561 1371 1711 1439 centurn
1728 1358 1786 1459 (');
1803 1366 1900 1462 apud

724 1482 940 1557 alamannos
972 1484 1144 1578 multum,
1176 1486 1261 1579 quia
1288 1486 1385 1559 ultra
1421 1478 1604 1559 ieroentos
1636 1505 1901 1579 annosasque

725 1602 833 1677 hodie
860 1611 1000 1701 regnat,
1028 1608 1141 1679 vicino
1167 1609 1205 1679 ai
1229 1609 1348 1700 monti,
1376 1605 1524 1699 scilicet,
1552 1605 1731 1701 Phrygiae,
1748 1608 1801 1679 de’
1819 1609 1902 1699 quoi

720 1727 845 1815 primo
866 1717 973 1817 usco,
1000 1726 1148 1819 qnando
1173 1733 1317 1822 portata
1340 1726 1410 1799 luit
1426 1726 1474 1800 ab
1490 1727 1629 1801 lineaa
1650 1728 1757 1801 Troia
1773 1728 1811 1800 in
1828 1729 1901 1802 lta·

726 1842 824 1936 liam,
851 1844 1021 1937 quamvis
1046 1846 1167 1941 primo
1192 1846 1365 1920 fueritin
1391 1846 1498 1921 Creta
1528 1846 1625 1942 apud
1651 1848 1790 1941 lovem,
1818 1848 1900 1923 ideo

627 2043 629 2046 ,
725 1968 847 2057 posset
872 1964 982 2038 etiam
1010 1966 1160 2063 intelligi
1190 1967 1236 2041 de
1268 1967 1455 2041 montibus
1483 1968 1613 2042 Gretae.
1648 1968 1690 2041 Et
1721 1968 1900 2044 londino

724 2083 812 2155 luit:
834 2090 959 2177 postia
982 2089 1041 2159 ote
1069 2092 1273 2162 constantin
1297 2091 1453 2181 ianuile
1471 2092 1576 2181 volae,
1597 2088 1698 2182 idest,
1717 2089 1901 2163 transtulit

724 2204 920 2299 imperium
947 2206 984 2280 in
1009 2207 1200 2282 Graeciam.
1219 2210 1272 2283 lle
1295 2208 1517 2283 Constantini
1537 2210 1732 2283 virtutibus
1757 2216 1795 2285 et
1819 2212 1901 2284 lan·

723 2322 830 2399 (libus
847 2324 990 2400 dinetur
1010 2326 1103 2402 inira
1121 2328 1158 2401 in
1171 2329 1242 2403 alio
1256 2328 1415 2423 capitulo
1434 2328 1543 2403 ouius
1567 2330 1666 2403 libri:
1680 2336 1717 2405 et
1730 2330 1816 2405 dicit
1835 2352 1901 2405 no·

724 2450 864 2520 tanler:
890 2456 1015 2521 onnon
1031 2450 1056 2521 'l
1079 2470 1183 2521 corso
1201 2452 1258 2523 del
1271 2451 1344 2523 orel.
1362 2448 1466 2523 Unde
1486 2456 1572 2523 nota
1591 2449 1689 2543 quod
1711 2450 1778 2525 ista
1796 2450 1899 2527 litera

724 2571 842 2659 potest
870 2568 1019 2666 intelligi
1054 2570 1262 2665 dupliciter5
1296 2590 1371 2644 uno
1405 2569 1514 2643 modo
1543 2569 1726 2664 historice,
1752 2570 1898 2666 seilicet,

724 2688 824 2782 quod
848 2690 971 2783 aquila
997 2696 1140 2785 portata
1171 2690 1219 2765 ab
1248 2692 1347 2765 Enea
1379 2691 1427 2765 ab
1459 2690 1541 2763 Asia
1573 2691 1609 2764 in
1636 2692 1774 2766 ltaliam
1802 2692 1899 2766 venit

724 2827 811 2881 eum
837 2829 948 2883 cursu
976 2810 1071 2903 ooeli,
1090 2810 1177 2904 quia
1194 2811 1330 2885 scilicet
1353 2810 1401 2884 ab
1421 2810 1564 2885 oriente
1589 2810 1626 2884 in
1651 2812 1898 2907 occidentem

724 2929 872 3021 quando
899 2950 987 3004 vero
1013 2930 1080 3003 luit
1107 2936 1291 3025 reportata
1315 2950 1383 3025 per
1411 2931 1688 3006 Constantinum
1721 2932 1767 3005 de
1797 2932 1897 3009 ltalia

724 3047 761 3121 in
786 3049 979 3155 Gramiam¹
992 3050 1057 3123 ivit
1081 3057 1209 3125 contra
1231 3070 1382 3125 cursum
1402 3051 1497 3145 coeli,
1515 3050 1601 3145 qnia
1620 3051 1754 3126 scilicet
1771 3052 1818 3126 ab
1835 3074 1895 3127 oc·

724 3168 867 3244 sidente
893 3170 928 3242 in
954 3169 1153 3245 orientem:
1175 3172 1247 3246 alio
1265 3172 1375 3246 modo
1393 3177 1511 3267 potest
1531 3172 1682 3269 intelligi
1702 3173 1899 3269 allegorice

724 3291 823 3385 qnod
847 3292 971 3385 aquila
997 3292 1116 3386 primo
1142 3298 1285 3386 portata
1318 3292 1354 3365 in
1386 3292 1487 3367 ltalia
1524 3293 1621 3367 venit
1654 3314 1740 3367 cum
1773 3293 1899 3369 lavore

706 3411 807 3500 eoeli
833 3418 870 3485 et
895 3432 1042 3508 semper
1067 3413 1226 3486 exaltata
1246 3421 1321 3505 est3
1340 3412 1487 3505 quando
1506 3432 1595 3487 vero
1622 3412 1689 3487 init
1714 3419 1898 3509 reportata

723 3531 853 3607 habuit
872 3532 1099 3605 contrarium
1119 3553 1271 3607 cursum
1291 3532 1386 3626 omli,
1414 3532 1500 3626 quia
1521 3552 1669 3629 semper
1685 3533 1897 3628 declinavit3

723 3659 763 3726 et
790 3652 901 3725 oredo
935 3653 1034 3745 quod
1065 3651 1132 3727 ista
1165 3653 1277 3728 luerit
1311 3652 1462 3727 intentio
1496 3654 1655 3728 autoris:
1685 3655 1749 3731 sed
1781 3655 1898 3750 prima

723 3772 900 3867 expositio
926 3773 1071 3847 videtur
1097 3773 1238 3867 melior,
1261 3774 1345 3867 quia
1361 3764 1397 3865 (²)
1421 3782 1507 3847 ante
1523 3773 1801 3849 Constantinum
1828 3775 1900 3847 irn-

572 3936 577 3941 ·
724 3892 868 3988 perium
896 3894 1053 3966 multum
1080 3893 1327 3969 declinaverat
1353 3899 1432 3987 post
1453 3894 1672 3989 Augustum.
1692 3895 1791 3969 Bene
1807 3915 1899 3990 ergo

724 4011 829 4086 dicit:
853 4014 979 4087 olt'ello
1002 4017 1134 4107 sannio,
1162 4014 1265 4107 idest,
1287 4033 1398 4107 quem
1425 4033 1579 4088 cursum
1605 4013 1679 4109 ipsa
1697 4014 1819 4108 aquila
1838 4035 1898 4089 se·

724 4140 841 4227 quuta
866 4142 933 4228 est,
959 4138 1071 4208 deero
1096 4137 1296 4226 atlantico,
1317 4133 1452 4209 seilicet
1477 4134 1627 4227 lineam,
1649 4135 1711 4228 qui
1730 4136 1828 4210 venit
1859 4136 1897 4209 in

724 4254 863 4328 ltaliam
882 4254 1043 4350 fereper
1061 4254 1347 4351 quadringentos
1368 4274 1483 4328 annos
1500 4259 1587 4327 ante
1612 4255 1744 4329 urbem
1771 4255 1897 4330 oondi-

723 4382 812 4467 tem,
838 4376 899 4447 ote
924 4379 1059 4449 [noina
1076 4378 1172 4468 colse,
1192 4374 1328 4449 scilicet
1346 4374 1381 4448 in
1408 4394 1579 4467 uxorem,
1598 4379 1639 4447 ut
1655 4373 1739 4449 alibi
1757 4373 1896 4450 dictum

724 4503 779 4569 est
803 4501 841 4569 et
865 4496 987 4568 statim
1014 4497 1167 4570 dicetur.
1195 4496 1237 4569 llt
1263 4496 1321 4570 hic
1347 4502 1433 4569 nota
1450 4494 1546 4568 bene
1565 4494 1663 4588 quod
1682 4494 1897 4571 monarchia

725 4615 866 4688 romani
893 4615 1036 4711 imperii
1061 4616 1155 4690 lacta
1182 4621 1237 4691 est
1262 4616 1332 4689 sub
1358 4616 1513 4709 Caesare,
1540 4614 1712 4708 ampliata
1729 4615 1800 4689 sub
1821 4615 1898 4690 Au-

722 4744 843 4833 gusto,
869 4738 938 4811 snb
963 4738 1118 4812 Traiano
1147 4742 1326 4833 reparata,
1345 4736 1414 4811 sub
1437 4735 1673 4811 Constantino
1685 4735 1896 4832 justificata,

724 4858 793 4931 sub
817 4857 1020 4931 iustiniano
1044 4857 1223 4950 ordinata,
1249 4856 1319 4932 sub
1352 4856 1553 4931 Theodosio
1586 4863 1802 4951 sustentata,
1826 4857 1897 4931 sub

788 5116 815 5178 (¹)
831 5116 862 5165 ll.
877 5121 983 5166 centum
998 5131 1093 5179 annom
1108 5117 1185 5181 ιμιᾱ,
1310 5116 1338 5179 (¹)
1354 5117 1384 5167 lt.
1400 5117 1522 5181 quonism
1539 5121 1598 5167 ante
1613 5114 1818 5181 Conlatinum.
