4575 6842
730 972 802 1039 278
1091 980 1296 1038 cornuorum
1320 982 1543 1037 runonuonn

728 1134 789 1203 tur
814 1128 852 1202 in
876 1131 1032 1223 petram,
1064 1128 1169 1223 quasi
1203 1127 1310 1223 dicat,
1344 1127 1413 1201 nisi
1443 1147 1547 1202 mens
1575 1133 1640 1203 tua
1665 1128 1781 1203 labilis
1805 1136 1900 1205 esset

729 1246 915 1324 saxificata
935 1267 981 1322 co
1006 1247 1118 1322 modo
1135 1268 1211 1343 quo
1230 1268 1329 1343 aqua
1349 1248 1452 1323 illae.
1478 1245 1532 1322 Ad
1552 1246 1652 1342 quod
1676 1250 1776 1325 clare
1791 1242 1829 1342 (¹)
1846 1250 1902 1324 in-

729 1367 965 1465 telligendum
984 1368 1068 1443 volo
1086 1374 1122 1442 te
1139 1368 1245 1463 scire,
1263 1365 1363 1462 quod
1379 1368 1474 1442 sicut
1490 1366 1614 1442 scribit
1629 1366 1767 1442 Pliniui
1779 1369 1818 1444 in
1835 1390 1902 1444 nu²

727 1488 839 1563 turali
864 1487 1012 1563 historia
1038 1487 1132 1563 libro
1158 1488 1324 1584 septimo,
1342 1494 1380 1563 et
1395 1488 1535 1563 Seneca
1558 1487 1651 1563 libro
1675 1488 1898 1564 naturalium

728 1608 985 1705 quaestionum,
1010 1614 1154 1683 naturae
1173 1616 1212 1685 et
1230 1608 1472 1706 proprietates
1488 1629 1672 1703 aquarum
1690 1615 1777 1684 sunt
1795 1611 1901 1687 valde

727 1730 841 1805 varioe
866 1738 903 1805 et
928 1730 1112 1805 mirabiles
1137 1729 1176 1804 in
1204 1729 1356 1804 diversis
1384 1728 1550 1825 partibus
1579 1728 1729 1825 mundi,
1760 1732 1824 1807 sed
1852 1752 1901 1807 ne

728 1851 860 1925 vadam
886 1871 953 1945 per
976 1850 1153 1947 ambages
1178 1851 1287 1948 longe
1304 1872 1327 1925 a
1346 1850 1531 1946 proposito
1548 1848 1704 1926 initalia
1721 1851 1759 1925 iu
1776 1852 1900 1926 multia

727 1970 816 2045 locis
841 1976 927 2043 sunt
958 1988 1066 2064 aquae
1094 1990 1180 2064 quae
1212 1975 1410 2046 vertuntur
1440 1968 1479 2044 in
1510 1968 1646 2065 lapides
1675 1970 1769 2045 sicut
1802 1992 1900 2066 aqua

726 2089 887 2163 fluminis
912 2088 1030 2183 Sarni,
1057 2110 1142 2184 quae
1165 2110 1190 2163 a
1214 2088 1391 2186 principio
1415 2088 1473 2163 sui
1497 2096 1602 2164 ortus
1626 2090 1785 2165 efficitur
1810 2092 1899 2187 lapis

726 2210 944 2285 durissimus
969 2210 1006 2283 in
1032 2210 1152 2285 brevi:
1179 2210 1278 2284 unde
1303 2210 1431 2285 ino'olae
1454 2210 1525 2285 loci
1554 2210 1600 2285 de
1632 2210 1807 2287 industria
1832 2234 1900 2309 po-
1983 2258 1985 2261 -

726 2339 820 2406 nunt
844 2331 892 2405 ibi
918 2330 987 2405 sub
1013 2351 1111 2427 aqua
1138 2330 1282 2405 munias
1306 2352 1393 2406 cum
1420 2330 1530 2405 variis
1555 2331 1682 2406 lormis
1706 2339 1743 2408 et
1760 2332 1900 2430 figuris,

726 2474 837 2549 super
863 2450 997 2546 quibus
1023 2450 1116 2525 liunt
1140 2450 1278 2547 lapides
1303 2472 1389 2527 cum
1420 2451 1556 2527 eisdem
1589 2452 1899 2549 impressionibus.

725 2573 787 2647 Est
812 2577 937 2648 autem
964 2571 1023 2646 hic
1047 2571 1184 2645 fluvius
1208 2571 1245 2645 in
1269 2570 1411 2667 Apulia,
1438 2577 1475 2647 et
1503 2592 1579 2646 uon
1603 2578 1658 2647 est
1681 2556 1900 2649 Arnus'Tu-

726 2694 822 2788 sciae,
849 2692 943 2767 sicut
968 2691 1118 2788 quidam
1144 2692 1234 2767 falso
1259 2692 1494 2787 scripserunt,
1516 2692 1610 2767 sicut
1626 2692 1817 2787 florosius3
1835 2694 1899 2770 sed

726 2820 781 2889 est
802 2812 895 2887 alius
914 2811 1047 2886 lluvius
1064 2810 1102 2884 in
1118 2810 1249 2886 Tuscia
1267 2811 1304 2885 in
1320 2831 1413 2908 agro
1429 2812 1622 2887 llorentiuo
1643 2812 1792 2889 nomine
1805 2814 1897 2909 ilisa,

726 2934 832 3011 euius
856 2954 954 3028 aqua
979 2952 1002 3006 a
1023 2930 1198 3027 principio
1223 2932 1452 3009 convertitur
1475 2933 1513 3007 in
1530 2939 1687 3028 petram,
1707 2940 1746 3008 et
1764 2933 1901 3029 lapideo

727 3056 874 3152 pulcros
901 3052 985 3128 iacit
1009 3052 1268 3127 accommodos
1284 3052 1454 3127 domibus
1465 3054 1574 3149 juxta
1591 3054 1781 3131 castellum
1801 3054 1900 3149 quod

726 3174 859 3249 dicitur
876 3173 986 3267 Colle,
1000 3172 1094 3247 sicut
1109 3164 1147 3264 (¹)
1166 3172 1203 3245 in
1220 3194 1318 3267 aqua
1335 3172 1452 3248 Sarni.
1470 3174 1641 3249 ulbertus
1660 3180 1788 3249 antem
1805 3176 1900 3251 libro

725 3293 955 3367 Mineralium
981 3290 1066 3366 dicit
1092 3290 1294 3365 mirabilius
1318 3291 1366 3367 de
1390 3312 1489 3388 aqua
1510 3293 1617 3367 ioutis
1641 3293 1788 3390 Bentian,
1815 3316 1901 3390 quae

725 3413 851 3489 omnin
875 3412 1037 3487 immissa
1063 3411 1173 3487 vertit
1188 3402 1226 3505 (⁵)
1251 3412 1289 3485 in
1317 3413 1493 3508 lapidem,
1518 3413 1618 3508 quod
1644 3422 1818 3510 expertus
1843 3423 1899 3491 est

727 3532 934 3607 Fridericus
951 3533 1153 3628 imperator
1170 3532 1317 3606 mittens
1333 3534 1582 3609 chirothecam
1601 3556 1705 3610 suam
1721 3524 1770 3629 (⁴),
1793 3535 1899 3612 cuius

727 3644 904 3729 medietas
930 3673 1054 3729 mersa
1086 3652 1124 3727 in
1156 3652 1255 3727 illam
1280 3673 1417 3748 aquam
1444 3674 1552 3729 versa
1576 3660 1631 3730 est
1661 3654 1699 3729 in
1727 3654 1897 3751 lapidem,

728 3773 870 3868 reliqua
895 3779 999 3868 parte
1031 3770 1153 3847 medin
1186 3778 1402 3848 remanente
1435 3772 1472 3847 in
1502 3774 1622 3869 prima
1647 3774 1802 3849 materia
1827 3782 1896 3849 etc.

724 3895 823 3990 Ergo
848 3893 942 3968 bene
958 3898 1066 3988 poeta
1083 3892 1188 3967 dicit:
1210 3892 1279 3968 uisi
1300 3899 1364 3968 tua
1380 3894 1522 3969 vanitas
1539 3895 1666 3971 luisset
1682 3896 1764 3970 talia
1781 3896 1898 3990 qualis

725 4035 823 4109 aqua
847 4013 949 4087 Elsae.
971 4012 1063 4087 llicit
1083 4032 1193 4109 ergo:
1214 4015 1272 4086 e'i
1286 4018 1409 4106 piocer
1428 4016 1522 4105 loro,
1542 4014 1634 4089 idest
1650 4014 1719 4089 nisi
1740 4015 1898 4091 delecta-

726 4134 776 4209 tio
806 4154 982 4209 curarum
1012 4154 1194 4209 vanarum
1229 4132 1365 4229 luisset,
1395 4156 1445 4209 un
1477 4139 1637 4226 Piromo,
1667 4135 1770 4230 idest,
1801 4136 1895 4211 alter

725 4255 917 4350 Pyramus,
949 4255 1023 4327 alia
1057 4256 1168 4345 pena,
1201 4253 1304 4348 idest,
1347 4254 1394 4329 ad
1436 4256 1609 4330 arborem
1644 4256 1753 4350 mori,
1790 4256 1896 4331 euius

725 4394 835 4470 poma
861 4374 943 4448 alba
969 4373 1149 4448 convertit
1174 4373 1211 4447 in
1237 4374 1353 4451 rubea
1383 4375 1531 4469 quando
1559 4394 1601 4449 se
1629 4374 1760 4451 occidit
1785 4396 1898 4450 manu

726 4492 873 4591 propria
907 4513 1037 4568 amoro
1062 4493 1209 4589 lysia,
1244 4494 1339 4568 sicut
1371 4494 1477 4590 plene
1501 4494 1678 4591 scriptum
1704 4500 1760 4571 est
1784 4516 1895 4591 supra

728 4614 886 4709 capitulo
903 4612 1043 4687 xxvii.
1071 4614 1115 4686 llt
1141 4620 1197 4688 est
1221 4612 1357 4708 optima
1377 4613 1594 4710 similitudo,
1612 4636 1699 4689 nam
1719 4616 1899 4711 Pyramus

729 4733 937 4808 obcaecatus
963 4732 1076 4807 nimio
1101 4753 1232 4808 amore
1255 4734 1381 4830 Tysbis
1410 4734 1589 4810 interiecit
1613 4756 1673 4829 se;
1699 4741 1736 4810 et
1764 4736 1900 4809 Dantes

728 4858 918 4929 amoratus
951 4853 1197 4947 pulcritudine
1230 4874 1422 4961 mugarum
1456 4854 1504 4929 ad
1538 4862 1685 4950 tempus
1717 4856 1900 4930 occiderat

790 5039 818 5100 t'l
834 5037 865 5087 B.
881 5050 949 5087 ⁸⁸⁰0·
1261 5099 1265 5107 ,
1294 5036 1322 5103 (¹)
1338 5039 1369 5091 li.
1385 5040 1452 5089 aient
1468 5045 1496 5090 et
1510 5054 1584 5104 aqna.

791 5112 817 5177 ι’)
834 5116 888 5169 til.
905 5115 1039 5165 convertit.
1086 5162 1088 5167 ,
1295 5114 1321 5176 (·)
1338 5114 1369 5165 li.
1386 5128 1459 5165 tunm
1475 5116 1501 5165 ln
1517 5129 1558 5177 eo,
1575 5116 1657 5167 eninr.
