4575 6842
712 998 851 1055 murus
875 1000 1089 1055 sarcasmus
1113 999 1256 1054 numus.
1497 986 1568 1056 237

396 1144 568 1235 uincendo
599 1145 702 1236 tenu,
732 1142 878 1236 scilicet,
904 1144 1099 1217 oculorum
1131 1142 1222 1236 eius,
1253 1144 1353 1238 quod
1382 1164 1480 1219 nnnc
1510 1144 1567 1217 ri-

398 1261 487 1337 dere
509 1282 582 1337 non
602 1261 816 1357 potesque
833 1254 993 1355 (⁴)habet
1010 1262 1136 1337 oculos
1154 1262 1303 1357 velatos,
1321 1260 1405 1340 cb'd
1426 1268 1563 1357 denno,

398 1382 500 1477 idest,
518 1382 617 1477 quod
641 1384 768 1457 lumen
793 1390 849 1458 est
874 1383 969 1459 intra
994 1384 1132 1476 oculos,
1150 1389 1189 1457 et
1208 1383 1372 1458 nondum
1399 1385 1564 1478 pervenit

398 1502 445 1577 ad
470 1510 564 1578 tuos.

475 1617 552 1697 dost
576 1626 761 1699 coemento.
789 1623 859 1697 Ista
885 1627 940 1697 est
965 1630 1096 1716 quarta
1123 1630 1161 1699 et
1185 1622 1315 1698 ultima
1340 1644 1425 1717 pars
1454 1644 1567 1720 gene-

400 1742 483 1817 ratis
495 1734 545 1835 (²),
559 1743 595 1816 in
607 1764 681 1837 qua
699 1749 806 1838 poeta
824 1748 947 1817 noster
964 1742 1135 1817 describit
1152 1743 1339 1837 quomodo
1357 1744 1566 1839 pervenerit

399 1862 436 1937 in
453 1863 709 1959 perfectiorem
734 1862 977 1960 cognitionem
1005 1861 1197 1957 Beatricis3
1215 1867 1252 1937 et
1268 1861 1387 1956 primo
1413 1862 1569 1937 ostendit

399 1982 585 2079 quomodo
602 1982 671 2056 illae
688 1988 850 2076 quatuor
870 1982 1088 2057 inviaverint
1104 2002 1193 2057 eurn
1215 2001 1346 2055 versus
1363 1982 1567 2057 Beatricem

399 2110 436 2179 et
459 2102 691 2178 invitaverint
715 2102 763 2178 ad
788 2102 902 2198 ipsam
929 2103 1134 2178 videndam.
1153 2101 1246 2176 Dicit
1262 2121 1352 2197 ergo
1375 2100 1568 2177 continue-

398 2223 491 2299 tive:
521 2216 599 2296 Coei
615 2223 807 2313 contundo,
824 2222 894 2296 ille
914 2222 1084 2317 dominae,
1104 2224 1332 2312 cnminmbro,
1353 2222 1492 2315 supple,
1513 2221 1569 2295 di·

397 2364 494 2438 cere,
520 2344 615 2418 sicut
634 2344 712 2439 jam
738 2342 876 2418 dictum
903 2349 968 2437 est,
995 2346 1098 2435 epoi
1122 2345 1295 2416 menormi
1315 2364 1393 2416 seco
1417 2346 1457 2416 nt
1476 2348 1569 2434 petto

396 2468 455 2538 det
475 2468 608 2558 prison,
626 2464 690 2557 qui
716 2464 834 2539 stabat
852 2464 1041 2538 revolutus
1060 2463 1107 2538 ad
1124 2484 1292 2558 currum,
1311 2469 1501 2557 tamquam
1520 2462 1567 2537 ad

396 2605 503 2661 suam
521 2604 661 2680 pacem,
680 2590 721 2658 ut
732 2584 810 2678 jam
828 2584 966 2659 dictum
991 2590 1046 2659 est
1063 2605 1187 2678 snpra,
1204 2606 1267 2659 one
1287 2588 1446 2659 Beatrtcc
1465 2589 1568 2657 stunc

397 2709 492 2782 voltu
517 2727 541 2778 a
565 2708 645 2799 not;
671 2712 708 2779 et
732 2710 856 2779 tamen
881 2726 955 2779 non
981 2712 1194 2800 poteramus
1213 2705 1308 2780 bene
1331 2705 1457 2780 videre
1481 2724 1565 2779 eam

397 2832 547 2924 propter
571 2825 707 2900 velum.
726 2824 810 2899 ldeo
828 2823 949 2897 subdit
966 2824 1258 2901 exhortationem
1277 2826 1423 2900 illarum
1440 2825 1488 2901 ad
1505 2843 1566 2898 re-

397 2944 622 3042 spiciendum
649 2944 743 3019 bene
769 2943 868 3017 illam
898 2962 984 3017 cum
1016 2964 1056 3019 se
1080 2945 1258 3040 ostendet,
1284 2944 1431 3021 dicens:
1458 2948 1569 3019 disse·

397 3086 460 3140 ro:
482 3067 701 3160 [domoon
725 3066 895 3155 m'spnrm
918 3065 949 3137 te
974 3066 1069 3158 nisu,
1098 3064 1200 3159 idest,
1228 3086 1326 3140 nunc
1358 3064 1506 3139 intende
1530 3068 1568 3138 et

397 3206 539 3261 exacue
564 3185 738 3257 virtutem
764 3182 929 3277 visivam,
947 3185 1045 3279 quia,
1060 3192 1165 3276 posto
1185 3188 1318 3259 tndem
1338 3186 1486 3258 dinanzi
1504 3185 1567 3256 otti

396 3308 576 3396 smerntdi,
606 3304 709 3397 idest,
744 3310 830 3379 ante
867 3305 994 3378 oculos
1033 3304 1212 3399 pretiosos
1244 3304 1429 3398 beatricis,
1459 3306 1563 3398 onde,

396 3426 497 3519 idest,
523 3446 546 3501 e
572 3423 717 3520 quibus,
735 3428 858 3515 Amor,
877 3424 1022 3517 scilicet,
1050 3425 1190 3520 Cupido
1212 3425 1307 3499 titius
1324 3424 1487 3517 Veneris,
1504 3414 1567 3515 oid

397 3551 558 3623 toosse
582 3548 613 3618 te
636 3565 697 3618 oue
722 3547 830 3635 ormi,
851 3544 954 3637 idest,
977 3543 1064 3618 olim
1092 3544 1242 3619 immisit
1266 3566 1333 3619 sua
1358 3545 1430 3619 tela
1456 3544 1493 3617 in
1518 3550 1566 3638 te,

397 3667 485 3764 quia
502 3664 689 3761 percussit
714 3671 751 3738 te
777 3668 936 3757 utraque
961 3663 1113 3759 sagipta,
1130 3664 1250 3758 primo
1269 3684 1385 3739 aurea
1411 3664 1448 3738 in
1474 3684 1568 3757 pne-

398 3787 490 3881 titia,
512 3785 659 3880 quando
679 3783 798 3880 primo
818 3788 1008 3857 amoratus
1034 3802 1073 3857 es
1094 3782 1140 3859 de
1161 3804 1218 3878 ea,
1234 3784 1366 3859 deinde
1382 3784 1566 3879 plumbea,

398 3907 544 4003 quando
568 3912 693 4001 postea
710 3904 900 3979 deseruisti
919 3908 1184 3979 eam—Mitte.
1202 3904 1267 3979 ilio
1283 3912 1390 4000 poeta
1407 3896 1443 3999 (³)
1466 3905 1568 3999 ponit

398 4028 570 4103 edentum
585 4024 846 4102 exhortationis
858 4024 1039 4100 dictarum
1058 4025 1305 4119 dominarum,
1323 4027 1410 4120 quia
1429 4026 1568 4100 scilicet

398 4148 518 4224 statim
545 4146 797 4224 ardentissime
822 4145 946 4220 defixit
971 4145 1143 4220 intuitum
1162 4146 1200 4221 in
1217 4146 1343 4221 oculos
1362 4146 1566 4243 smeragdi-
1678 4232 1683 4241 ι

398 4290 465 4343 nos
489 4269 653 4343 lucentes
668 4256 717 4359 (⁴).
743 4266 845 4343 Unde
869 4265 972 4341 dicit:
999 4269 1093 4341 Mitte
1117 4268 1237 4358 decri,
1258 4266 1361 4360 idest,
1387 4266 1565 4343 desideria

398 4386 553 4481 videndi,
579 4391 671 4461 caldi
691 4382 753 4480 piri
777 4388 836 4459 cite
857 4388 1018 4478 flamma,
1036 4386 1122 4480 quia
1140 4386 1263 4460 nulius
1284 4385 1377 4482 ignis
1394 4386 1487 4460 aden
1503 4406 1567 4461 ar·

397 4504 497 4599 dens,
524 4506 619 4581 sicut
642 4508 791 4581 flamma
815 4505 962 4598 amoris,
988 4510 1184 4579 strimermt
1206 4510 1257 4597 pti
1284 4508 1392 4596 nocti,
1418 4506 1564 4600 scilicet,

398 4646 512 4719 meos,
538 4629 611 4717 opti
643 4629 738 4700 occbt
765 4628 934 4715 murena,
961 4626 1108 4717 scilicet,
1133 4626 1318 4720 Beatriois,
1351 4628 1411 4699 obe
1438 4633 1567 4701 stnoan

396 4747 503 4837 oaldi,
530 4745 630 4839 idest,
658 4745 765 4839 firmi,
787 4764 859 4836 pur
883 4764 992 4818 sonrn
1010 4746 1036 4817 't
1057 4748 1210 4839 prisone,
1235 4752 1273 4821 et
1297 4766 1370 4820 non
1397 4746 1569 4841 respicie-

397 4865 486 4941 bant
521 4884 607 4960 me3
644 4887 729 4951 nam
764 4863 962 4960 speculatio
995 4866 1187 4961 theologia
1221 4865 1383 4941 maxime
1420 4867 1567 4962 respicit

461 5051 487 5112 ι’)
502 5051 533 5101 Ε.
549 5052 610 5116 quin
625 5054 678 5115 ipsa
693 5050 778 5102 babet.
985 5050 1011 5113 (⁸)
1027 5052 1059 5102 E.
1076 5052 1202 5116 generatis
1216 5052 1294 5104 buius
1309 5058 1409 5113 metm,
1425 5053 1453 5102 in
1467 5066 1526 5117 qun.

462 5128 490 5191 (¹)
505 5128 535 5179 E.
551 5128 601 5181 flio
617 5132 692 5193 poen
707 5128 793 5191 primo
809 5128 889 5191 ponit.
987 5126 1013 5190 (⁸)
1029 5128 1059 5179 B.
1075 5127 1231 5181 luculentos.
