4575 6842
592 1012 596 1018 ⁴
719 949 857 1006 munus
881 951 1073 1008 multamus
1097 950 1274 1017 QUARTUS·
1534 940 1580 1005 77

412 1093 621 1192 dignatione
645 1115 785 1172 cecum
802 1093 983 1190 judicium
1002 1094 1264 1189 quorumdam,
1283 1093 1349 1189 qui
1369 1094 1583 1191 ignoranter

411 1215 636 1290 contendunt
652 1214 699 1290 de
714 1215 796 1289 hoc.
814 1213 916 1290 Unde
935 1213 1038 1288 dicit:
1059 1235 1078 1286 e
1097 1217 1194 1304 quui,
1215 1213 1318 1307 ineu,
1340 1214 1582 1309 quicumque,

411 1338 444 1410 u·
459 1328 630 1430 metopo
649 1337 737 1409 ottre
760 1354 784 1406 u
807 1335 985 1424 moder,
1014 1332 1061 1407 de
1086 1334 1168 1427 hoo,
1193 1353 1266 1406 nou
1286 1335 1371 1408 oede
1385 1329 1461 1427 ptri,
1479 1333 1583 1428 idest,

413 1475 487 1530 non
503 1452 687 1550 cognoscit
703 1453 796 1548 pius,
813 1454 974 1526 duttuoo
989 1456 1082 1546 stilo,
1098 1453 1246 1547 scilicet,
1263 1475 1287 1528 a
1312 1459 1377 1527 tuo
1402 1452 1581 1529 moderno

414 1577 473 1648 att’
485 1578 591 1666 otoo,
616 1573 762 1667 scilicet,
789 1578 915 1648 nostro
939 1573 1114 1668 antiquo;
1139 1581 1178 1650 et
1202 1573 1307 1649 dicit:
1332 1595 1352 1646 e
1376 1577 1477 1665 quusi
1497 1595 1584 1648 eou-

413 1701 541 1768 teutoto
564 1695 596 1766 st
619 1699 750 1784 merae,
770 1692 917 1787 seilicet,
935 1694 1034 1788 quod
1060 1701 1135 1768 tam
1162 1695 1290 1790 putere
1309 1694 1500 1772 detexerat
1517 1713 1583 1768 re-

415 1815 571 1890 ritatem.
597 1814 640 1887 Et
664 1814 723 1890 irio
748 1821 834 1890 nota
860 1820 1040 1909 quantum
1063 1821 1169 1910 poeta
1194 1821 1317 1890 noster
1343 1816 1437 1890 hano
1462 1821 1582 1890 mate-

414 1936 507 2010 riam
533 1933 676 2008 bassam
702 1933 919 2010 exaltaverit
943 1941 981 2009 et
1005 1935 1183 2010 velaverit
1203 1934 1326 2010 verbis
1342 1955 1416 2008 nou
1431 1935 1579 2028 apertis.

413 2095 463 2110 -
478 2058 589 2128 Gonu.
607 2053 672 2128 Hie
691 2060 799 2150 poeta
824 2053 923 2128 finita
949 2054 1011 2130 tali
1036 2055 1203 2149 materia,
1230 2075 1417 2130 reoessum
1443 2055 1583 2130 deseri·

413 2174 466 2250 bit
490 2174 634 2250 illarum
665 2173 875 2248 animarum
907 2195 973 2268 per
1006 2195 1118 2250 uuam
1150 2174 1463 2270 comparationem
1494 2173 1583 2249 satis

412 2295 562 2388 claram,
588 2293 729 2368 dicens:
762 2299 861 2368 tutta
885 2297 922 2368 iu
945 2304 1044 2386 porte
1070 2297 1129 2368 ete
1155 2287 1179 2366 tt
1202 2315 1281 2386 ero,
1302 2293 1449 2389 scilicet,
1473 2294 1583 2392 guio-

413 2434 553 2506 sornm,
583 2432 668 2507 quae
696 2420 777 2489 erat
806 2413 915 2490 turba
944 2413 1030 2490 satis
1061 2435 1207 2511 magna,
1230 2417 1402 2506 ootgeurio
1430 2417 1458 2488 u
1490 2417 1578 2508 otoo,

414 2554 525 2628 quem
553 2532 654 2628 prius
685 2533 833 2610 tenebat
858 2533 974 2608 tirum
1005 2534 1043 2608 in
1069 2553 1140 2628 me,
1171 2525 1334 2626 raptato
1363 2554 1428 2606 suo
1452 2553 1580 2626 puoso,

413 2653 678 2730 festinaverunt
703 2659 859 2746 tautum,
877 2661 1056 2749 quantum
1079 2654 1358 2729 retardaverunt
1381 2652 1427 2728 ad
1453 2653 1587 2728 viden·

414 2773 502 2848 dum
529 2772 684 2847 Dantem
719 2773 859 2867 rivum,
889 2773 979 2848 dum
1008 2773 1230 2868 loquebatur
1254 2793 1340 2848 cnm
1366 2773 1515 2847 Foresio
1544 2780 1582 2849 et

415 2893 665 2988 Bonagiunta:
692 2894 750 2969 iiia
776 2893 857 2970 dioo
881 2915 983 2990 gens,
1008 2897 1151 2986 tepperu
1170 2915 1240 2987 per
1265 2914 1460 2985 moprezzu
1478 2915 1498 2966 e
1516 2915 1584 2988 per

416 3016 545 3104 votare,
563 3014 650 3110 quia
668 3014 824 3090 libenter
840 3014 1040 3090 currebant
1051 3013 1098 3090 ad
1112 3013 1380 3110 purgationem,
1397 3007 1468 3088 cosi
1484 3035 1582 3088 rome

415 3135 467 3224 pli
491 3137 606 3226 musi,
631 3133 777 3227 seilicet,
803 3155 929 3232 grues,
955 3136 1015 3209 cte
1040 3155 1174 3208 oernau
1199 3134 1581 3228 monetmonet,

416 3253 591 3349 hyemant
628 3253 665 3326 in
695 3253 852 3350 AEgypto
883 3274 949 3349 per
987 3275 1101 3348 quam
1138 3252 1274 3328 labitur
1307 3253 1420 3348 Nilus,
1451 3257 1585 3328 utrum

416 3377 509 3448 uoltu
534 3377 571 3448 di
594 3395 632 3446 se
653 3377 766 3468 sonno
791 3377 939 3466 scotera,
957 3395 1042 3450 cum
1066 3395 1203 3472 magno
1228 3373 1369 3468 ordine,
1392 3378 1454 3466 poi
1477 3377 1585 3450 volun

409 3489 474 3586 piri
490 3496 528 3566 tn
540 3498 647 3589 [τοίω
664 3517 683 3568 e
698 3515 817 3570 vanno
832 3499 870 3570 io
883 3497 955 3587 fito.
979 3495 1021 3568 Et
1047 3501 1132 3569 uota
1153 3494 1251 3589 quod
1277 3498 1503 3590 comparatio
1528 3503 1585 3572 est

415 3613 521 3688 vaide
550 3615 695 3711 propria
730 3614 777 3690 de
807 3615 1001 3691 animabus
1033 3614 1175 3689 levibus
1198 3613 1246 3690 ad
1276 3636 1365 3690 aves
1396 3617 1579 3691 volantes:

416 3733 509 3808 siout
534 3734 631 3808 enim
658 3753 771 3832 grues
796 3755 881 3810 cum
909 3753 1044 3830 magno
1069 3733 1199 3808 ordine
1223 3734 1372 3810 solicito
1395 3733 1443 3810 de
1466 3735 1587 3812 salute

417 3877 485 3931 sua
511 3856 648 3931 iaciunt
673 3856 719 3930 de
744 3875 785 3930 se
810 3862 948 3930 rectam
975 3854 1121 3948 lineam,
1146 3854 1295 3948 quando
1321 3861 1512 3930 transeunt
1536 3856 1584 3932 de

417 3976 567 4052 Thracia
595 3975 744 4072 regione
769 3975 897 4072 frigida
922 3975 960 4050 in
980 3974 1178 4070 AEgyptum
1200 3974 1389 4070 regionem
1407 3975 1585 4069 oaiidam3

417 4094 466 4171 ita
493 4101 593 4170 recte
617 4095 749 4169 animae
776 4094 852 4168 istae
877 4094 994 4170 avidae
1019 4114 1096 4168 suae
1125 4093 1352 4189 purgationis
1376 4095 1515 4171 iaciunt
1538 4095 1586 4171 de

418 4216 622 4311 seiungam
641 4221 677 4290 et
693 4215 897 4290 ordinatam
914 4215 1044 4309 aciem,
1062 4215 1211 4309 quando
1227 4215 1351 4290 volant
1376 4236 1442 4311 per
1462 4215 1586 4290 eircu-

418 4335 496 4409 ium
521 4334 705 4431 trigidum,
732 4334 794 4409 ubi
829 4341 914 4410 sunt
939 4355 1049 4430 poma
1074 4334 1214 4430 frigida,
1245 4341 1283 4410 et
1315 4354 1414 4429 aqua
1442 4335 1585 4431 frigida,

418 4456 659 4551 temperantia
685 4456 831 4550 cibaria,
849 4463 887 4532 et
903 4456 986 4530 rina
1004 4455 1132 4548 calida,
1150 4475 1280 4530 versus
1297 4455 1478 4531 circutum
1495 4456 1584 4530 caii-

418 4574 519 4670 dum,
546 4576 607 4651 ubi
633 4581 689 4650 est
714 4576 805 4671 ignis
831 4597 992 4672 purgans
1016 4575 1242 4650 luxuriosos:
1259 4574 1391 4651 deinde
1407 4575 1531 4651 volant
1545 4567 1583 4669 (⁴)

417 4713 546 4768 versus
559 4695 739 4770 circulum
753 4715 966 4789 avarorum,
981 4715 1141 4788 quorum
1156 4694 1260 4792 regio
1273 4695 1582 4792 esttrigidissima,

418 4815 511 4890 sicut
535 4835 648 4910 grues
673 4815 837 4890 similiter
860 4821 1100 4892 revertuntur
1121 4814 1168 4891 ad
1192 4815 1380 4913 regionem
1404 4816 1585 4914 [rigidam.

483 5075 511 5139 (Ι)
527 5074 558 5126 Β.
575 5074 700 5127 revolant.
