4575 6842
604 1055 608 1066 Ι
751 981 892 1040 caurus
916 957 1108 1040 vronsmu's
1131 983 1303 1040 ocravus.
1380 1054 1385 1061 ¹
1543 977 1612 1045 167
1731 947 1740 954 ’

437 1127 543 1223 quasi
571 1149 869 1224 properavero,
898 1129 986 1224 quia
1014 1128 1253 1224 propinquius
1282 1138 1393 1208 terre
1427 1138 1611 1227 mouetur,

364 1275 372 1284 ·
437 1269 551 1343 quam
576 1249 700 1324 caeteri
725 1249 900 1344 planetae:
927 1269 993 1344 per
1018 1249 1212 1324 Plutonem
1242 1269 1342 1324 vero·
1357 1256 1509 1346 terram,
1535 1251 1613 1328 sive

439 1387 574 1464 corpus
599 1375 720 1444 terrae.
745 1368 851 1456 Quod
882 1388 972 1443 vero
1001 1368 1219 1464 Proserpina
1244 1357 1378 1443 dicitur
1404 1369 1476 1446 iilia
1501 1379 1611 1446 terrae
1759 1385 1760 1388 ‘

442 1508 518 1563 nou
542 1493 598 1562 est
620 1487 719 1565 aliud
746 1487 812 1561 nisi
837 1487 936 1583 quod
961 1488 1049 1563 luna
1075 1488 1155 1584 pius
1180 1468 1341 1564 eontinet
1361 1489 1398 1562 in
1418 1510 1459 1565 se
1478 1490 1525 1565 do
1545 1473 1618 1567 uass

439 1613 524 1683 tura
550 1613 672 1701 terrae,
690 1613 728 1682 et
748 1607 830 1702 pius
846 1607 986 1683 accedit
1003 1614 1147 1683 uaturae
1164 1608 1245 1684 eius
1263 1629 1375 1702 quam
1394 1609 1517 1683 caeteri
1535 1611 1614 1705 pla·

438 1733 547 1822 notae,
572 1726 659 1821 quia
683 1733 741 1802 est
764 1727 957 1802 obscurior
972 1719 1010 1820 (¹)
1035 1731 1073 1803 et
1097 1722 1267 1825 graiior3
1290 1725 1387 1802 unde
1403 1732 1522 1823 potest
1542 1727 1611 1804 dici

438 1848 498 1923 ier
524 1848 768 1943 planetarum,
791 1847 887 1923 sicut
911 1854 1013 1923 terra
1037 1848 1098 1922 ier
1123 1849 1406 1922 elomentorum.
1424 1848 1612 1924 Hannon·

440 1974 516 2043 tem
541 1967 637 2063 rapit
660 1968 780 2062 Pluto,
805 1968 895 2043 dum
920 1966 1195 2063 interpositione
1219 1966 1375 2042 tumoris
1393 1954 1502 2042 terrae
1522 1969 1611 2044 iuna

438 2085 544 2162 nobis
561 2087 797 2163 absconditur
807 2111 818 2181 ;
836 2092 874 2162 et
890 2107 972 2162 eam
993 2093 1119 2162 autem
1137 2087 1271 2183 quaerit
1288 2088 1400 2163 Ceres
1418 2108 1505 2163 cum
1523 2089 1612 2163 iaci«

435 2207 517 2301 bus,
535 2207 635 2302 quia,
651 2206 799 2301 scilicet,
816 2207 854 2281 iu
878 2207 991 2283 nimio
1015 2209 1151 2283 aestatis
1168 2209 1315 2284 terrore
1333 2214 1432 2284 terra
1449 2209 1612 2284 maxime

437 2327 568 2423 repetit
592 2328 789 2403 humorem
807 2328 917 2421 lunae,
935 2347 1011 2423 quo
1028 2328 1152 2403 terror
1178 2327 1238 2403 ilio
1264 2328 1462 2423 temperari
1487 2330 1610 2424 possit,

435 2454 475 2523 et
500 2447 597 2522 unde
622 2447 733 2524 etiam
759 2449 902 2524 tructus
927 2448 984 2522 sui
1012 2446 1162 2544 recipiat
1186 2454 1450 2545 augmentum3
1476 2454 1513 2524 et
1540 2450 1609 2524 hoc

436 2570 475 2645 iu
499 2576 619 2665 nocte,
647 2569 736 2664 quia
752 2560 790 2662 (¹)
821 2576 909 2644 tunc
939 2569 1074 2646 scilicet
1105 2571 1243 2644 bumor
1271 2571 1353 2663 plus
1382 2568 1545 2644 abundat
1571 2569 1608 2644 in

436 2709 526 2766 aere
550 2710 597 2764 er
623 2688 805 2764 vicinitate
830 2688 942 2784 ipsius
966 2688 1079 2783 iuuae3
1105 2688 1143 2763 in
1168 2687 1227 2764 die
1252 2688 1349 2763 enim
1378 2688 1464 2762 nihii
1489 2688 1610 2764 admi-

437 2810 567 2886 nistrat
592 2808 758 2884 humoris
782 2806 946 2902 subditis,
972 2809 1031 2883 vel
1056 2807 1086 2882 si
1111 2807 1248 2903 aliquid
1277 2808 1401 2884 calore
1431 2808 1515 2882 solis
1546 2829 1614 2884 ex-

437 2930 608 3005 siccatur.
633 2929 739 3018 Quod
763 2935 890 3004 autem
914 2929 970 3003 sol
991 2927 1234 3004 manifestavit
1250 2949 1333 3004 eam
1355 2929 1480 3004 Cereri
1498 2929 1610 3027 signi·

437 3051 523 3127 ticat
547 3049 647 3144 quod
663 3069 739 3124 nou
754 3047 866 3124 babet
881 3067 1061 3144 apparere
1076 3047 1144 3122 nisi
1162 3068 1228 3146 per
1246 3048 1477 3144 splendorem
1495 3069 1609 3144 quom

437 3169 566 3264 recipit
589 3191 613 3244 a
636 3170 733 3244 sole:
759 3168 859 3263 quod
883 3173 1010 3243 autem
1040 3167 1175 3242 dicitur
1206 3187 1272 3264 per
1302 3167 1492 3242 dimidium
1523 3169 1611 3244 anni

437 3289 577 3365 morari
593 3310 680 3365 cum
697 3289 863 3382 Plutone,
876 3294 915 3364 et
930 3308 997 3385 per
1013 3287 1205 3362 dimidium
1222 3287 1320 3384 apud
1337 3307 1503 3383 superos,
1522 3288 1609 3362 nibil

436 3410 536 3486 aliud
561 3417 618 3485 est
634 3409 702 3484 nisi
726 3409 826 3504 quod
850 3410 938 3484 iuna
962 3429 1028 3504 per
1053 3427 1120 3484 ser
1145 3428 1290 3483 menses
1307 3413 1363 3484 ost
1388 3407 1425 3483 in
1446 3407 1609 3484 interiori

340 3563 346 3574 ·
436 3529 657 3626 hemisperio
681 3535 719 3604 et
743 3549 819 3604 non
842 3528 988 3603 videtur
1011 3549 1036 3602 a
1059 3526 1183 3621 nobis;
1200 3547 1267 3623 por
1287 3527 1438 3603 totidem
1465 3529 1611 3603 veroin

436 3647 630 3744 superiori,
655 3653 692 3722 et
718 3646 821 3722 nobis
845 3652 1007 3743 apparet.
1034 3645 1101 3719 Alii
1134 3665 1225 3720 voro
1255 3666 1322 3741 per
1352 3645 1610 3742 Proserpinam

437 3766 567 3843 volunt
591 3766 741 3864 intelligi
765 3785 963 3859 annonam,
984 3785 1069 3860 quae
1094 3765 1141 3840 ad
1168 3771 1313 3862 tempus
1330 3767 1429 3861 latet,
1448 3767 1495 3841 ad
1516 3773 1611 3842 tom-

437 3909 507 3983 pus
531 3893 694 3983 apparot,
720 3893 758 3961 et
783 3885 963 3980 quaeritur
987 3905 1075 3960 cum
1101 3884 1253 3980 facibus,
1280 3885 1366 3980 quia
1392 3905 1466 3960 non
1488 3886 1554 3961 nisi
1575 3886 1612 3961 in

439 4027 575 4106 magun
599 4008 723 4083 calore
747 4007 916 4101 habetur,
935 4013 973 4081 et
990 4005 1175 4080 iuvenitur
1192 4005 1228 4078 iu
1246 4004 1365 4082 Sicilia
1391 4007 1611 4085 fertilissima

439 4131 592 4227 frugum
625 4127 724 4225 apud
755 4126 877 4224 ignem
908 4132 946 4202 et
974 4147 1124 4222 aquam,
1151 4126 1252 4220 idest,
1281 4128 1444 4202 calorem
1474 4135 1510 4203 ot
1541 4129 1613 4202 bu-

439 4270 608 4344 morem3
626 4248 690 4324 sed
707 4247 808 4343 prior
823 4246 999 4344 allegoria
1015 4247 1161 4322 videtur
1179 4247 1320 4322 metior.
1338 4248 1444 4323 Nunc
1464 4249 1510 4322 ad
1531 4247 1612 4323 lite-

438 4393 521 4446 ram
549 4370 635 4447 dicit
663 4374 774 4466 poeta¹
800 4368 848 4443 ad
883 4367 1104 4443 Matbitdiru:
1135 4373 1186 4442 Pu
1224 4371 1273 4442 mi
1296 4372 1353 4464 [ai
1381 4370 1607 4462 mmmmm,

439 4492 542 4586 idest,
568 4489 770 4583 recordari,
794 4491 896 4580 dove,
921 4488 1008 4583 quia
1032 4489 1131 4584 apud
1156 4490 1278 4564 lacum
1305 4491 1479 4586 Pergusae
1500 4489 1538 4564 in
1555 4491 1611 4565 Si-

437 4614 530 4710 cilia,
561 4637 581 4689 e
611 4617 698 4708 quat
726 4635 791 4688 era
820 4615 1054 4705 Proserpina,
1083 4611 1120 4686 in
1143 4601 1181 4704 (³)
1207 4619 1327 4708 aetate,
1359 4613 1396 4688 in
1426 4613 1545 4688 torma
1574 4619 1612 4688 ot

436 4743 536 4830 actu,
561 4738 619 4810 net
638 4743 764 4830 tempo,
781 4733 929 4827 scilicet,
947 4731 1056 4827 reris,
1072 4734 1134 4806 cte
1151 4736 1187 4806 tu
1212 4737 1350 4826 madre,
1376 4733 1471 4809 dicta
1488 4733 1612 4828 Coros,

435 4857 591 4950 perdcttc
614 4858 671 4947 let,
697 4861 839 4951 raptam
864 4874 887 4929 a
912 4853 1078 4946 Plutone,
1113 4860 1147 4926 et
1170 4856 1251 4945 eila,
1276 4852 1494 4948 Proserpina
1524 4873 1610 4948 per·

500 5043 528 5106 Γ)
545 5048 599 5104 117,
617 5044 733 5095 obtusior
748 5048 776 5095 st
793 5043 906 5108 varior.
1063 5040 1090 5106 (Ἴ
1105 5041 1138 5094 E.
1154 5042 1215 5107 quia
1231 5043 1327 5094 bumor
1344 5047 1406 5094 tunc
1422 5042 1487 5106 pius.

503 5119 530 5184 Γ)
545 5121 576 5172 E.
592 5120 693 5172 wtbcet
707 5121 735 5171 tn
750 5125 836 5171 etate.
