4575 6842
704 1004 709 1014 .
731 917 805 986 358
1121 928 1327 986 commuue
1349 929 1518 984 remum

730 1073 908 1150 mandans
940 1072 1107 1150 ordinem
1141 1073 1285 1166 datum,
1316 1081 1354 1150 et
1381 1067 1574 1167 dicens(¹):
1609 1078 1792 1167 macodo
1820 1079 1905 1152 berre

729 1217 754 1269 e
770 1217 825 1268 roe
848 1187 878 1268 si
902 1197 1036 1268 com'r'o
1061 1197 1168 1286 oudo,
1184 1195 1289 1290 idest,
1310 1194 1469 1290 qualiter
1493 1195 1675 1292 gradatim
1694 1203 1732 1272 et
1749 1198 1902 1274 strictim

729 1314 901 1413 procedo,
932 1317 970 1388 ul
1000 1337 1063 1389 uer
1094 1317 1155 1388 cte
1187 1322 1224 1388 tu
1254 1317 1376 1406 ἀεείή,
1400 1315 1504 1409 idest,
1532 1314 1580 1390 ad
1612 1315 1903 1414 investigandam

729 1436 925 1514 veritatem
949 1456 1063 1532 quam
1088 1435 1184 1512 scire
1207 1435 1401 1512 desideras.
1428 1436 1472 1510 Et
1496 1435 1617 1511 subdit
1646 1437 1746 1532 quod
1771 1439 1822 1512 ita
1846 1438 1905 1513 ia·

729 1555 929 1653 belligentia
961 1562 1137 1652 operatur
1166 1556 1342 1632 virtutem
1373 1555 1557 1632 mediante
1586 1576 1727 1653 organo
1752 1558 1835 1634 cccli
1851 1551 1904 1654 (²),

730 1677 824 1752 sicut
859 1677 960 1752 saber
977 1775 979 1782 Ι
998 1681 1117 1752 artem
1154 1676 1338 1752 mediante
1371 1676 1506 1752 malleo
1539 1676 1783 1752 instrumento
1813 1701 1903 1775 suu;

730 1797 829 1874 unde
853 1795 960 1872 dicit:
986 1799 1021 1892 te
1046 1803 1139 1870 nmto
1164 1819 1184 1870 e
1207 1800 1244 1870 la
1269 1792 1360 1873 autb
1384 1799 1438 1870 det
1456 1800 1551 1872 senti
1579 1801 1664 1890 ptri,
1696 1798 1798 1894 idest,
1824 1820 1903 1874 cce·

729 1919 852 1993 lorum
883 1916 1160 2014 praedictorum,
1189 1921 1335 1992 eunden
1363 1920 1425 1992 ebe
1450 1922 1557 2012 spiri,
1587 1917 1679 1994 idest
1711 1927 1903 1996 monetet

728 2039 912 2134 procedat,
942 2040 1001 2112 du’
1020 2039 1110 2112 beuti
1138 2041 1279 2131 retem,
1305 2039 1407 2134 idest,
1437 2039 1486 2114 ab
1516 2039 1759 2136 intelligentiis
1787 2063 1905 2140 ange-

729 2158 818 2253 neb,
842 2180 938 2232 come
962 2161 985 2234 t
997 2165 1087 2250 erte,
1118 2159 1257 2253 supple,
1282 2158 1407 2254 spirat,
1432 2161 1490 2233 del
1509 2160 1618 2254 febro
1642 2163 1701 2233 net
1730 2165 1900 2237 martello.

728 2283 858 2354 -u’t
881 2281 953 2354 etet.
978 2277 1043 2354 Hic
1067 2278 1215 2354 Beatrir
1251 2278 1288 2352 in
1320 2278 1467 2373 speciali
1493 2280 1664 2355 describit
1698 2280 1904 2378 intelligen-

728 2399 817 2474 tiam
844 2405 1055 2474 moventem
1087 2400 1228 2474 coelum
1264 2399 1455 2476 stedarum
1470 2390 1508 2492 (³)
1540 2407 1577 2476 et
1609 2401 1690 2477 eius
1713 2402 1903 2498 virtutem,

728 2520 875 2596 dicens:
909 2525 943 2593 E
959 2521 984 2592 'l
1015 2522 1090 2613 etet,
1126 2519 1237 2615 idest,
1270 2519 1562 2614 firmamentum,
1596 2526 1653 2596 ord
1685 2527 1773 2596 teoto·
1805 2520 1903 2613 lurni,

728 2640 831 2735 idest,
856 2639 968 2714 stellae
993 2639 1197 2734 luminosae,
1219 2644 1335 2735 sonno
1351 2641 1450 2731 bello,
1471 2641 1558 2736 quia
1578 2641 1698 2717 sidera
1715 2648 1801 2716 suut
1818 2644 1902 2738 pui-

728 2761 888 2836 cerrima
921 2766 1141 2836 ornamenta
1174 2761 1271 2855 coeli,
1296 2763 1436 2854 prende
1468 2764 1632 2853 timaee,
1670 2762 1774 2857 idest,
1807 2763 1903 2836 ima·

726 2881 869 2978 ginem,
902 2881 1038 2958 scilicet
1045 2937 1055 2977 ,
1094 2881 1372 2978 impressionem
1407 2887 1444 2956 et
1477 2882 1670 2977 virtutem,
1708 2905 1728 2955 e
1760 2887 1902 2978 semme

726 3006 894 3094 tappetia,
920 3001 1006 3097 quia
1040 3022 1145 3076 more
1176 3001 1281 3099 sigilli
1314 3001 1491 3097 imprimit
1521 3001 1562 3076 iu
1592 3002 1776 3098 inferiora,
1801 3005 1902 3078 dudo

727 3131 836 3197 mern
857 3122 1176 3221 profondaidest,
1193 3120 1429 3220 intelligentia
1446 3129 1630 3218 movente,
1647 3126 1709 3197 ete
1724 3128 1823 3198 volve
1839 3127 1901 3217 lui,

727 3242 829 3338 idest,
848 3249 983 3318 movet.
1007 3243 1051 3316 Et
1068 3242 1231 3318 declarat
1248 3242 1347 3336 quod
1372 3243 1462 3316 dixit
1487 3263 1554 3338 per
1578 3243 1739 3320 nobilem
1761 3251 1798 3319 et
1816 3266 1903 3340 pro-

727 3362 843 3458 priam
879 3361 1213 3458 comparationem,
1245 3361 1389 3456 dicens,
1416 3363 1515 3456 quod
1550 3364 1631 3438 talis
1664 3363 1901 3461 intelligentia

726 3489 901 3579 operatur
926 3482 964 3557 in
988 3482 1080 3558 orbe
1104 3481 1201 3556 sicut
1224 3482 1348 3557 anima
1372 3482 1410 3556 in
1435 3502 1613 3578 corpore;
1638 3490 1676 3559 et
1701 3484 1789 3578 quia
1812 3505 1901 3558 sen-

726 3603 838 3680 tentia
863 3603 962 3678 clara
988 3609 1054 3698 est,
1080 3602 1164 3678 ideo
1187 3603 1316 3677 ordina
1341 3604 1462 3678 solurn
1488 3603 1634 3680 literam
1659 3604 1728 3679 sic:
1749 3627 1769 3678 e
1788 3608 1825 3680 le
1844 3608 1903 3678 ia·

726 3727 921 3816 tellipenzu,
938 3721 1084 3818 scilicet,
1103 3728 1224 3796 motor
1249 3722 1353 3797 istius
1377 3729 1519 3798 octavae
1544 3743 1673 3819 sperae,
1692 3727 1848 3816 orendo
1864 3718 1904 3798 se*

724 3865 835 3938 sopra
858 3864 925 3918 scta
948 3845 1090 3938 undele,
1117 3844 1221 3938 idest,
1247 3865 1360 3939 supra
1384 3864 1545 3942 speram,
1566 3844 1603 3918 in
1620 3866 1696 3938 qua
1712 3844 1815 3920 uuita
1830 3853 1900 3939 est,

705 3961 784 4040 'rel
809 3986 920 4060 supra
946 3985 986 4052 se
1011 3985 1137 4059 unam,
1170 3964 1259 4061 quia
1288 3985 1329 4040 se
1358 3964 1395 4039 in
1425 3985 1467 4039 se
1498 3970 1659 4061 regyrat,
1688 3968 1810 4056 sptepu
1833 3987 1900 4040 run

725 4088 875 4178 bontete,
908 4085 1010 4181 idest,
1045 4085 1201 4180 explicat
1231 4106 1337 4159 suam
1368 4085 1556 4180 virtutem,
1583 4089 1807 4178 moltipb'eeto
1832 4107 1899 4180 per

726 4210 756 4281 le
780 4210 885 4299 stelle,
909 4206 1012 4302 idest,
1038 4226 1105 4301 per
1133 4225 1260 4301 speras
1288 4212 1327 4282 et
1359 4205 1494 4302 stellas,
1523 4227 1610 4301 que
1639 4214 1724 4280 suut
1758 4228 1901 4304 organa

726 4319 902 4423 sua-cosi
915 4331 1022 4400 'conte
1046 4327 1188 4417 laima,
1213 4325 1317 4419 idest,
1342 4326 1466 4401 anima
1493 4326 1690 4418 rationalis,
1715 4330 1748 4400 si
1770 4330 1903 4401 msulae

727 4450 906 4522 ediverso
919 4449 1091 4539 poenae,
1117 4445 1212 4521 sicut
1236 4445 1341 4539 visui,
1367 4445 1508 4520 auditui
1533 4453 1618 4540 etc,
1637 4449 1762 4520 dentre
1786 4469 1810 4519 a
1836 4467 1902 4521 uo·

726 4573 803 4642 stra
825 4569 940 4660 potue,
964 4565 1067 4660 idest,
1092 4583 1256 4658 carnem,
1278 4587 1347 4658 per
1370 4566 1527 4638 membm
1558 4569 1740 4660 differenti.
1768 4566 1812 4640 dt
1841 4566 1901 4641 bic

728 4694 813 4764 nota
833 4689 928 4764 bene
944 4687 1044 4782 quod
1061 4685 1307 4784 multiplicitas
1324 4706 1551 4783 organorum
1570 4694 1746 4762 causatur
1762 4687 1800 4761 in
1819 4686 1903 4762 ani-

730 4809 886 4883 malibus
915 4829 939 4884 a
970 4807 1234 4902 multiplicitate
1267 4812 1489 4901 potestatum
1519 4806 1676 4880 animae:
1703 4807 1802 4883 unde
1832 4806 1901 4882 uisi

791 5069 819 5134 (¹)
834 5069 867 5121 Ε.
882 5073 910 5122 et
925 5069 994 5122 dicii.
1117 5066 1145 5132 (²)
1161 5067 1194 5122 B·
1209 5067 1316 5120 eom
1442 5065 1469 5129 Ρ)
1484 5072 1500 5120 t
1515 5067 1579 5120 013.
1595 5067 1738 5121 neudum.
