4575 6842
739 962 877 1018 caunos
902 965 1092 1020 nummus
1115 965 1278 1047 annuus
1531 949 1576 1016 57

404 1131 470 1205 per
495 1129 541 1184 ea
566 1109 741 1203 quaejam
759 1109 923 1203 exposita
940 1116 1026 1182 suut
1042 1129 1154 1204 supra
1170 1109 1217 1184 de
1240 1108 1395 1183 mirabili
1413 1105 1575 1204 potentia

405 1249 601 1325 pomorum
627 1235 665 1302 et
689 1249 808 1322 aquae.
836 1229 927 1304 Dicit
952 1249 1061 1325 engo:
1082 1235 1126 1302 Et
1146 1232 1203 1302 etti
1221 1249 1246 1302 o
1266 1249 1332 1319 me,
1350 1227 1488 1324 supple,
1506 1227 1577 1301 Fo-

407 1351 522 1426 rmius
546 1348 658 1424 dixit:
691 1345 788 1422 vorti
812 1352 898 1422 code
923 1349 1133 1423 delectoruo
1158 1353 1338 1441 conantio,
1361 1349 1464 1442 idest,
1490 1367 1579 1442 pro

406 1471 506 1546 venit
531 1490 578 1544 ex
608 1471 709 1564 justo
739 1469 878 1564 judicio
910 1469 986 1566 Dei,
1021 1470 1068 1545 ad
1089 1470 1318 1570 purgandam
1344 1472 1470 1567 gulam
1497 1468 1578 1565 pin-

406 1611 518 1689 guem
545 1596 582 1665 et
608 1595 770 1681 unctam,
796 1593 874 1664 uolt
887 1611 982 1682 equa
1006 1613 1026 1664 c
1049 1595 1142 1664 netto
1159 1594 1297 1684 emata,
1320 1591 1424 1684 idest,
1442 1589 1578 1664 arbore

407 1711 597 1807 pomilera,
622 1713 759 1782 rimmo
784 1713 933 1801 odmtro,
959 1732 1043 1806 qnae
1072 1711 1253 1806 descripta
1278 1715 1333 1785 est
1358 1731 1482 1804 snpra,
1510 1727 1578 1780 on-

406 1833 483 1904 d'io
507 1825 537 1904 si
562 1831 820 1920 m’ossottiglio,
836 1829 940 1923 idest,
958 1851 1157 1904 excarnor:
1176 1837 1214 1905 et
1231 1829 1363 1923 subdit,
1385 1829 1485 1924 qnod
1504 1847 1577 1902 nou

407 1951 527 2026 solum
552 1950 629 2045 ipse
645 1950 709 2024 sed
726 1950 848 2024 caeteri
867 1949 986 2024 taliter
1003 1951 1221 2046 puniuntur,
1237 1949 1380 2024 dicens:
1401 1957 1487 2022 tutto
1504 1954 1577 2021 csta

405 2079 517 2163 cena,
544 2069 645 2163 idest,
670 2069 738 2142 ista
764 2069 959 2144 multitudo
985 2089 1119 2166 magua
1145 2090 1257 2163 quam
1275 2069 1395 2144 cernis
1414 2068 1472 2142 bic
1496 2086 1578 2140 me-

406 2211 493 2266 cum
520 2191 676 2264 transire
701 2190 770 2264 snb
795 2190 941 2284 arbone,
962 2193 1023 2263 cle
1041 2194 1245 2283 plangendo
1265 2197 1382 2282 cauto,
1402 2188 1574 2264 dicendo:

406 2314 554 2384 Domine
578 2311 673 2382 lobio
698 2330 775 2381 mm
799 2314 948 2402 opertos,
977 2315 1018 2382 ut
1044 2309 1180 2383 dictum
1208 2318 1263 2383 est
1288 2313 1469 2404 sopiant
1498 2299 1573 2402 n'sd

406 2437 511 2503 soma
536 2434 596 2521 qut
617 2433 655 2501 iu
677 2433 772 2523 sume
797 2451 816 2501 c
839 2433 877 2500 iu
901 2438 981 2519 sete,
1007 2429 1067 2503 ubi
1089 2431 1208 2524 primo
1234 2429 1355 2504 luerat
1378 2428 1573 2525 peccatrix,

405 2571 472 2644 pm
495 2553 651 2640 seguiter
677 2553 713 2622 lo
737 2553 821 2641 yolo
846 2553 935 2622 oltra
951 2553 1097 2640 misero,
1115 2549 1219 2643 idest,
1240 2551 1434 2645 plusquam
1460 2568 1576 2642 expe-

409 2669 461 2743 dit
490 2669 536 2744 ad
567 2669 892 2744 substentationem
921 2670 1015 2763 vitae,
1041 2669 1243 2742 secundum
1271 2668 1576 2762 complexionem,

407 2797 568 2885 aetatem,
594 2791 729 2882 locum,
757 2798 913 2884 tempus,
938 2789 1116 2882 laborem,
1140 2789 1328 2884 regionem
1344 2783 1400 2882 (¹i3
1427 2809 1511 2860 nam
1538 2787 1575 2859 in

407 2909 477 2983 boc
502 2914 647 3003 oportet
672 2909 774 3003 sequi
803 2909 963 2983 medium
986 2909 1139 3002 virtutiS,
1162 2909 1335 3002 quoniam
1363 2907 1450 2981 illud
1476 2905 1575 3001 quod

407 3035 463 3104 est
488 3029 682 3102 minimum
712 3029 784 3123 uni,
810 3029 915 3103 alteri
943 3035 999 3102 est
1023 3029 1191 3122 nimium,
1216 3029 1311 3102 sicut
1338 3028 1575 3123 philosophus

407 3147 553 3222 adducit
578 3150 788 3243 exemplum
809 3150 855 3222 de
874 3149 1002 3222 Milone
1027 3148 1185 3244 gigante,
1203 3147 1267 3241 qui
1284 3168 1409 3243 pugno
1435 3153 1575 3221 macta·

408 3268 470 3342 bat
495 3275 656 3362 taurum,
682 3277 719 3344 et
750 3269 852 3342 illum
878 3276 1024 3343 coctum
1059 3269 1276 3343 comedebat
1299 3287 1366 3342 nec
1390 3267 1574 3364 gravaba-

409 3394 490 3482 tur3
517 3395 554 3462 et
580 3394 703 3463 tamen
728 3409 791 3484 pes
817 3387 910 3462 illius
936 3389 1032 3462 tauri
1058 3388 1144 3462 satis
1170 3388 1297 3462 luisset
1323 3389 1421 3461 mibi.
1442 3390 1486 3462 m
1510 3389 1576 3463 de-

406 3508 522 3583 clarat
546 3529 696 3582 causam
716 3509 824 3582 buius
842 3508 947 3582 lamis
964 3515 1001 3582 et
1017 3509 1105 3599 sitis,
1122 3508 1266 3583 diceus:
1285 3511 1323 3580 ι’
1335 3511 1428 3581 oder
1443 3511 1576 3582 ct'esoe

405 3629 463 3701 dcl
481 3649 590 3720 pomo
615 3650 634 3701 e
658 3631 747 3702 dello
771 3650 940 3721 sprczzo,
967 3627 1057 3702 idest
1072 3619 1121 3720 (¹),
1143 3647 1254 3721 aqua,
1280 3632 1340 3701 cte
1363 3631 1396 3700 st
1418 3631 1575 3702 dmaeudc

406 3767 448 3820 m
468 3767 537 3839 per
560 3768 625 3820 mo
647 3749 815 3837 cerdera,
835 3748 980 3839 scilieet,
999 3747 1034 3819 in
1057 3767 1180 3820 ramus
1200 3747 1354 3841 arboris,
1379 3751 1414 3820 η’
1428 3751 1576 3822 accende

406 3886 508 3956 mro,
535 3866 637 3959 idest,
662 3867 853 3963 ingenerat
878 3867 980 3941 nobis
1004 3866 1218 3960 appetitum,
1235 3869 1273 3938 di
1288 3867 1369 3938 bere
1383 3889 1402 3939 e
1417 3869 1455 3939 di
1471 3889 1575 3942 mou·

405 3991 518 4078 ctare.
531 4027 582 4042 -
594 3993 627 4060 Ε
649 4008 730 4060 uon.
750 3987 816 4061 llic
831 3987 1000 4060 Foresins
1017 3987 1199 4082 assignata
1216 4007 1328 4060 causa
1349 4007 1468 4081 poenae
1485 3988 1574 4061 isto-

407 4127 505 4201 rum,
519 4107 680 4202 assignat
695 4127 844 4180 causam
866 4105 1074 4180 intensionis
1091 4125 1209 4200 poenae
1226 4125 1370 4199 eorum,
1384 4107 1470 4200 quia
1484 4126 1574 4180 con-

406 4227 511 4300 tinuo
536 4226 673 4300 vadunt
690 4231 727 4300 ct
745 4225 900 4300 redeunt
916 4224 962 4299 ad
987 4225 1108 4298 locum
1129 4225 1272 4298 arboris
1288 4232 1325 4299 et
1343 4245 1460 4318 aquae.
1483 4224 1575 4299 Dicit

406 4367 517 4443 ergo:
537 4353 699 4440 Equesto
715 4367 863 4440 spozzo,
884 4345 986 4438 idest,
1004 4346 1071 4418 ista
1088 4345 1336 4419 deambulatio
1354 4366 1465 4438 quam
1483 4367 1574 4421 con·

406 4466 510 4540 tinuo
527 4465 693 4559 iacimus,
708 4468 874 4557 mroudo,
898 4464 994 4539 circa
1016 4471 1191 4556 montem,
1211 4467 1244 4536 si
1263 4467 1453 4557 desuesce,
1470 4464 1573 4560 idest,

407 4595 562 4661 renovat
585 4594 624 4660 et
649 4592 805 4682 reparat,
824 4593 1067 4677 matroneum,
1084 4583 1231 4676 scilicet,
1250 4584 1384 4658 lamem
1405 4594 1444 4661 et
1464 4585 1573 4680 sitim,

405 4727 479 4779 unu
498 4727 571 4799 pur
595 4727 669 4780 uuo
694 4709 799 4797 voltu,
833 4705 937 4799 quasi
962 4705 1075 4779 dicat:
1103 4704 1178 4776 ime
1195 4705 1414 4798 saepessime.
1432 4705 1477 4781 Et
1492 4706 1573 4779 talis

407 4833 508 4901 recte
533 4825 640 4900 debet
665 4845 745 4900 esse
770 4845 878 4920 poena
903 4823 1033 4920 gulosi,
1060 4830 1101 4897 ut
1125 4823 1219 4898 sicut
1243 4844 1340 4919 saepe
1361 4826 1502 4899 solebat
1521 4825 1576 4900 ire

469 5087 497 5150 (¹)
513 5085 544 5138 Β.
559 5091 586 5137 et
602 5087 747 5150 romonem
764 5099 823 5136 nam
840 5087 866 5136 iu
882 5086 921 5135 bin
937 5089 1048 5150 oportet
1173 5081 1199 5144 ζ’)
1216 5081 1246 5132 1²„
1261 5082 1335 5142 idest,
1352 5079 1385 5131 do
1400 5093 1475 5144 aqna.
