4575 6842
827 982 967 1037 cnuws
991 982 1136 1035 sexsus.
1496 968 1567 1033 457

397 1129 444 1204 de
476 1129 625 1203 nomine
657 1148 725 1202 suo
755 1134 794 1202 et
828 1135 929 1202 sorte
962 1128 1118 1202 vocabat
1148 1126 1268 1201 solum
1303 1146 1343 1201 se
1372 1127 1567 1219 Romeum,

395 1250 488 1325 idest
519 1248 736 1342 romipetam
763 1254 800 1321 et
826 1246 1077 1342 peregrinum.
1105 1246 1170 1319 llic
1200 1246 1327 1339 itaque
1351 1245 1568 1342 peregrinus

395 1369 517 1445 omnia
543 1368 773 1443 laudabiliter
798 1366 1065 1460 administrans,
1084 1387 1170 1441 cum
1190 1366 1431 1462 Raymundus
1455 1364 1569 1439 babe-

397 1497 453 1565 ret
477 1496 638 1585 quatuor
664 1488 754 1562 lilias
778 1488 856 1562 sine
884 1488 1046 1562 mascula
1072 1487 1185 1582 prole,
1208 1487 1364 1581 primam
1388 1486 1462 1561 alte
1489 1506 1569 1561 ma·

399 1610 520 1686 ritavit
544 1607 729 1683 Ludovico
756 1609 832 1705 regi
857 1608 1020 1683 Franciae
1046 1608 1196 1703 optimo,
1217 1607 1281 1701 qui
1306 1612 1432 1703 postea
1457 1626 1569 1681 cauo·

399 1732 541 1806 nizatus
557 1735 625 1822 est,
641 1728 737 1803 iacto
753 1730 809 1803 bis
825 1729 1009 1827 passagio;
1023 1728 1222 1805 secundam
1243 1725 1388 1801 tradidit
1400 1725 1570 1800 Eduardo

399 1852 476 1949 regi
508 1850 646 1947 Angliae
678 1850 932 1945 probatissimo
954 1844 1014 1944 (');
1041 1850 1188 1925 tertiam
1219 1847 1365 1924 tradidit
1390 1847 1570 1922 Richardo

398 1972 500 2047 tratri
535 1971 630 2069 regis
665 1971 815 2067 Angliae,
850 1972 914 2067 qui
946 1978 1072 2067 postea
1102 1970 1171 2044 luit
1206 1990 1271 2045 rex
1308 1948 1569 2062 romanorum3

398 2100 567 2187 quartam
595 2112 685 2166 vero
712 2091 891 2166 minorem
923 2091 1107 2185 copulavit
1131 2090 1264 2165 Carolo
1289 2088 1373 2163 duci
1399 2088 1570 2185 Andega-

399 2214 479 2308 viae,
505 2212 607 2287 tratri
633 2214 771 2307 praelati
798 2211 982 2306 Ludovici,
1008 2212 1072 2306 qui
1098 2218 1223 2307 postea
1250 2210 1317 2284 luit
1341 2230 1405 2285 rcv
1430 2208 1570 2303 Sicilie,

397 2334 444 2409 de
468 2353 543 2428 quo
569 2333 678 2427 paulo
704 2332 971 2427 supradictum
990 2338 1243 2426 est,asserens
1260 2331 1378 2426 ipsum
1401 2330 1570 2403 luturum

399 2452 692 2548 potentissimum
719 2472 872 2549 regem:
902 2452 966 2527 sed
992 2442 1110 2526 virtus
1143 2457 1181 2527 et
1215 2451 1363 2526 felicitas
1395 2448 1479 2525 lecit
1504 2447 1570 2523 sibi

397 2572 536 2646 aulicos
561 2592 690 2646 omnes
716 2571 875 2665 infestos,
902 2572 1112 2646 stimulante
1137 2569 1284 2665 invidia,
1302 2570 1443 2665 publica
1471 2574 1573 2664 peste

399 2691 600 2766 curiarum.
633 2690 809 2765 Dicebant
839 2691 937 2765 enim
973 2690 1110 2783 comiti,
1142 2688 1241 2784 quod
1276 2690 1335 2764 bic
1368 2689 1571 2784 alienigena

400 2812 546 2908 ignotus
570 2810 816 2906 superditatus
844 2811 950 2887 bonis
978 2812 1122 2886 comitis
1154 2816 1234 2886 erat
1265 2810 1479 2885 honoratior
1508 2830 1571 2884 eo:

401 2932 500 3027 quod
525 2932 677 3008 cedebat
701 2931 747 3007 ad
773 2932 952 3029 pudorem
979 2938 1016 3006 et
1042 2930 1278 3027 ignominiam
1310 2929 1400 3023 eius,
1428 2929 1491 3022 qui
1517 2928 1573 3001 vi-

400 3053 556 3129 debatur
582 3052 724 3128 nescire
749 3053 960 3148 gubernare
984 3073 1141 3149 regnum
1170 3057 1206 3127 et
1230 3050 1372 3126 curiam
1391 3070 1457 3145 per
1478 3070 1518 3123 se
1535 3056 1573 3123 et

400 3192 497 3246 suos.
523 3172 763 3269 Raymundus
788 3172 941 3267 simplex
958 3178 997 3247 et
1013 3171 1169 3245 nimium
1190 3172 1362 3246 credulus
1383 3170 1510 3266 petivit
1526 3170 1573 3243 ab

400 3293 468 3367 isto
494 3293 673 3367 rationem
706 3292 931 3367 villicationis
965 3314 1053 3366 suae.
1088 3293 1154 3367 Cui
1186 3294 1368 3367 Romeus:
1399 3290 1491 3365 Veni
1528 3290 1573 3364 ad

399 3413 542 3488 curiam
569 3419 671 3487 tuam
690 3434 841 3508 pauper,
860 3420 897 3488 et
913 3434 1054 3509 pauper
1070 3413 1155 3487 inde
1174 3412 1316 3487 recedo.
1335 3412 1379 3485 lit
1399 3410 1575 3486 continuo

400 3539 548 3627 accepta
574 3533 713 3607 mulula
740 3540 779 3607 et
803 3541 906 3607 veste
930 3553 998 3607 sua
1023 3533 1229 3629 peregrina,
1255 3554 1368 3626 quam
1400 3532 1447 3605 ab
1473 3529 1575 3604 initio

402 3659 666 3746 reservaverat,
693 3653 852 3727 recessit.
880 3654 1013 3728 Comes
1031 3653 1173 3749 pudore
1190 3660 1227 3727 et
1242 3653 1370 3727 dolore
1387 3650 1571 3744 contusus,

401 3772 547 3846 volebat
572 3770 691 3865 ipsum
718 3770 889 3865 rotinere,
916 3779 955 3847 at
979 3772 1038 3847 ille
1064 3772 1199 3865 noluit;
1220 3772 1283 3847 sed
1309 3772 1380 3847 cito
1405 3771 1481 3867 ipse
1506 3771 1574 3845 luit

402 3912 549 3990 poenam
576 3912 653 3965 suae
678 3891 956 3988 ingratitudinis,
975 3893 1061 3987 quia
1081 3913 1147 3967 rex
1171 3892 1333 3967 Franciae
1356 3892 1490 3987 eripuit
1507 3890 1572 3965 sibi

402 4013 440 4086 in
465 4014 539 4088 vita
566 4034 736 4108 magnam
769 4018 911 4108 partem
945 4012 1050 4109 regni
1079 4014 1156 4087 sui:
1183 4018 1264 4108 post
1295 4018 1452 4087 mortem
1484 4030 1574 4086 vero

403 4134 480 4229 ipse
504 4154 571 4208 rex
596 4132 771 4209 successit
796 4154 862 4229 pro
889 4134 1068 4208 uxorein
1093 4140 1235 4229 partem
1261 4133 1470 4228 provincias,
1491 4150 1575 4225 quae

402 4259 457 4328 est
483 4254 579 4326 ultra
605 4253 834 4326 Rhodanum.
857 4254 1009 4329 Carolus
1035 4274 1124 4329 vero
1151 4274 1218 4350 pro
1244 4275 1310 4328 suo
1336 4252 1463 4326 habuit
1489 4271 1574 4347 pro-

403 4373 559 4447 vinciam
586 4374 677 4448 citra
702 4375 933 4469 Rhodanum,
960 4395 1073 4468 quam
1091 4374 1148 4449 sui
1166 4373 1426 4450 descendentes
1445 4381 1575 4448 tenuo·

404 4498 626 4587 ructusque
651 4493 687 4566 in
699 4484 736 4587 ς’)
757 4502 964 4589 praesentes.
992 4496 1097 4569 Nunc
1113 4496 1161 4569 ad
1178 4495 1341 4570 literam:
1359 4494 1445 4568 dicit
1464 4490 1576 4567 lusti-

403 4612 533 4687 nianus
559 4613 686 4688 Danti:
714 4618 747 4686 Ε
767 4618 802 4687 lo
818 4617 892 4688 luce
908 4618 946 4688 di
965 4620 1104 4706 llomeo,
1121 4615 1224 4709 idest,
1242 4613 1364 4688 anima
1387 4614 1575 4708 praeclara,

404 4734 489 4825 arce,
515 4733 617 4826 idest,
643 4734 817 4829 splendet,
836 4738 960 4809 denno
978 4738 1051 4808 allo
1065 4740 1225 4829 presente
1241 4738 1455 4825 marportto,
1472 4733 1576 4827 idest,

403 4854 498 4929 iutra
524 4855 666 4929 stellam
701 4855 870 4930 llercurii
898 4875 1049 4950 parvam
1083 4863 1121 4931 et
1154 4856 1365 4951 pretiosam,
1398 4857 1435 4928 dt
1458 4856 1576 4949 cuim

467 5112 495 5176 (¹)
510 5112 541 5163 Ε·
555 5112 717 5175 probissimo.
905 5117 932 5176 (Ἴ
948 5115 980 5165 li.
995 5130 1077 5180 usque
1093 5116 1120 5166 in
1136 5128 1256 5180 presens
