4575 6842
844 987 982 1044 murus
1007 987 1150 1042 narnus.
1510 975 1581 1046 stt

409 1153 482 1208 non
508 1139 563 1208 est
588 1132 727 1208 licitum
754 1133 791 1206 in
816 1133 885 1208 isto
911 1138 1037 1206 nostro
1064 1131 1202 1206 mundo
1228 1131 1383 1227 misero;
1400 1139 1438 1208 et
1464 1133 1583 1210 reddit

410 1273 580 1328 causamr
608 1249 724 1328 mered
744 1255 802 1328 del
825 1257 915 1342 loco,
941 1252 1045 1346 idest,
1065 1251 1203 1326 virtute
1227 1257 1266 1326 et
1286 1251 1449 1328 bonitate
1473 1275 1583 1348 para-

409 1372 476 1448 disi
508 1372 735 1468 deliciarum,
758 1377 848 1466 sotto
871 1394 941 1466 per
965 1373 1118 1466 proprio
1143 1373 1222 1446 dett
1234 1391 1367 1444 amano
1398 1394 1511 1465 space,
1546 1380 1584 1450 et

411 1513 484 1568 non
510 1513 576 1587 pro
601 1494 672 1570 alia
701 1493 822 1590 specie
854 1493 912 1570 rel
945 1491 1127 1588 corporali
1162 1496 1347 1585 creatura,
1373 1491 1460 1584 quia
1486 1493 1585 1568 Deus

411 1614 509 1688 hunc
535 1614 657 1688 locum
682 1613 924 1710 deputaverat
950 1612 1075 1708 primis
1107 1610 1332 1706 parentibus,
1358 1611 1453 1686 sicut
1477 1613 1584 1707 plene

409 1731 547 1807 dictum
575 1737 629 1808 est
646 1733 684 1806 in
700 1733 773 1808 dne
789 1732 1015 1830 Purgatorit:
1034 1751 1102 1808 uec
1118 1730 1218 1805 dicas
1242 1729 1337 1804 sicut
1357 1731 1463 1806 multi
1485 1752 1585 1806 mer·

410 1851 500 1926 cede
526 1851 605 1946 loci,
631 1853 723 1928 idest
743 1853 838 1948 coeli,
868 1851 955 1947 quia
982 1851 1145 1926 noudum
1171 1856 1283 1925 autor
1306 1855 1388 1927 erat
1413 1851 1450 1923 in
1475 1851 1581 1945 coelo,

408 1971 473 2046 sed
499 1972 621 2048 statim
648 1973 793 2069 incipiet
817 1973 1026 2066 ascendere,
1048 1978 1090 2045 ut
1109 1969 1258 2066 patebit
1273 1976 1385 2045 -Io
1404 1971 1469 2047 llic
1486 1972 1584 2046 llan-

408 2097 465 2166 tes
489 2092 660 2168 describit
683 2093 856 2169 ellectum
883 2113 961 2168 suae
986 2091 1088 2167 lortis
1110 2090 1356 2186 vigoratiouis,
1375 2092 1463 2186 quia
1489 2091 1584 2166 scili-

410 2219 469 2288 cet
495 2214 614 2288 statim
643 2213 730 2288 vidit
755 2215 869 2290 solem
888 2212 1168 2309 splendidiorem
1195 2217 1234 2286 et
1257 2211 1506 2288 ardentiorem
1523 2233 1585 2288 so·

409 2333 473 2407 lito
498 2353 565 2428 per
589 2335 900 2430 comparationem
928 2334 1066 2408 claram
1093 2338 1131 2407 et
1156 2333 1357 2427 propriam,
1374 2331 1515 2408 dicens:
1544 2338 1583 2406 lo

410 2457 472 2526 nol
494 2457 646 2548 cesserat,
671 2454 817 2548 scilicet,
844 2455 948 2529 illum
974 2454 1101 2548 solem,
1127 2457 1234 2528 molto
1250 2451 1296 2528 nd
1312 2447 1342 2528 si
1353 2475 1460 2546 poco,
1478 2455 1581 2548 quasi

409 2574 517 2670 dicat,
542 2576 676 2670 subito,
693 2576 729 2650 in
747 2575 905 2669 instanti,
922 2577 974 2649 clr'
986 2579 1021 2649 io
1040 2578 1103 2648 nol
1126 2578 1258 2650 andan
1276 2577 1454 2669 sterilior,
1479 2574 1582 2670 idest,

409 2696 604 2772 scintillare
630 2702 668 2772 et
694 2696 838 2771 radiare
863 2697 985 2789 talem,
1012 2699 1098 2787 qual
1117 2700 1219 2790 ferro
1249 2699 1310 2770 cte
1340 2697 1485 2770 colente
1508 2717 1583 2770 cccc

408 2818 472 2890 dol
492 2820 596 2911 succo
605 2841 621 2908 ‚·
640 2816 783 2890 serrum
801 2815 899 2890 enim
919 2817 1017 2910 quod
1037 2816 1139 2910 prius
1160 2823 1241 2891 erat
1261 2816 1434 2913 trigidum
1456 2821 1493 2891 et
1514 2816 1583 2892 olt-

408 2956 560 3011 scurum
587 2935 624 3010 in
650 2936 735 3032 igne
760 2935 917 3010 efficitur
937 2935 1096 3011 calidum
1114 2943 1153 3011 et
1172 2936 1411 3032 splendidum.
1431 2937 1476 3011 Et
1492 2937 1582 3012 sub-

407 3055 458 3130 dit
475 3075 668 3130 excessum
686 3055 879 3130 luminosae
896 3056 1079 3160 claritatis,
1097 3057 1235 3132 diceus:
1253 3078 1273 3130 e
1288 3060 1327 3132 di
1341 3058 1452 3132 mtto
1464 3079 1583 3150 paroc

406 3179 535 3268 murno
559 3197 653 3250 mser
678 3178 844 3268 oromate
877 3197 901 3250 a
932 3179 1073 3270 pmrrro,
1107 3178 1212 3272 quasi
1242 3176 1358 3254 dicat:
1393 3185 1431 3254 et
1459 3177 1582 3253 subito

330 3375 333 3382 ,
408 3296 484 3372 visa
509 3302 565 3372 est
587 3296 764 3393 duplicari
791 3296 878 3392 dies,
904 3297 1006 3374 velut
1035 3297 1064 3372 si
1096 3298 1172 3372 duo
1203 3299 1298 3374 soles
1322 3307 1445 3374 emeat
1469 3299 1580 3372 simul
1684 3303 1689 3312 ’

406 3417 443 3490 in
469 3415 573 3492 coelo.
601 3415 702 3491 Unde
731 3415 836 3492 dicit:
868 3438 964 3491 come
992 3421 1078 3506 Ques
1104 3422 1165 3492 clu
1185 3425 1301 3512 mute,
1334 3419 1439 3512 idest,
1469 3419 1581 3512 Deus,

406 3536 470 3631 qui
496 3541 618 3631 posset
642 3543 681 3612 et
705 3536 815 3612 sciret
840 3537 962 3612 lacere
986 3537 1099 3612 alium
1126 3538 1243 3613 solem
1268 3539 1298 3612 si
1323 3540 1444 3631 vellet,
1462 3559 1583 3614 arose

406 3659 547 3732 adorno
571 3660 599 3732 il
621 3660 686 3731 criel
708 3661 803 3732 dun
829 3661 921 3732 altro
945 3661 1030 3751 sole,
1054 3659 1117 3752 qui
1143 3665 1240 3734 esset
1265 3680 1444 3755 magnum
1470 3679 1582 3736 orua-

409 3784 578 3853 mentum
601 3772 639 3872 (²)
674 3777 768 3872 coeli,
802 3779 900 3872 quod
930 3784 1018 3854 tunc
1050 3778 1203 3853 haberet
1231 3779 1326 3856 duos
1350 3781 1489 3874 oculos,
1515 3781 1579 3856 ubi

406 3918 504 3973 nunc
530 3898 640 3974 habet
667 3919 795 3992 unum,
815 3899 878 3992 qui
896 3898 1077 3972 illuminat
1104 3897 1339 3992 universum;
1358 3897 1441 3974 ideo
1465 3899 1578 3975 alium

407 4039 479 4094 non
506 4019 589 4096 lecit
615 4019 701 4112 quia
727 4019 931 4094 sufficiebat
949 4039 1057 4112 unus,
1084 4039 1169 4092 nam
1192 4025 1293 4094 terra
1313 4026 1436 4113 posset
1455 4019 1580 4096 dicere

406 4139 484 4214 solo
509 4159 622 4214 necor
646 4139 733 4214 sole.
761 4139 805 4212 llt
830 4138 888 4213 lric
906 4145 1003 4233 nota,
1021 4139 1120 4232 quod
1138 4138 1198 4212 hic
1215 4138 1360 4213 divinus
1377 4145 1484 4234 poeta
1503 4146 1578 4213 tam

406 4259 526 4355 longa,
553 4265 629 4334 tam
655 4259 836 4336 laboriosa
862 4259 1157 4356 peregrinatione
1178 4279 1243 4354 per
1264 4259 1483 4354 profundam
1503 4262 1581 4335 val·

407 4377 492 4472 lem,
520 4380 771 4475 perarduum
798 4387 962 4456 montem
992 4386 1213 4477 pervenerat
1237 4380 1284 4454 ad
1309 4380 1431 4455 locum
1459 4381 1580 4476 perie-

409 4505 478 4572 ctae
496 4500 651 4595 virtutis,
670 4501 734 4576 ubi
755 4507 934 4597 purgatus
959 4500 1055 4596 igne,
1076 4500 1173 4574 lotus
1196 4518 1307 4592 aqua,
1331 4497 1481 4574 indutus
1497 4521 1579 4575 am-

409 4618 576 4714 plissimis
601 4621 669 4695 alis
694 4621 930 4714 virtutumet
945 4619 1182 4696 scientiarum
1203 4619 1350 4693 volabat
1365 4619 1404 4694 in
1423 4621 1580 4715 coelom3

404 4738 486 4813 ideo
513 4740 608 4814 bene
633 4739 718 4814 dicit
743 4739 841 4834 quod
861 4739 1007 4814 videbat
1027 4739 1140 4814 solem
1160 4737 1340 4813 maiorem
1357 4746 1395 4814 et
1418 4739 1579 4835 pulcrio-

411 4880 490 4935 rem
517 4860 632 4934 solito.
658 4861 751 4934 Nota
778 4860 889 4935 etiam
916 4859 1013 4954 quod
1039 4859 1152 4953 aliqui
1186 4859 1360 4935 dixerunt
1392 4859 1450 4936 hic
1481 4862 1580 4955 quod

470 5129 498 5192 (¹)
514 5133 538 5190 l,
554 5128 771 5180 ordinamentum.
