<?xml version="1.0" encoding="UTF-8"?>
<!DOCTYPE html PUBLIC "-//W3C//DTD XHTML 1.0 Transitional//EN"
    "http://www.w3.org/TR/xhtml1/DTD/xhtml1-transitional.dtd">
<html xmlns="http://www.w3.org/1999/xhtml" xml:lang="en" lang="en">
 <head>
  <title>
</title>
<meta http-equiv="Content-Type" content="text/html;charset=utf-8" />
  <meta name='ocr-system' content='tesseract 3.04.00' />
  <meta name='ocr-capabilities' content='ocr_page ocr_carea ocr_par ocr_line ocrx_word'/>
</head>
<body>
  <div class='ocr_page' id='page_1' title='image "./comentumsuperda00unkngoog_0022.png"; bbox 0 0 4575 6842; ppageno 0'>
   <div class='ocr_carea' id='block_1_1' title="bbox 686 928 1497 995">
    <p class='ocr_par' dir='ltr' id='par_1_1' title="bbox 686 928 1497 995">
     <span class='ocr_line' id='line_1_1' title="bbox 686 928 1497 995; baseline -0.006 0"><span class='ocrx_word' id='word_1_1' title='bbox 686 928 708 995; x_wconf 88' lang='grc'><strong>6</strong></span> <span class='ocrx_word' id='word_1_2' title='bbox 1048 936 1254 995; x_wconf 73' lang='lat' dir='ltr'>comedumt</span> <span class='ocrx_word' id='word_1_3' title='bbox 1277 938 1497 994; x_wconf 78' lang='lat' dir='ltr'>uununmnu</span> 
     </span>
    </p>
   </div>
   <div class='ocr_carea' id='block_1_2' title="bbox 607 1083 1859 4546">
    <p class='ocr_par' dir='ltr' id='par_1_2' title="bbox 607 1083 1859 4546">
     <span class='ocr_line' id='line_1_2' title="bbox 683 1083 1858 1182; baseline 0 -22"><span class='ocrx_word' id='word_1_4' title='bbox 683 1091 801 1162; x_wconf 88' lang='lat' dir='ltr'>natus.</span> <span class='ocrx_word' id='word_1_5' title='bbox 816 1125 865 1139; x_wconf 96' lang='lat'><em>-</em></span> <span class='ocrx_word' id='word_1_6' title='bbox 878 1089 950 1160; x_wconf 86' lang='lat' dir='ltr'>Ma.</span> <span class='ocrx_word' id='word_1_7' title='bbox 969 1083 1034 1159; x_wconf 91' lang='lat' dir='ltr'>Hic</span> <span class='ocrx_word' id='word_1_8' title='bbox 1051 1083 1223 1182; x_wconf 81' lang='lat' dir='ltr'>Virgilius</span> <span class='ocrx_word' id='word_1_9' title='bbox 1243 1085 1404 1180; x_wconf 81' lang='lat' dir='ltr'>assignat</span> <span class='ocrx_word' id='word_1_10' title='bbox 1418 1105 1583 1179; x_wconf 88' lang='lat' dir='ltr'>causam,</span> <span class='ocrx_word' id='word_1_11' title='bbox 1600 1105 1719 1179; x_wconf 88' lang='lat' dir='ltr'>quare</span> <span class='ocrx_word' id='word_1_12' title='bbox 1735 1105 1784 1161; x_wconf 82' lang='lat' dir='ltr'>er</span> <span class='ocrx_word' id='word_1_13' title='bbox 1801 1085 1858 1160; x_wconf 91' lang='lat' dir='ltr'>iu-</span> 
     </span>
     <span class='ocr_line' id='line_1_3' title="bbox 682 1203 1859 1302; baseline 0.001 -24"><span class='ocrx_word' id='word_1_14' title='bbox 682 1205 788 1281; x_wconf 87' lang='lat' dir='ltr'>lerno</span> <span class='ocrx_word' id='word_1_15' title='bbox 812 1205 954 1280; x_wconf 84' lang='lat' dir='ltr'>venerit</span> <span class='ocrx_word' id='word_1_16' title='bbox 987 1203 1034 1279; x_wconf 92' lang='lat' dir='ltr'>ad</span> <span class='ocrx_word' id='word_1_17' title='bbox 1066 1205 1344 1300; x_wconf 78' lang='lat' dir='ltr'>purgatorium5</span> <span class='ocrx_word' id='word_1_18' title='bbox 1374 1211 1412 1280; x_wconf 90' lang='lat' dir='ltr'>et</span> <span class='ocrx_word' id='word_1_19' title='bbox 1445 1204 1498 1281; x_wconf 88' lang='lat' dir='ltr'>sic</span> <span class='ocrx_word' id='word_1_20' title='bbox 1529 1204 1723 1302; x_wconf 82' lang='lat' dir='ltr'>respondet</span> <span class='ocrx_word' id='word_1_21' title='bbox 1754 1227 1859 1300; x_wconf 84' lang='lat' dir='ltr'>quae-</span> 
     </span>
     <span class='ocr_line' id='line_1_4' title="bbox 682 1324 1858 1424; baseline 0.001 -24"><span class='ocrx_word' id='word_1_22' title='bbox 682 1325 789 1400; x_wconf 87' lang='lat' dir='ltr'>stioni</span> <span class='ocrx_word' id='word_1_23' title='bbox 813 1325 945 1401; x_wconf 75' lang='lat' dir='ltr'>tacite.</span> <span class='ocrx_word' id='word_1_24' title='bbox 963 1325 1112 1400; x_wconf 84' lang='lat' dir='ltr'>Poterat</span> <span class='ocrx_word' id='word_1_25' title='bbox 1128 1325 1228 1400; x_wconf 86' lang='lat' dir='ltr'>enim</span> <span class='ocrx_word' id='word_1_26' title='bbox 1245 1326 1382 1400; x_wconf 76' lang='lat' dir='ltr'>Statius</span> <span class='ocrx_word' id='word_1_27' title='bbox 1398 1324 1541 1401; x_wconf 86' lang='lat' dir='ltr'>dicere:</span> <span class='ocrx_word' id='word_1_28' title='bbox 1560 1327 1747 1421; x_wconf 90' lang='lat' dir='ltr'>quomodo</span> <span class='ocrx_word' id='word_1_29' title='bbox 1766 1347 1858 1424; x_wconf 85' lang='lat' dir='ltr'>ergo</span> 
     </span>
     <span class='ocr_line' id='line_1_5' title="bbox 681 1445 1855 1542; baseline -0.002 -22"><span class='ocrx_word' id='word_1_30' title='bbox 681 1446 741 1520; x_wconf 90' lang='lat' dir='ltr'>vel</span> <span class='ocrx_word' id='word_1_31' title='bbox 766 1465 884 1539; x_wconf 84' lang='lat' dir='ltr'>quare</span> <span class='ocrx_word' id='word_1_32' title='bbox 914 1445 1042 1521; x_wconf 88' lang='lat' dir='ltr'>venisti</span> <span class='ocrx_word' id='word_1_33' title='bbox 1077 1465 1165 1520; x_wconf 96' lang='lat' dir='ltr'>cum</span> <span class='ocrx_word' id='word_1_34' title='bbox 1198 1445 1398 1520; x_wconf 75' lang='lat' dir='ltr'>salvando?</span> <span class='ocrx_word' id='word_1_35' title='bbox 1433 1445 1628 1542; x_wconf 82' lang='lat' dir='ltr'>respondet</span> <span class='ocrx_word' id='word_1_36' title='bbox 1661 1445 1855 1542; x_wconf 81' lang='lat' dir='ltr'>Virgilius:</span> 
     </span>
     <span class='ocr_line' id='line_1_6' title="bbox 681 1557 1856 1660; baseline 0.001 -21"><span class='ocrx_word' id='word_1_37' title='bbox 681 1565 768 1659; x_wconf 90' lang='lat' dir='ltr'>quia</span> <span class='ocrx_word' id='word_1_38' title='bbox 792 1565 927 1640; x_wconf 88' lang='lat' dir='ltr'>Dantes</span> <span class='ocrx_word' id='word_1_39' title='bbox 951 1565 1071 1640; x_wconf 88' lang='lat' dir='ltr'>adhuc</span> <span class='ocrx_word' id='word_1_40' title='bbox 1097 1564 1203 1640; x_wconf 82' lang='lat' dir='ltr'>vivus</span> <span class='ocrx_word' id='word_1_41' title='bbox 1228 1584 1295 1660; x_wconf 89' lang='lat' dir='ltr'>per</span> <span class='ocrx_word' id='word_1_42' title='bbox 1326 1586 1368 1639; x_wconf 91' lang='lat' dir='ltr'>se</span> <span class='ocrx_word' id='word_1_43' title='bbox 1401 1585 1475 1638; x_wconf 92' lang='lat' dir='ltr'>non</span> <span class='ocrx_word' id='word_1_44' title='bbox 1488 1557 1525 1657; x_wconf 83' lang='lat'>(¹)</span> <span class='ocrx_word' id='word_1_45' title='bbox 1557 1571 1701 1659; x_wconf 88' lang='lat' dir='ltr'>poterat</span> <span class='ocrx_word' id='word_1_46' title='bbox 1725 1586 1856 1642; x_wconf 87' lang='lat' dir='ltr'>ascen-</span> 
     </span>
     <span class='ocr_line' id='line_1_7' title="bbox 680 1685 1855 1783; baseline 0.003 -24"><span class='ocrx_word' id='word_1_47' title='bbox 680 1685 780 1761; x_wconf 89' lang='lat' dir='ltr'>dere.</span> <span class='ocrx_word' id='word_1_48' title='bbox 807 1685 898 1760; x_wconf 88' lang='lat' dir='ltr'>Dicit</span> <span class='ocrx_word' id='word_1_49' title='bbox 922 1706 1032 1782; x_wconf 84' lang='lat' dir='ltr'>ergo:</span> <span class='ocrx_word' id='word_1_50' title='bbox 1059 1691 1122 1760; x_wconf 82' lang='lat' dir='ltr'>lla</span> <span class='ocrx_word' id='word_1_51' title='bbox 1152 1689 1175 1759; x_wconf 82' lang='lat' dir='ltr'>l’</span> <span class='ocrx_word' id='word_1_52' title='bbox 1187 1689 1309 1760; x_wconf 73' lang='lat' dir='ltr'>ammo</span> <span class='ocrx_word' id='word_1_53' title='bbox 1339 1707 1419 1778; x_wconf 79' lang='lat' dir='ltr'>suu,</span> <span class='ocrx_word' id='word_1_54' title='bbox 1451 1685 1553 1781; x_wconf 82' lang='lat' dir='ltr'>idest,</span> <span class='ocrx_word' id='word_1_55' title='bbox 1584 1686 1687 1760; x_wconf 89' lang='lat' dir='ltr'>istius</span> <span class='ocrx_word' id='word_1_56' title='bbox 1717 1688 1855 1783; x_wconf 87' lang='lat' dir='ltr'>Dantis,</span> 
     </span>
     <span class='ocr_line' id='line_1_8' title="bbox 680 1797 1855 1902; baseline 0.003 -24"><span class='ocrx_word' id='word_1_57' title='bbox 680 1804 745 1900; x_wconf 92' lang='lat' dir='ltr'>qui</span> <span class='ocrx_word' id='word_1_58' title='bbox 758 1797 795 1899; x_wconf 77' lang='lat'>(¹)</span> <span class='ocrx_word' id='word_1_59' title='bbox 821 1805 920 1880; x_wconf 88' lang='lat' dir='ltr'>dedit</span> <span class='ocrx_word' id='word_1_60' title='bbox 948 1826 988 1881; x_wconf 89' lang='lat' dir='ltr'>se</span> <span class='ocrx_word' id='word_1_61' title='bbox 1021 1805 1077 1880; x_wconf 84' lang='lat' dir='ltr'>isti</span> <span class='ocrx_word' id='word_1_62' title='bbox 1112 1805 1360 1902; x_wconf 85' lang='lat' dir='ltr'>speculationi,</span> <span class='ocrx_word' id='word_1_63' title='bbox 1386 1802 1471 1880; x_wconf 69' lang='lat' dir='ltr'>olle*</span> <span class='ocrx_word' id='word_1_64' title='bbox 1497 1809 1569 1880; x_wconf 84' lang='lat' dir='ltr'>mia</span> <span class='ocrx_word' id='word_1_65' title='bbox 1593 1827 1612 1879; x_wconf 89' lang='lat' dir='ltr'>c</span> <span class='ocrx_word' id='word_1_66' title='bbox 1637 1813 1697 1880; x_wconf 85' lang='lat' dir='ltr'>tuo</span> <span class='ocrx_word' id='word_1_67' title='bbox 1730 1829 1855 1882; x_wconf 81' lang='lat' dir='ltr'>soror·</span> 
     </span>
     <span class='ocr_line' id='line_1_9' title="bbox 679 1925 1852 2022; baseline 0.003 -23"><span class='ocrx_word' id='word_1_68' title='bbox 679 1929 771 2018; x_wconf 84' lang='lat' dir='ltr'>otio,</span> <span class='ocrx_word' id='word_1_69' title='bbox 797 1926 889 2002; x_wconf 87' lang='lat' dir='ltr'>idest</span> <span class='ocrx_word' id='word_1_70' title='bbox 919 1946 1035 2021; x_wconf 90' lang='lat' dir='ltr'>soror,</span> <span class='ocrx_word' id='word_1_71' title='bbox 1061 1926 1149 2022; x_wconf 91' lang='lat' dir='ltr'>quia</span> <span class='ocrx_word' id='word_1_72' title='bbox 1181 1947 1311 2001; x_wconf 91' lang='lat' dir='ltr'>sumus</span> <span class='ocrx_word' id='word_1_73' title='bbox 1345 1934 1420 2001; x_wconf 89' lang='lat' dir='ltr'>tres</span> <span class='ocrx_word' id='word_1_74' title='bbox 1449 1925 1582 2001; x_wconf 87' lang='lat' dir='ltr'>iratres</span> <span class='ocrx_word' id='word_1_75' title='bbox 1610 1927 1852 2002; x_wconf 89' lang='lat' dir='ltr'>amantissimi</span> 
     </span>
     <span class='ocr_line' id='line_1_10' title="bbox 607 2045 1855 2144; baseline 0.001 -23"><span class='ocrx_word' id='word_1_76' title='bbox 607 2135 611 2144; x_wconf 32' lang='grc' dir='ltr'>Ι</span> <span class='ocrx_word' id='word_1_77' title='bbox 680 2053 718 2121; x_wconf 87' lang='lat' dir='ltr'>et</span> <span class='ocrx_word' id='word_1_78' title='bbox 743 2053 817 2121; x_wconf 84' lang='lat' dir='ltr'>tres</span> <span class='ocrx_word' id='word_1_79' title='bbox 844 2053 961 2144; x_wconf 87' lang='lat' dir='ltr'>poetae</span> <span class='ocrx_word' id='word_1_80' title='bbox 979 2046 1131 2121; x_wconf 86' lang='lat' dir='ltr'>maximi</span> <span class='ocrx_word' id='word_1_81' title='bbox 1149 2045 1197 2120; x_wconf 92' lang='lat' dir='ltr'>ah</span> <span class='ocrx_word' id='word_1_82' title='bbox 1218 2066 1294 2119; x_wconf 93' lang='lat' dir='ltr'>uno</span> <span class='ocrx_word' id='word_1_83' title='bbox 1309 2053 1415 2141; x_wconf 86' lang='lat' dir='ltr'>patre</span> <span class='ocrx_word' id='word_1_84' title='bbox 1432 2045 1519 2140; x_wconf 82' lang='lat' dir='ltr'>Deo,</span> <span class='ocrx_word' id='word_1_85' title='bbox 1539 2067 1613 2120; x_wconf 83' lang='lat' dir='ltr'>non</span> <span class='ocrx_word' id='word_1_86' title='bbox 1633 2054 1738 2140; x_wconf 85' lang='lat' dir='ltr'>polea</span> <span class='ocrx_word' id='word_1_87' title='bbox 1755 2051 1855 2122; x_wconf 83' lang='lat' dir='ltr'>venir</span> 
     </span>
     <span class='ocr_line' id='line_1_11' title="bbox 679 2161 1854 2262; baseline 0.003 -23"><span class='ocrx_word' id='word_1_88' title='bbox 679 2169 770 2259; x_wconf 88' lang='lat' dir='ltr'>solu,</span> <span class='ocrx_word' id='word_1_89' title='bbox 796 2167 883 2260; x_wconf 88' lang='lat' dir='ltr'>quia</span> <span class='ocrx_word' id='word_1_90' title='bbox 909 2167 1045 2242; x_wconf 87' lang='lat' dir='ltr'>sociata</span> <span class='ocrx_word' id='word_1_91' title='bbox 1068 2172 1148 2242; x_wconf 80' lang='lat' dir='ltr'>erat</span> <span class='ocrx_word' id='word_1_92' title='bbox 1172 2187 1196 2240; x_wconf 91' lang='lat' dir='ltr'>a</span> <span class='ocrx_word' id='word_1_93' title='bbox 1220 2186 1353 2261; x_wconf 89' lang='lat' dir='ltr'>carne;</span> <span class='ocrx_word' id='word_1_94' title='bbox 1371 2173 1409 2242; x_wconf 84' lang='lat' dir='ltr'>et</span> <span class='ocrx_word' id='word_1_95' title='bbox 1430 2167 1547 2241; x_wconf 78' lang='lat' dir='ltr'>reddit</span> <span class='ocrx_word' id='word_1_96' title='bbox 1571 2187 1741 2242; x_wconf 88' lang='lat' dir='ltr'>causam:</span> <span class='ocrx_word' id='word_1_97' title='bbox 1764 2161 1854 2262; x_wconf 79' lang='lat' dir='ltr'>perd</span> 
     </span>
     <span class='ocr_line' id='line_1_12' title="bbox 679 2287 1855 2382; baseline 0.003 -22"><span class='ocrx_word' id='word_1_98' title='bbox 679 2289 783 2360; x_wconf 77' lang='lat' dir='ltr'>ct&#39;al</span> <span class='ocrx_word' id='word_1_99' title='bbox 806 2289 911 2361; x_wconf 87' lang='lat' dir='ltr'>modo</span> <span class='ocrx_word' id='word_1_100' title='bbox 936 2295 1057 2360; x_wconf 76' lang='lat' dir='ltr'>nosho</span> <span class='ocrx_word' id='word_1_101' title='bbox 1081 2308 1155 2361; x_wconf 81' lang='lat' dir='ltr'>nort</span> <span class='ocrx_word' id='word_1_102' title='bbox 1178 2289 1359 2380; x_wconf 80' lang='lat' dir='ltr'>udocohtu,</span> <span class='ocrx_word' id='word_1_103' title='bbox 1382 2287 1485 2381; x_wconf 80' lang='lat' dir='ltr'>idest,</span> <span class='ocrx_word' id='word_1_104' title='bbox 1503 2287 1591 2382; x_wconf 90' lang='lat' dir='ltr'>quia</span> <span class='ocrx_word' id='word_1_105' title='bbox 1616 2289 1739 2364; x_wconf 88' lang='lat' dir='ltr'>anima</span> <span class='ocrx_word' id='word_1_106' title='bbox 1764 2310 1855 2364; x_wconf 90' lang='lat' dir='ltr'>con·</span> 
     </span>
     <span class='ocr_line' id='line_1_13' title="bbox 682 2407 1855 2504; baseline 0.004 -23"><span class='ocrx_word' id='word_1_107' title='bbox 682 2407 807 2482; x_wconf 88' lang='lat' dir='ltr'>iuncta</span> <span class='ocrx_word' id='word_1_108' title='bbox 832 2408 978 2504; x_wconf 87' lang='lat' dir='ltr'>corpori</span> <span class='ocrx_word' id='word_1_109' title='bbox 1005 2427 1079 2482; x_wconf 93' lang='lat' dir='ltr'>non</span> <span class='ocrx_word' id='word_1_110' title='bbox 1103 2407 1202 2483; x_wconf 81' lang='lat' dir='ltr'>videt</span> <span class='ocrx_word' id='word_1_111' title='bbox 1225 2415 1348 2503; x_wconf 88' lang='lat' dir='ltr'>acute,</span> <span class='ocrx_word' id='word_1_112' title='bbox 1366 2429 1434 2484; x_wconf 88' lang='lat' dir='ltr'>nec</span> <span class='ocrx_word' id='word_1_113' title='bbox 1453 2410 1664 2504; x_wconf 86' lang='lat' dir='ltr'>speculatur</span> <span class='ocrx_word' id='word_1_114' title='bbox 1683 2410 1779 2484; x_wconf 90' lang='lat' dir='ltr'>sicut</span> <span class='ocrx_word' id='word_1_115' title='bbox 1794 2431 1855 2486; x_wconf 89' lang='lat' dir='ltr'>se·</span> 
     </span>
     <span class='ocr_line' id='line_1_14' title="bbox 681 2518 1851 2624; baseline 0.003 -24"><span class='ocrx_word' id='word_1_116' title='bbox 681 2532 820 2622; x_wconf 86' lang='lat' dir='ltr'>parata.</span> <span class='ocrx_word' id='word_1_117' title='bbox 847 2528 891 2600; x_wconf 84' lang='lat' dir='ltr'>Et</span> <span class='ocrx_word' id='word_1_118' title='bbox 917 2527 1031 2624; x_wconf 86' lang='lat' dir='ltr'>tangit</span> <span class='ocrx_word' id='word_1_119' title='bbox 1046 2518 1082 2621; x_wconf 82' lang='lat'>(³)</span> <span class='ocrx_word' id='word_1_120' title='bbox 1102 2547 1220 2622; x_wconf 88' lang='lat' dir='ltr'>qnare</span> <span class='ocrx_word' id='word_1_121' title='bbox 1246 2528 1314 2603; x_wconf 88' lang='lat' dir='ltr'>iste</span> <span class='ocrx_word' id='word_1_122' title='bbox 1338 2528 1428 2604; x_wconf 82' lang='lat' dir='ltr'>vivit</span> <span class='ocrx_word' id='word_1_123' title='bbox 1452 2529 1522 2603; x_wconf 93' lang='lat' dir='ltr'>suh</span> <span class='ocrx_word' id='word_1_124' title='bbox 1547 2528 1669 2604; x_wconf 82' lang='lat' dir='ltr'>verbis</span> <span class='ocrx_word' id='word_1_125' title='bbox 1688 2529 1851 2605; x_wconf 90' lang='lat' dir='ltr'>occultis.</span> 
     </span>
     <span class='ocr_line' id='line_1_15' title="bbox 682 2648 1851 2746; baseline 0 -22"><span class='ocrx_word' id='word_1_126' title='bbox 682 2649 736 2724; x_wconf 81' lang='lat' dir='ltr'>hd</span> <span class='ocrx_word' id='word_1_127' title='bbox 761 2649 859 2744; x_wconf 90' lang='lat' dir='ltr'>quod</span> <span class='ocrx_word' id='word_1_128' title='bbox 885 2655 939 2723; x_wconf 84' lang='lat' dir='ltr'>est</span> <span class='ocrx_word' id='word_1_129' title='bbox 969 2648 1184 2742; x_wconf 90' lang='lat' dir='ltr'>notandum,</span> <span class='ocrx_word' id='word_1_130' title='bbox 1211 2648 1310 2742; x_wconf 86' lang='lat' dir='ltr'>quod</span> <span class='ocrx_word' id='word_1_131' title='bbox 1340 2657 1458 2746; x_wconf 77' lang='lat' dir='ltr'>poetae</span> <span class='ocrx_word' id='word_1_132' title='bbox 1488 2650 1632 2746; x_wconf 84' lang='lat' dir='ltr'>lingunt</span> <span class='ocrx_word' id='word_1_133' title='bbox 1663 2649 1732 2724; x_wconf 90' lang='lat' dir='ltr'>tria</span> <span class='ocrx_word' id='word_1_134' title='bbox 1765 2650 1851 2745; x_wconf 85' lang='lat' dir='ltr'>lata,</span> 
     </span>
     <span class='ocr_line' id='line_1_16' title="bbox 683 2769 1852 2866; baseline 0.003 -23"><span class='ocrx_word' id='word_1_135' title='bbox 683 2789 844 2864; x_wconf 90' lang='lat' dir='ltr'>quorum</span> <span class='ocrx_word' id='word_1_136' title='bbox 862 2769 981 2844; x_wconf 90' lang='lat' dir='ltr'>ollicia</span> <span class='ocrx_word' id='word_1_137' title='bbox 999 2769 1160 2866; x_wconf 81' lang='lat' dir='ltr'>figurant</span> <span class='ocrx_word' id='word_1_138' title='bbox 1177 2769 1245 2843; x_wconf 92' lang='lat' dir='ltr'>suh</span> <span class='ocrx_word' id='word_1_139' title='bbox 1263 2769 1384 2864; x_wconf 88' lang='lat' dir='ltr'>specie</span> <span class='ocrx_word' id='word_1_140' title='bbox 1401 2769 1514 2844; x_wconf 86' lang='lat' dir='ltr'>trium</span> <span class='ocrx_word' id='word_1_141' title='bbox 1532 2770 1744 2865; x_wconf 90' lang='lat' dir='ltr'>mulierum,</span> <span class='ocrx_word' id='word_1_142' title='bbox 1758 2793 1852 2866; x_wconf 82' lang='lat' dir='ltr'>qua-</span> 
     </span>
     <span class='ocr_line' id='line_1_17' title="bbox 681 2889 1851 2985; baseline 0.002 -22"><span class='ocrx_word' id='word_1_143' title='bbox 681 2911 767 2964; x_wconf 95' lang='lat' dir='ltr'>rum</span> <span class='ocrx_word' id='word_1_144' title='bbox 795 2910 868 2963; x_wconf 93' lang='lat' dir='ltr'>una</span> <span class='ocrx_word' id='word_1_145' title='bbox 893 2895 1014 2985; x_wconf 88' lang='lat' dir='ltr'>portat</span> <span class='ocrx_word' id='word_1_146' title='bbox 1038 2890 1175 2983; x_wconf 92' lang='lat' dir='ltr'>colum,</span> <span class='ocrx_word' id='word_1_147' title='bbox 1193 2889 1354 2964; x_wconf 73' lang='lat' dir='ltr'>secuma</span> <span class='ocrx_word' id='word_1_148' title='bbox 1374 2889 1485 2964; x_wconf 88' lang='lat' dir='ltr'>trahit</span> <span class='ocrx_word' id='word_1_149' title='bbox 1502 2889 1618 2983; x_wconf 88' lang='lat' dir='ltr'>iilum,</span> <span class='ocrx_word' id='word_1_150' title='bbox 1636 2889 1742 2964; x_wconf 85' lang='lat' dir='ltr'>tertia</span> <span class='ocrx_word' id='word_1_151' title='bbox 1760 2911 1851 2966; x_wconf 85' lang='lat' dir='ltr'>vero</span> 
     </span>
     <span class='ocr_line' id='line_1_18' title="bbox 680 3009 1851 3105; baseline 0 -20"><span class='ocrx_word' id='word_1_152' title='bbox 680 3017 827 3086; x_wconf 89' lang='lat' dir='ltr'>truncat</span> <span class='ocrx_word' id='word_1_153' title='bbox 854 3010 1005 3085; x_wconf 87' lang='lat' dir='ltr'>litatum.</span> <span class='ocrx_word' id='word_1_154' title='bbox 1032 3009 1157 3084; x_wconf 87' lang='lat' dir='ltr'>Prima</span> <span class='ocrx_word' id='word_1_155' title='bbox 1181 3016 1336 3084; x_wconf 85' lang='lat' dir='ltr'>vocatur</span> <span class='ocrx_word' id='word_1_156' title='bbox 1360 3010 1489 3084; x_wconf 88' lang='lat' dir='ltr'>Clotho</span> <span class='ocrx_word' id='word_1_157' title='bbox 1514 3030 1600 3103; x_wconf 85' lang='lat' dir='ltr'>quae</span> <span class='ocrx_word' id='word_1_158' title='bbox 1630 3010 1851 3105; x_wconf 86' lang='lat' dir='ltr'>interpreta-</span> 
     </span>
     <span class='ocr_line' id='line_1_19' title="bbox 679 3121 1849 3226; baseline 0.002 -23"><span class='ocrx_word' id='word_1_159' title='bbox 679 3138 742 3205; x_wconf 93' lang='lat' dir='ltr'>tur</span> <span class='ocrx_word' id='word_1_160' title='bbox 767 3129 958 3226; x_wconf 92' lang='lat' dir='ltr'>productio</span> <span class='ocrx_word' id='word_1_161' title='bbox 983 3130 1030 3204; x_wconf 89' lang='lat' dir='ltr'>de</span> <span class='ocrx_word' id='word_1_162' title='bbox 1055 3150 1128 3204; x_wconf 94' lang='lat' dir='ltr'>non</span> <span class='ocrx_word' id='word_1_163' title='bbox 1154 3149 1235 3204; x_wconf 91' lang='lat' dir='ltr'>esse</span> <span class='ocrx_word' id='word_1_164' title='bbox 1260 3129 1306 3204; x_wconf 91' lang='lat' dir='ltr'>ad</span> <span class='ocrx_word' id='word_1_165' title='bbox 1332 3149 1413 3204; x_wconf 91' lang='lat' dir='ltr'>esse</span> <span class='ocrx_word' id='word_1_166' title='bbox 1421 3153 1432 3225; x_wconf 91' lang='lat'>;</span> <span class='ocrx_word' id='word_1_167' title='bbox 1449 3136 1488 3205; x_wconf 92' lang='lat' dir='ltr'>et</span> <span class='ocrx_word' id='word_1_168' title='bbox 1506 3150 1573 3225; x_wconf 91' lang='lat' dir='ltr'>per</span> <span class='ocrx_word' id='word_1_169' title='bbox 1593 3131 1688 3206; x_wconf 89' lang='lat' dir='ltr'>hanc</span> <span class='ocrx_word' id='word_1_170' title='bbox 1712 3130 1800 3206; x_wconf 90' lang='lat' dir='ltr'>dant</span> <span class='ocrx_word' id='word_1_171' title='bbox 1809 3121 1849 3224; x_wconf 70' lang='lat'>(⁸)</span> 
     </span>
     <span class='ocr_line' id='line_1_20' title="bbox 676 3248 1848 3348; baseline 0.002 -24"><span class='ocrx_word' id='word_1_172' title='bbox 676 3249 828 3346; x_wconf 86' lang='lat' dir='ltr'>intelligi</span> <span class='ocrx_word' id='word_1_173' title='bbox 853 3248 1078 3324; x_wconf 83' lang='lat' dir='ltr'>nativitatem</span> <span class='ocrx_word' id='word_1_174' title='bbox 1105 3248 1274 3322; x_wconf 67' lang='lat' dir='ltr'>hominisss</span> <span class='ocrx_word' id='word_1_175' title='bbox 1300 3249 1469 3324; x_wconf 85' lang='lat' dir='ltr'>Secunda</span> <span class='ocrx_word' id='word_1_176' title='bbox 1490 3255 1644 3325; x_wconf 86' lang='lat' dir='ltr'>vocatur</span> <span class='ocrx_word' id='word_1_177' title='bbox 1667 3251 1848 3348; x_wconf 88' lang='lat' dir='ltr'>Lachesis,</span> 
     </span>
     <span class='ocr_line' id='line_1_21' title="bbox 678 3368 1847 3466; baseline 0.004 -23"><span class='ocrx_word' id='word_1_178' title='bbox 678 3389 762 3463; x_wconf 88' lang='lat' dir='ltr'>quae</span> <span class='ocrx_word' id='word_1_179' title='bbox 789 3368 1050 3464; x_wconf 83' lang='lat' dir='ltr'>interpretatur</span> <span class='ocrx_word' id='word_1_180' title='bbox 1081 3389 1185 3464; x_wconf 87' lang='lat' dir='ltr'>sors;</span> <span class='ocrx_word' id='word_1_181' title='bbox 1217 3374 1255 3443; x_wconf 90' lang='lat' dir='ltr'>et</span> <span class='ocrx_word' id='word_1_182' title='bbox 1284 3368 1461 3466; x_wconf 82' lang='lat' dir='ltr'>significat</span> <span class='ocrx_word' id='word_1_183' title='bbox 1491 3391 1643 3446; x_wconf 90' lang='lat' dir='ltr'>cursum</span> <span class='ocrx_word' id='word_1_184' title='bbox 1674 3374 1847 3448; x_wconf 75' lang='lat' dir='ltr'>humana</span> 
     </span>
     <span class='ocr_line' id='line_1_22' title="bbox 677 3488 1851 3588; baseline 0.002 -24"><span class='ocrx_word' id='word_1_185' title='bbox 677 3490 762 3564; x_wconf 81' lang='lat' dir='ltr'>uitae</span> <span class='ocrx_word' id='word_1_186' title='bbox 788 3508 873 3582; x_wconf 78' lang='lat' dir='ltr'>quac</span> <span class='ocrx_word' id='word_1_187' title='bbox 898 3490 967 3562; x_wconf 87' lang='lat' dir='ltr'>suh</span> <span class='ocrx_word' id='word_1_188' title='bbox 985 3488 1253 3563; x_wconf 85' lang='lat' dir='ltr'>sortelaborat.</span> <span class='ocrx_word' id='word_1_189' title='bbox 1271 3489 1500 3565; x_wconf 80' lang='lat' dir='ltr'>lentiorem</span> <span class='ocrx_word' id='word_1_190' title='bbox 1520 3498 1675 3566; x_wconf 89' lang='lat' dir='ltr'>vocatur</span> <span class='ocrx_word' id='word_1_191' title='bbox 1694 3491 1851 3588; x_wconf 85' lang='lat' dir='ltr'>Atropos</span> 
     </span>
     <span class='ocr_line' id='line_1_23' title="bbox 678 3608 1849 3708; baseline 0.001 -24"><span class='ocrx_word' id='word_1_192' title='bbox 678 3630 762 3705; x_wconf 86' lang='lat' dir='ltr'>quae</span> <span class='ocrx_word' id='word_1_193' title='bbox 787 3615 843 3684; x_wconf 88' lang='lat' dir='ltr'>ost</span> <span class='ocrx_word' id='word_1_194' title='bbox 868 3608 1036 3684; x_wconf 90' lang='lat' dir='ltr'>deductio</span> <span class='ocrx_word' id='word_1_195' title='bbox 1060 3609 1108 3682; x_wconf 87' lang='lat' dir='ltr'>ab</span> <span class='ocrx_word' id='word_1_196' title='bbox 1134 3628 1214 3683; x_wconf 78' lang='lat' dir='ltr'>esso</span> <span class='ocrx_word' id='word_1_197' title='bbox 1238 3609 1286 3682; x_wconf 87' lang='lat' dir='ltr'>ad</span> <span class='ocrx_word' id='word_1_198' title='bbox 1311 3630 1385 3683; x_wconf 94' lang='lat' dir='ltr'>non</span> <span class='ocrx_word' id='word_1_199' title='bbox 1410 3629 1503 3705; x_wconf 90' lang='lat' dir='ltr'>esse,</span> <span class='ocrx_word' id='word_1_200' title='bbox 1526 3617 1564 3685; x_wconf 89' lang='lat' dir='ltr'>et</span> <span class='ocrx_word' id='word_1_201' title='bbox 1586 3610 1849 3708; x_wconf 80' lang='lat' dir='ltr'>interpretatur</span> 
     </span>
     <span class='ocr_line' id='line_1_24' title="bbox 676 3728 1850 3827; baseline 0.003 -24"><span class='ocrx_word' id='word_1_202' title='bbox 676 3731 755 3804; x_wconf 89' lang='lat' dir='ltr'>sine</span> <span class='ocrx_word' id='word_1_203' title='bbox 788 3728 1039 3821; x_wconf 85' lang='lat' dir='ltr'>conversione,</span> <span class='ocrx_word' id='word_1_204' title='bbox 1065 3728 1153 3821; x_wconf 90' lang='lat' dir='ltr'>quia</span> <span class='ocrx_word' id='word_1_205' title='bbox 1178 3749 1202 3802; x_wconf 90' lang='lat' dir='ltr'>a</span> <span class='ocrx_word' id='word_1_206' title='bbox 1227 3735 1348 3803; x_wconf 90' lang='lat' dir='ltr'>morte</span> <span class='ocrx_word' id='word_1_207' title='bbox 1376 3729 1423 3803; x_wconf 91' lang='lat' dir='ltr'>ad</span> <span class='ocrx_word' id='word_1_208' title='bbox 1454 3729 1565 3804; x_wconf 82' lang='lat' dir='ltr'>vitam</span> <span class='ocrx_word' id='word_1_209' title='bbox 1597 3739 1653 3806; x_wconf 89' lang='lat' dir='ltr'>est</span> <span class='ocrx_word' id='word_1_210' title='bbox 1684 3731 1850 3827; x_wconf 91' lang='lat' dir='ltr'>impossi-</span> 
     </span>
     <span class='ocr_line' id='line_1_25' title="bbox 677 3841 1847 3946; baseline 0.003 -22"><span class='ocrx_word' id='word_1_211' title='bbox 677 3850 750 3925; x_wconf 91' lang='lat' dir='ltr'>hile</span> <span class='ocrx_word' id='word_1_212' title='bbox 766 3841 803 3942; x_wconf 81' lang='lat'>(⁵)</span> <span class='ocrx_word' id='word_1_213' title='bbox 829 3849 908 3924; x_wconf 89' lang='lat' dir='ltr'>lieri</span> <span class='ocrx_word' id='word_1_214' title='bbox 936 3869 1157 3945; x_wconf 81' lang='lat' dir='ltr'>regressum.</span> <span class='ocrx_word' id='word_1_215' title='bbox 1184 3848 1276 3923; x_wconf 88' lang='lat' dir='ltr'>Dicit</span> <span class='ocrx_word' id='word_1_216' title='bbox 1301 3868 1412 3946; x_wconf 84' lang='lat' dir='ltr'>ergo:</span> <span class='ocrx_word' id='word_1_217' title='bbox 1433 3846 1565 3943; x_wconf 73' lang='lat' dir='ltr'>perche*</span> <span class='ocrx_word' id='word_1_218' title='bbox 1585 3854 1683 3941; x_wconf 85' lang='lat' dir='ltr'>colei,</span> <span class='ocrx_word' id='word_1_219' title='bbox 1700 3852 1847 3942; x_wconf 92' lang='lat' dir='ltr'>scilicet,</span> 
     </span>
     <span class='ocr_line' id='line_1_26' title="bbox 675 3959 1848 4065; baseline 0.003 -20"><span class='ocrx_word' id='word_1_220' title='bbox 675 3969 854 4063; x_wconf 85' lang='lat' dir='ltr'>Lachesis,</span> <span class='ocrx_word' id='word_1_221' title='bbox 881 3971 940 4042; x_wconf 83' lang='lat' dir='ltr'>cle</span> <span class='ocrx_word' id='word_1_222' title='bbox 964 3969 1001 4042; x_wconf 86' lang='lat' dir='ltr'>di</span> <span class='ocrx_word' id='word_1_223' title='bbox 1025 3991 1043 4041; x_wconf 86' lang='lat' dir='ltr'>c</span> <span class='ocrx_word' id='word_1_224' title='bbox 1067 3959 1159 4042; x_wconf 75' lang='lat' dir='ltr'>note</span> <span class='ocrx_word' id='word_1_225' title='bbox 1180 3972 1258 4062; x_wconf 78' lang='lat' dir='ltr'>filu,</span> <span class='ocrx_word' id='word_1_226' title='bbox 1284 3969 1372 4062; x_wconf 89' lang='lat' dir='ltr'>quia</span> <span class='ocrx_word' id='word_1_227' title='bbox 1402 3970 1578 4065; x_wconf 88' lang='lat' dir='ltr'>paulatim</span> <span class='ocrx_word' id='word_1_228' title='bbox 1608 3971 1697 4046; x_wconf 93' lang='lat' dir='ltr'>dum</span> <span class='ocrx_word' id='word_1_229' title='bbox 1710 3963 1747 4064; x_wconf 80' lang='lat'>(⁶)</span> <span class='ocrx_word' id='word_1_230' title='bbox 1773 3992 1848 4048; x_wconf 94' lang='lat' dir='ltr'>non</span> 
     </span>
     <span class='ocr_line' id='line_1_27' title="bbox 676 4089 1848 4187; baseline 0.003 -22"><span class='ocrx_word' id='word_1_231' title='bbox 676 4090 853 4166; x_wconf 89' lang='lat' dir='ltr'>sentimus</span> <span class='ocrx_word' id='word_1_232' title='bbox 878 4089 1108 4164; x_wconf 91' lang='lat' dir='ltr'>subtrahitur</span> <span class='ocrx_word' id='word_1_233' title='bbox 1133 4109 1280 4184; x_wconf 90' lang='lat' dir='ltr'>semper</span> <span class='ocrx_word' id='word_1_234' title='bbox 1303 4090 1440 4183; x_wconf 89' lang='lat' dir='ltr'>aliquid</span> <span class='ocrx_word' id='word_1_235' title='bbox 1466 4091 1550 4168; x_wconf 82' lang='lat' dir='ltr'>vitae</span> <span class='ocrx_word' id='word_1_236' title='bbox 1576 4100 1728 4187; x_wconf 73' lang='lat' dir='ltr'>nostre,</span> <span class='ocrx_word' id='word_1_237' title='bbox 1751 4093 1848 4168; x_wconf 90' lang='lat' dir='ltr'>unde</span> 
     </span>
     <span class='ocr_line' id='line_1_28' title="bbox 675 4199 1847 4307; baseline 0 -20"><span class='ocrx_word' id='word_1_238' title='bbox 675 4211 831 4288; x_wconf 88' lang='lat' dir='ltr'>vivendo</span> <span class='ocrx_word' id='word_1_239' title='bbox 852 4210 1036 4284; x_wconf 88' lang='lat' dir='ltr'>morimur</span> <span class='ocrx_word' id='word_1_240' title='bbox 1051 4199 1101 4304; x_wconf 74' lang='lat'>(⁷),</span> <span class='ocrx_word' id='word_1_241' title='bbox 1119 4215 1157 4284; x_wconf 86' lang='lat' dir='ltr'>et</span> <span class='ocrx_word' id='word_1_242' title='bbox 1182 4209 1310 4285; x_wconf 90' lang='lat' dir='ltr'>stando</span> <span class='ocrx_word' id='word_1_243' title='bbox 1326 4201 1363 4301; x_wconf 80' lang='lat'>(⁸)</span> <span class='ocrx_word' id='word_1_244' title='bbox 1380 4211 1577 4307; x_wconf 88' lang='lat' dir='ltr'>currimus,</span> <span class='ocrx_word' id='word_1_245' title='bbox 1594 4234 1667 4286; x_wconf 87' lang='lat' dir='ltr'>non</span> <span class='ocrx_word' id='word_1_246' title='bbox 1685 4217 1736 4305; x_wconf 79' lang='lat' dir='ltr'>pli</span> <span class='ocrx_word' id='word_1_247' title='bbox 1758 4235 1847 4287; x_wconf 87' lang='lat' dir='ltr'>uoco</span> 
     </span>
     <span class='ocr_line' id='line_1_29' title="bbox 675 4331 1846 4428; baseline 0 -21"><span class='ocrx_word' id='word_1_248' title='bbox 675 4339 783 4407; x_wconf 80' lang='lat' dir='ltr'>trutm</span> <span class='ocrx_word' id='word_1_249' title='bbox 808 4352 945 4404; x_wconf 83' lang='lat' dir='ltr'>ancora</span> <span class='ocrx_word' id='word_1_250' title='bbox 970 4332 1007 4403; x_wconf 89' lang='lat' dir='ltr'>lo</span> <span class='ocrx_word' id='word_1_251' title='bbox 1032 4333 1232 4423; x_wconf 78' lang='lat' dir='ltr'>concoctio,</span> <span class='ocrx_word' id='word_1_252' title='bbox 1258 4331 1360 4426; x_wconf 88' lang='lat' dir='ltr'>idest,</span> <span class='ocrx_word' id='word_1_253' title='bbox 1386 4339 1567 4428; x_wconf 91' lang='lat' dir='ltr'>stuppam,</span> <span class='ocrx_word' id='word_1_254' title='bbox 1593 4336 1698 4427; x_wconf 88' lang='lat' dir='ltr'>quasi</span> <span class='ocrx_word' id='word_1_255' title='bbox 1727 4336 1846 4410; x_wconf 87' lang='lat' dir='ltr'>dicat:</span> 
     </span>
     <span class='ocr_line' id='line_1_30' title="bbox 674 4449 1846 4546; baseline 0.003 -20"><span class='ocrx_word' id='word_1_256' title='bbox 674 4453 837 4527; x_wconf 95' lang='lat' dir='ltr'>nondum</span> <span class='ocrx_word' id='word_1_257' title='bbox 860 4457 1139 4546; x_wconf 87' lang='lat' dir='ltr'>consumpserat</span> <span class='ocrx_word' id='word_1_258' title='bbox 1156 4449 1313 4525; x_wconf 85' lang='lat' dir='ltr'>calidum</span> <span class='ocrx_word' id='word_1_259' title='bbox 1333 4453 1501 4528; x_wconf 89' lang='lat' dir='ltr'>naturale</span> <span class='ocrx_word' id='word_1_260' title='bbox 1518 4459 1556 4529; x_wconf 92' lang='lat' dir='ltr'>et</span> <span class='ocrx_word' id='word_1_261' title='bbox 1571 4454 1766 4530; x_wconf 92' lang='lat' dir='ltr'>humidum</span> <span class='ocrx_word' id='word_1_262' title='bbox 1785 4477 1846 4530; x_wconf 92' lang='lat' dir='ltr'>ra-</span> 
     </span>
    </p>
   </div>
   <div class='ocr_carea' id='block_1_3' title="bbox 532 4572 1849 4669">
    <p class='ocr_par' dir='ltr' id='par_1_3' title="bbox 532 4572 1849 4669">
     <span class='ocr_line' id='line_1_31' title="bbox 532 4572 1849 4669; baseline 0.002 -22"><span class='ocrx_word' id='word_1_263' title='bbox 532 4583 536 4594; x_wconf 92' lang='lat'><em>&#39;</em></span> <span class='ocrx_word' id='word_1_264' title='bbox 674 4572 801 4668; x_wconf 89' lang='lat' dir='ltr'>dicale,</span> <span class='ocrx_word' id='word_1_265' title='bbox 826 4575 886 4646; x_wconf 81' lang='lat' dir='ltr'>cde</span> <span class='ocrx_word' id='word_1_266' title='bbox 914 4573 1010 4645; x_wconf 81' lang='lat' dir='ltr'>Gtoto</span> <span class='ocrx_word' id='word_1_267' title='bbox 1042 4573 1182 4662; x_wconf 82' lang='lat' dir='ltr'>impone</span> <span class='ocrx_word' id='word_1_268' title='bbox 1212 4592 1237 4643; x_wconf 85' lang='lat' dir='ltr'>a</span> <span class='ocrx_word' id='word_1_269' title='bbox 1268 4574 1431 4646; x_wconf 68' lang='lat' dir='ltr'>cloccum</span> <span class='ocrx_word' id='word_1_270' title='bbox 1460 4596 1480 4646; x_wconf 86' lang='lat' dir='ltr'>c</span> <span class='ocrx_word' id='word_1_271' title='bbox 1509 4576 1685 4668; x_wconf 84' lang='lat' dir='ltr'>compito,·</span> <span class='ocrx_word' id='word_1_272' title='bbox 1714 4575 1801 4669; x_wconf 86' lang='lat' dir='ltr'>quia</span> <span class='ocrx_word' id='word_1_273' title='bbox 1826 4598 1849 4651; x_wconf 92' lang='lat' dir='ltr'>a</span> 
     </span>
    </p>
   </div>
   <div class='ocr_carea' id='block_1_4' title="bbox 736 4846 1844 5142">
    <p class='ocr_par' dir='ltr' id='par_1_4' title="bbox 736 4846 1841 4987">
     <span class='ocr_line' id='line_1_32' title="bbox 736 4846 1841 4912; baseline 0.002 -14"><span class='ocrx_word' id='word_1_274' title='bbox 736 4846 764 4908; x_wconf 84' lang='lat'>(¹)</span> <span class='ocrx_word' id='word_1_275' title='bbox 783 4851 836 4907; x_wconf 92' lang='grc'><strong>117,</strong></span> <span class='ocrx_word' id='word_1_276' title='bbox 852 4861 904 4896; x_wconf 91' lang='lat' dir='ltr'>non</span> <span class='ocrx_word' id='word_1_277' title='bbox 921 4851 1022 4910; x_wconf 82' lang='lat' dir='ltr'>poterat</span> <span class='ocrx_word' id='word_1_278' title='bbox 1038 4847 1090 4898; x_wconf 90' lang='lat' dir='ltr'>huo</span> <span class='ocrx_word' id='word_1_279' title='bbox 1105 4848 1237 4898; x_wconf 75' lang='lat' dir='ltr'>accerime.</span> <span class='ocrx_word' id='word_1_280' title='bbox 1288 4848 1317 4911; x_wconf 85' lang='lat'>(¹)</span> <span class='ocrx_word' id='word_1_281' title='bbox 1333 4848 1364 4899; x_wconf 85' lang='grc' dir='ltr'>Ε.</span> <span class='ocrx_word' id='word_1_282' title='bbox 1380 4861 1440 4912; x_wconf 70' lang='lat' dir='ltr'>qua</span> <span class='ocrx_word' id='word_1_283' title='bbox 1455 4849 1527 4899; x_wconf 84' lang='lat' dir='ltr'>dedlt</span> <span class='ocrx_word' id='word_1_284' title='bbox 1541 4861 1569 4898; x_wconf 82' lang='lat' dir='ltr'>se</span> <span class='ocrx_word' id='word_1_285' title='bbox 1586 4847 1648 4898; x_wconf 86' lang='lat' dir='ltr'>huie</span> <span class='ocrx_word' id='word_1_286' title='bbox 1664 4847 1841 4910; x_wconf 78' lang='lat' dir='ltr'>speculationi.</span> 
     </span>
     <span class='ocr_line' id='line_1_33' title="bbox 737 4923 1582 4987; baseline 0.002 -15"><span class='ocrx_word' id='word_1_287' title='bbox 737 4923 762 4983; x_wconf 76' lang='lat'>(⁸)</span> <span class='ocrx_word' id='word_1_288' title='bbox 780 4927 834 4982; x_wconf 91' lang='grc'><strong>117,</strong></span> <span class='ocrx_word' id='word_1_289' title='bbox 850 4923 933 4986; x_wconf 76' lang='lat' dir='ltr'>tangit</span> <span class='ocrx_word' id='word_1_290' title='bbox 948 4936 1052 4974; x_wconf 73' lang='lat' dir='ltr'>musam</span> <span class='ocrx_word' id='word_1_291' title='bbox 1068 4937 1156 4987; x_wconf 81' lang='lat' dir='ltr'>quare.</span> <span class='ocrx_word' id='word_1_292' title='bbox 1289 4926 1315 4985; x_wconf 81' lang='lat'>(⁸)</span> <span class='ocrx_word' id='word_1_293' title='bbox 1333 4927 1386 4983; x_wconf 91' lang='grc'><strong>117,</strong></span> <span class='ocrx_word' id='word_1_294' title='bbox 1403 4924 1448 4975; x_wconf 80' lang='lat' dir='ltr'>dat</span> <span class='ocrx_word' id='word_1_295' title='bbox 1463 4923 1582 4987; x_wconf 71' lang='lat' dir='ltr'>intelligi.</span> 
     </span>
    </p>

    <p class='ocr_par' dir='ltr' id='par_1_5' title="bbox 736 4999 1844 5142">
     <span class='ocr_line' id='line_1_34' title="bbox 736 4999 1844 5064; baseline 0.001 -14"><span class='ocrx_word' id='word_1_296' title='bbox 736 5001 763 5063; x_wconf 81' lang='lat'>(⁸)</span> <span class='ocrx_word' id='word_1_297' title='bbox 779 4999 805 5050; x_wconf 88' lang='lat' dir='ltr'>S.</span> <span class='ocrx_word' id='word_1_298' title='bbox 820 4999 978 5062; x_wconf 82' lang='lat' dir='ltr'>impossihile</span> <span class='ocrx_word' id='word_1_299' title='bbox 993 5013 1149 5064; x_wconf 73' lang='lat' dir='ltr'>regressum.</span> <span class='ocrx_word' id='word_1_300' title='bbox 1285 4999 1312 5062; x_wconf 76' lang='lat'>(⁸)</span> <span class='ocrx_word' id='word_1_301' title='bbox 1328 5001 1359 5051; x_wconf 85' lang='lat' dir='ltr'>li.</span> <span class='ocrx_word' id='word_1_302' title='bbox 1376 5002 1439 5051; x_wconf 86' lang='lat' dir='ltr'>dum</span> <span class='ocrx_word' id='word_1_303' title='bbox 1454 5015 1525 5051; x_wconf 85' lang='lat' dir='ltr'>nnuc</span> <span class='ocrx_word' id='word_1_304' title='bbox 1540 4999 1658 5051; x_wconf 85' lang='lat' dir='ltr'>stetimus</span> <span class='ocrx_word' id='word_1_305' title='bbox 1673 4999 1844 5052; x_wconf 79' lang='lat' dir='ltr'>subtrahitur.</span> 
     </span>
     <span class='ocr_line' id='line_1_35' title="bbox 736 5075 1820 5142; baseline 0 -14"><span class='ocrx_word' id='word_1_306' title='bbox 736 5077 763 5142; x_wconf 70' lang='lat'>(¹)</span> <span class='ocrx_word' id='word_1_307' title='bbox 778 5077 804 5128; x_wconf 87' lang='lat' dir='ltr'>S.</span> <span class='ocrx_word' id='word_1_308' title='bbox 820 5088 923 5140; x_wconf 83' lang='lat' dir='ltr'>semper</span> <span class='ocrx_word' id='word_1_309' title='bbox 938 5077 1076 5128; x_wconf 77' lang='lat' dir='ltr'>morimur.</span> <span class='ocrx_word' id='word_1_310' title='bbox 1138 5131 1140 5136; x_wconf 66' lang='grc'><strong>,</strong></span> <span class='ocrx_word' id='word_1_311' title='bbox 1287 5075 1315 5139; x_wconf 83' lang='grc'>(·)</span> <span class='ocrx_word' id='word_1_312' title='bbox 1331 5077 1362 5128; x_wconf 80' lang='lat' dir='ltr'>ll.</span> <span class='ocrx_word' id='word_1_313' title='bbox 1377 5081 1405 5128; x_wconf 87' lang='lat' dir='ltr'>et</span> <span class='ocrx_word' id='word_1_314' title='bbox 1421 5078 1512 5128; x_wconf 76' lang='lat' dir='ltr'>suudo</span> <span class='ocrx_word' id='word_1_315' title='bbox 1527 5077 1692 5136; x_wconf 83' lang='lat' dir='ltr'>attrahimur,</span> <span class='ocrx_word' id='word_1_316' title='bbox 1708 5091 1761 5126; x_wconf 81' lang='lat' dir='ltr'>nun</span> <span class='ocrx_word' id='word_1_317' title='bbox 1774 5077 1820 5141; x_wconf 81' lang='lat' dir='ltr'>pli.</span> 
     </span>
    </p>
   </div>
   <div class='ocr_carea' id='block_1_5' title="bbox 0 0 2292 6842">
    <p class='ocr_par' dir='ltr' id='par_1_6' title="bbox 0 0 2292 6842">
     <span class='ocr_line' id='line_1_36' title="bbox 0 0 2292 6842; baseline 0 0"><span class='ocrx_word' id='word_1_318' title='bbox 0 0 2292 6842; x_wconf 95' lang='lat' dir='ltr'> </span> 
     </span>
    </p>
   </div>
  </div>
 </body>
</html>
