4575 6842
416 1397 583 1466 CANTUS
604 1395 839 1464 vlousluus
861 1395 1080 1478 SEFHMU&
1099 1397 1136 1462 in
1157 1417 1217 1480 quo
1239 1401 1358 1463 dudm
1378 1401 1459 1464 sicud
1481 1405 1588 1466 bom-

493 1512 600 1577 iemnt
620 1531 684 1593 per
711 1509 847 1576 medium
872 1509 960 1593 ipsuis
988 1507 1032 1574 ad
1059 1509 1186 1592 Quum
1214 1509 1378 1575 cuimdom
1405 1511 1490 1575 vocis
1513 1531 1588 1578 cau·

495 1622 603 1700 tontis,
635 1627 666 1688 et
689 1633 813 1704 posteo,
839 1639 935 1686 caesa
954 1640 1018 1702 per
1043 1639 1096 1685 eoo
1125 1623 1193 1685 toto
1218 1619 1306 1686 scula
1332 1625 1363 1685 et
1387 1625 1498 1698 mode,
1521 1620 1588 1688 ollio

496 1733 726 1818 ulipsmnbdmu
756 1732 938 1798 domitooit
965 1731 1099 1810 Dentes,
1130 1737 1162 1797 et
1179 1737 1294 1814 posteo
1323 1730 1479 1815 Virgilius
1505 1732 1589 1798 dicit

496 1845 661 1911 aiudmm
682 1864 717 1909 eo
737 1848 942 1926 conpeteret
955 1843 1035 1926 plus
1055 1845 1170 1922 vestre,
1195 1849 1225 1908 et
1245 1843 1351 1926 ipsum
1372 1865 1428 1910 suo
1452 1845 1586 1912 arbom

496 1955 766 2022 recommendavit.

490 2210 579 2378 Sl
606 2326 710 2378 cosm
745 2308 887 2398 quondo
923 2308 937 2396 i
967 2307 1078 2398 primi
1108 2308 1217 2397 coppi
1245 2305 1356 2378 oibru
1391 2307 1590 2399 Postquam

420 2434 527 2522 poeta
552 2434 677 2502 noster
701 2447 724 2500 a
749 2447 847 2500 nono
871 2426 1030 2522 capitulo
1061 2425 1173 2500 buius
1202 2425 1283 2500 libri
1309 2426 1501 2519 bucusque
1525 2425 1591 2500 de-

421 2546 561 2640 scripsit
575 2567 705 2622 serum
723 2546 979 2643 purgatorium
994 2546 1202 2620 distinctum
1218 2545 1254 2619 in
1268 2553 1408 2642 septem
1422 2546 1590 2648 circulos

421 2667 459 2741 in
472 2668 606 2761 quibus
615 2674 821 2764 purgantur
833 2666 1078 2742 diversimode
1088 2673 1227 2761 septem
1242 2674 1390 2763 peccata
1404 2667 1589 2763 capitatim

420 2807 519 2861 nunc
543 2808 566 2862 a
590 2788 758 2882 prasenti
783 2787 942 2882 capitulo
967 2787 1148 2880 usquein
1174 2786 1284 2862 linem
1303 2787 1473 2862 describit
1489 2793 1591 2882 post·

420 2907 676 3003 purgatorium
691 2908 727 2981 in
741 2927 815 3001 quo
828 2906 929 3002 ponit
941 2906 1151 3002 paradisum
1167 2906 1394 3000 deliciarum,
1404 2914 1442 2981 et
1454 2907 1590 3002 figurat

419 3027 610 3100 ecclesiam
636 3027 701 3102 Ilei
727 3026 952 3101 militantem.
982 3027 1027 3100 Et
1051 3046 1211 3121 presens
1236 3025 1435 3122 capitulum
1463 3025 1590 3100 xxvu

419 3146 592 3221 dividitur
606 3139 642 3239 (¹)
664 3147 702 3221 in
724 3154 886 3241 quatuor
910 3153 1033 3242 parles
1057 3148 1270 3244 generales:
1291 3147 1328 3220 in
1353 3148 1473 3242 prima
1497 3167 1591 3240 qua·

422 3286 508 3340 mm
533 3273 641 3361 poeta
665 3267 836 3342 describit
859 3267 1124 3363 apparitionem
1151 3267 1261 3342 onius
1280 3267 1401 3365 angeli
1420 3268 1483 3362 qui
1500 3288 1591 3362 pur-

422 3391 485 3482 gat
510 3384 630 3480 ipsum
654 3386 703 3460 ab
728 3385 858 3462 ultimo
883 3387 970 3461 vitio
995 3386 1164 3482 luxuriae,
1186 3394 1223 3462 et
1248 3387 1376 3462 invitat
1400 3388 1445 3462 ad
1471 3393 1592 3460 trans-

423 3503 588 3579 eundum
613 3504 660 3578 ad
684 3506 834 3579 bortum
861 3525 927 3600 per
951 3506 1074 3603 ignem
1100 3526 1187 3580 cum
1214 3507 1350 3582 auxilio
1375 3506 1523 3604 Virgilii.
1550 3507 1590 3580 ln

421 3624 583 3698 scomma
607 3624 777 3700 describit
802 3626 994 3700 transitum
1014 3646 1126 3699 suum
1149 3626 1246 3700 ultra
1272 3627 1407 3723 ignem,
1426 3633 1463 3701 et
1483 3647 1589 3702 suam

421 3745 557 3820 bonam
585 3745 855 3840 dispositionem
885 3746 932 3820 ad
960 3746 1164 3841 sequentia,
1196 3747 1263 3820 ibi:
1296 3751 1364 3820 Poi
1395 3751 1520 3822 domo
1555 3751 1595 3821 ct

418 3869 533 3960 succo.
552 3867 592 3939 ln
609 3867 717 3941 tertia
733 3867 903 3942 describit
920 3887 1036 3940 unum
1055 3866 1175 3942 nobile
1196 3867 1394 3961 somnium,
1412 3868 1478 3940 ibi:
1498 3873 1593 3942 Poco

417 3993 534 4078 poteo.
560 3988 602 4059 ln
617 3993 751 4080 quarta
767 3994 805 4061 et
822 3987 951 4061 ultima
967 3986 1067 4082 ponit
1089 3984 1229 4082 Virgilii
1245 3987 1537 4062 exhortationem
1555 3995 1593 4062 et

422 4107 503 4182 eius
528 4127 728 4201 recessum,
754 4107 823 4183 ibi:
850 4099 978 4198 nno,
996 4129 1064 4201 per
1088 4109 1114 4180 li
1135 4108 1324 4200 splendori.
1351 4106 1405 4181 dd
1429 4108 1590 4202 primum

422 4228 503 4304 dico
528 4229 627 4324 quod
651 4235 758 4323 poeta
783 4227 954 4304 describit
978 4229 1166 4326 angelum,
1192 4228 1256 4302 sed
1280 4227 1411 4323 primo,
1438 4232 1480 4300 ut
1504 4246 1592 4322 pro·

423 4349 529 4424 cedat
545 4349 681 4423 clarius
705 4348 752 4422 ad
774 4369 912 4423 novum
929 4354 1140 4443 tractatum,
1159 4346 1330 4422 describit
1347 4348 1477 4420 boram
1494 4352 1593 4420 tem-

424 4469 521 4565 poris
545 4490 612 4564 per
635 4469 905 4564 dispositionem
931 4468 1027 4543 solis.
1052 4468 1098 4542 Et
1121 4467 1384 4542 sententialiter
1416 4488 1489 4542 non
1514 4468 1594 4541 vult

423 4591 523 4665 aliud
547 4591 671 4665 dicere
695 4589 761 4664 nisi
783 4588 881 4684 quod
899 4589 935 4662 iu
953 4588 1134 4683 superiori
1153 4588 1372 4683 hemisperio
1390 4587 1499 4664 fiebat
1516 4587 1594 4662 dies

425 4711 464 4784 in
487 4703 629 4786 oriente
653 4711 690 4784 in
715 4710 819 4806 signo
843 4707 977 4802 arietis,
1003 4713 1041 4783 et
1065 4708 1103 4781 in
1128 4707 1289 4782 interiori
1319 4707 1427 4783 fiebat
1457 4729 1530 4783 nox
1556 4708 1595 4782 io

425 4829 530 4928 signo
546 4829 665 4924 bbrae3
683 4830 782 4925 quod
798 4829 1024 4904 demonstrat
1039 4848 1106 4922 per
1125 4829 1205 4923 boc,
1223 4827 1323 4922 quod
1340 4828 1394 4902 sol
1414 4828 1451 4901 in
1467 4828 1595 4922 ariete,

489 5092 517 5158 (ν)
531 5092 557 5143 s
574 5097 659 5156 potas
674 5093 760 5144 orm
