4575 6842
719 975 790 1046 372
1110 983 1316 1042 consueuit
1340 984 1507 1040 rurumsr

717 1153 764 1210 ex
788 1133 885 1231 igue,
910 1132 1006 1207 sicut
1031 1129 1144 1206 reiert
1169 1130 1309 1206 Tullius
1328 1130 1449 1226 primo
1472 1129 1520 1205 de
1543 1129 1684 1204 Netum
1710 1130 1892 1223 Deorum3
2038 1169 2044 1178 ·

716 1261 755 1331 et
778 1253 1005 1352 Augustinus
1023 1251 1083 1326 Vll
1099 1251 1316 1328 decivitate
1335 1249 1400 1328 Dei
1420 1250 1517 1327 oircu
1539 1250 1768 1347 principium.
1786 1250 1893 1325 Modo

716 1393 846 1449 omues
871 1373 1027 1469 piuoetae
1051 1378 1159 1447 eruut
1183 1371 1239 1444 Dii
1264 1371 1363 1467 opud
1387 1371 1542 1468 gentiles
1565 1371 1748 1467 antiquos,
1771 1377 1813 1446 ut
1837 1372 1894 1446 di-

717 1501 823 1572 tetur
840 1493 999 1590 capitulo
1024 1492 1204 1586 sequenti.
1217 1533 1268 1548 -
1280 1499 1397 1566 ibate.
1416 1493 1522 1566 Nunc
1547 1491 1724 1567 Pioberda
1741 1512 1895 1587 respou-

717 1616 779 1691 det
803 1616 964 1711 perfecte
979 1614 1027 1688 ud
1044 1612 1252 1708 quesitum,
1269 1620 1307 1687 et
1322 1612 1409 1687 dicit
1425 1608 1525 1706 quod
1541 1631 1672 1688 omues
1689 1611 1786 1686 beuti
1802 1632 1891 1686 cou-

717 1742 907 1812 teutuntur
932 1741 1032 1809 sorte
1056 1753 1136 1828 sua,
1155 1752 1224 1807 uec
1249 1733 1332 1828 plus
1355 1731 1563 1807 desiderant
1582 1751 1695 1826 quum
1713 1731 1892 1824 bubeaot3

716 1863 754 1931 et
778 1854 995 1951 principium
1021 1860 1059 1928 et
1088 1851 1371 1928 fundumentum
1403 1853 1515 1927 buius
1543 1859 1601 1928 est
1630 1852 1773 1928 carius.
1800 1853 1893 1928 bieit

717 1996 827 2074 ergo:
860 1971 955 2050 Virtb
979 1976 1018 2047 ui
1040 1964 1169 2066 comto,
1186 1993 1271 2068 quae
1296 1994 1383 2049 cum
1409 1973 1456 2048 sit
1480 1993 1613 2070 magua
1636 1972 1673 2047 in
1695 1973 1754 2047 ria
1773 1972 1893 2048 maior

717 2103 773 2173 est
797 2097 833 2169 iu
860 2094 996 2192 patrie5
1022 2115 1108 2168 nem
1135 2093 1224 2170 fides
1249 2100 1287 2169 et
1311 2114 1394 2189 spes
1418 2093 1647 2187 sementim,
1672 2093 1736 2168 sed
1760 2093 1893 2168 oerims

717 2215 868 2311 oreseii;
893 2219 953 2289 ulte
974 2219 1017 2310 su
1041 2218 1183 2290 volume
1205 2217 1262 2288 sol
1284 2217 1365 2306 quel
1385 2217 1581 2306 cb’avemo,
1599 2219 1637 2290 et
1661 2233 1809 2311 semper
1826 2215 1893 2289 bu·

716 2339 897 2433 bebimus,
923 2358 942 2409 e
967 2339 1001 2410 d’
1014 2339 1108 2410 ultro
1132 2357 1206 2409 uon
1230 2338 1263 2408 u·
1285 2343 1414 2428 ossele,
1439 2335 1544 2430 idest,
1569 2343 1608 2410 et
1632 2355 1706 2410 uon
1721 2335 1809 2411 iecit
1825 2354 1894 2409 no-

715 2461 772 2536 bis
797 2457 1017 2535 desiderium
1046 2456 1196 2532 maioris
1219 2456 1357 2553 gioriae.
1379 2456 1464 2532 Ideo
1488 2456 1584 2532 bene
1608 2455 1695 2530 dicit
1718 2455 1893 2552 Augusti·

717 2601 806 2655 nus:
840 2581 1006 2654 exultent
1040 2597 1171 2652 omnes
1203 2576 1240 2650 in
1275 2574 1431 2672 propriis
1464 2575 1737 2669 mansionibus3
1770 2575 1894 2670 dispar

717 2700 835 2797 gioria
864 2698 926 2774 sed
956 2696 1165 2775 communis
1189 2697 1312 2771 laetitiu
1338 2695 1528 2790 omnium;
1561 2699 1675 2788 quieta
1703 2698 1742 2768 lu
1769 2703 1893 2768 rtosuu

563 2891 569 2904 ,
717 2811 872 2912 botunto,
898 2815 1001 2912 idest,
1027 2824 1223 2894 contentu.
1242 2817 1367 2892 Simile
1386 2824 1441 2892 est
1459 2816 1507 2891 de
1527 2817 1622 2891 vasis
1640 2815 1893 2893 differentibus

716 2941 754 3015 in
780 2947 893 3033 terra,
912 2939 998 3033 quia
1017 2938 1138 3012 minus
1156 2958 1222 3012 ves
1238 2958 1312 3012 uou
1329 2942 1449 3034 potest
1468 2937 1550 3032 plus
1566 2957 1702 3034 cepere
1718 2938 1765 3013 de
1781 2955 1890 3032 equa,

718 3061 829 3137 etita
854 3060 977 3137 auimo
1003 3058 1040 3132 in
1065 3059 1159 3132 ooelo
1185 3077 1258 3131 uon
1284 3063 1340 3132 est
1360 3077 1477 3152 caper
1497 3057 1648 3131 maioris
1667 3058 1806 3155 glorie,
1823 3075 1893 3132 nee

718 3187 836 3278 potest
861 3181 943 3276 plus
967 3185 1153 3273 appetere.
1166 3215 1216 3231 -—
1229 3181 1283 3251 Se.
1305 3177 1370 3252 Hic
1395 3175 1571 3252 Picbarda
1596 3177 1729 3272 probat
1752 3176 1890 3252 dictum

718 3321 841 3396 suum,
862 3299 948 3396 quie
974 3299 1003 3374 si
1030 3319 1103 3373 uon
1123 3303 1221 3374 esset
1245 3297 1297 3373 sio
1321 3306 1543 3391 sequeretur
1563 3297 1671 3371 uimis
1686 3297 1889 3372 absurdum

717 3422 987 3498 inconvenieus.
1014 3418 1115 3494 Unde
1140 3418 1244 3493 dicit:
1262 3423 1307 3492 Se
1322 3421 1525 3493 mousom
1539 3438 1635 3493 esser
1645 3413 1709 3512 piu
1726 3439 1888 3512 superum,

716 3543 821 3636 idest,
845 3539 1054 3636 superiores
1078 3538 1115 3612 in
1139 3538 1268 3635 gioria,
1292 3541 1344 3629 qu·
1367 3541 1481 3612 uostn'
1502 3540 1612 3613 omiti
1632 3542 1757 3633 sorau,
1784 3537 1888 3630 tuest,

717 3667 850 3758 esseut,
875 3661 1031 3735 discordi
1055 3661 1118 3733 dul
1142 3661 1240 3732 uoler
1261 3659 1302 3732 ui
1324 3660 1428 3752 ooiui,
1456 3657 1558 3753 idest,
1576 3657 1655 3753 Dei,
1679 3661 1740 3732 ebe
1763 3659 1823 3750 qui
1846 3677 1891 3730 ue

717 3800 832 3872 ceree,
858 3763 960 3874 idest,
986 3779 1136 3874 deputet
1161 3797 1228 3852 uos
1252 3777 1455 3872 quemlibet
1483 3778 1522 3852 iu
1553 3776 1683 3853 ordine
1707 3797 1787 3851 suo.
1813 3776 1890 3850 floo

716 3908 843 3977 autem
869 3905 924 3975 est
955 3897 1186 3993 impossibiie,
1212 3897 1311 3973 uude
1341 3897 1438 3992 dicit,
1466 3900 1540 3990 ebe,
1570 3897 1673 3993 idest,
1698 3896 1799 3991 quod
1824 3895 1890 3970 de-

717 4022 880 4097 siderare
905 4019 1085 4114 superine,
1111 4021 1233 4092 vedrae·
1256 4037 1327 4091 nou
1356 4037 1496 4111 cupere,
1522 4017 1626 4113 tuest,
1651 4037 1725 4092 nou
1749 4016 1889 4092 bebere

716 4124 857 4235 locum‚'
877 4144 915 4215 iu
939 4143 1048 4232 questi
1069 4141 1154 4231 uiri,
1179 4137 1282 4233 idest,
1305 4139 1420 4234 speris
1441 4139 1662 4234 coelestibus,
1678 4141 1830 4212 s'essm
1851 4139 1890 4212 iu

715 4268 861 4337 carum
886 4258 908 4336 e*
929 4265 989 4354 qui
1012 4279 1160 4351 necesse,
1181 4259 1222 4354 si,
1240 4279 1309 4354 pro
1334 4259 1432 4354 quio,
1453 4259 1541 4354 quio
1558 4259 1610 4334 sic
1626 4265 1682 4334 est
1696 4258 1745 4334 de
1761 4275 1890 4333 ueces-

716 4383 833 4477 situte
859 4405 878 4456 e
901 4402 939 4455 se
963 4384 1000 4455 lo
1024 4401 1091 4454 suu
1114 4388 1248 4453 namra
1272 4380 1337 4454 beu
1360 4383 1490 4474 utrubi,
1508 4381 1595 4477 quie
1613 4379 1746 4456 ceritas
1765 4376 1890 4453 diver·

715 4503 858 4578 situtem
880 4501 1088 4576 animorum
1107 4491 1308 4575 oonsoiidat
1323 4500 1362 4574 iu
1378 4494 1568 4594 uuiouem,
1585 4501 1634 4574 itu
1652 4499 1751 4594 quod
1771 4505 1890 4573 oeeset

716 4621 835 4697 omnis
861 4611 1050 4716 discordia,
1075 4624 1174 4711 anzi,
1199 4619 1275 4694 imo
1304 4620 1425 4716 potius
1455 4641 1477 4696 e
1508 4627 1649 4715 eontra,
1677 4613 1699 4694 ὀ
1723 4615 1889 4715 formale,

716 4742 946 4838 principium,
972 4745 1022 4816 ud
1048 4749 1120 4816 esto
1152 4742 1252 4816 beato
1283 4761 1368 4834 esse,
1398 4739 1502 4838 idest,
1534 4741 1582 4816 ud
1610 4741 1722 4816 istum
1752 4745 1887 4815 usuum

716 4857 949 4938 bsetitudinis
974 4863 1141 4938 omnium
1168 4863 1353 4937 bonorum
1379 4861 1643 4960 aggregatione
1671 4861 1887 4958 permotum,

718 4987 843 5058 uteru·
862 4987 992 5057 denuo
1020 4986 1095 5057 ullo
1126 4985 1248 5058 diune
1278 4986 1409 5076 voglio,
1435 4983 1537 5077 idest,
1563 4982 1798 5058 conformare
1822 4999 1889 5055 nos

719 5103 895 5181 uoluntati
920 5103 1063 5198 diuinae,
1089 5123 1175 5198 qute
1199 5108 1256 5178 est
1280 5103 1398 5197 primu
1424 5111 1462 5179 et
1486 5119 1634 5178 summu
1658 5119 1783 5196 cause,
1800 5121 1889 5194 per-
