4575 6842
713 947 761 1016 96
1073 956 1280 1014 oouauruu
1305 959 1527 1015 runenuonu

712 1102 822 1178 mittit
846 1101 1087 1197 quaestionem
1114 1103 1257 1198 plenius
1283 1104 1495 1180 solvendam
1513 1103 1637 1178 Statio.
1656 1104 1760 1178 Unde
1780 1103 1883 1181 dicit:

710 1247 770 1300 mu
782 1246 860 1298 ccco
873 1228 933 1318 put
944 1227 1079 1315 szio,
1093 1218 1224 1317 percld
1236 1228 1360 1300 dedra
1377 1227 1536 1316 t'udupe,
1550 1224 1654 1318 idest,
1671 1245 1887 1302 accommo-

709 1345 774 1420 des
799 1351 837 1420 te
861 1351 898 1420 et
922 1344 1156 1438 coutenteris,
1182 1365 1207 1416 a
1231 1351 1289 1418 tuo
1313 1348 1424 1436 ooter,
1444 1344 1530 1439 quia
1549 1344 1655 1420 video
1676 1351 1714 1420 te
1733 1344 1883 1418 avidum

709 1466 879 1544 audiendi
904 1464 1121 1563 proluudius
1136 1465 1184 1539 de
1208 1465 1276 1540 ista
1302 1465 1471 1558 materia,
1492 1485 1605 1558 quam
1623 1484 1690 1560 per
1716 1463 1884 1560 exempla

710 1586 912 1662 artificialia
939 1587 997 1662 vel
1023 1585 1224 1680 naturalia,
1251 1585 1332 1660 ideo
1364 1585 1468 1661 dicit:
1500 1591 1533 1658 et
1561 1587 1597 1660 io
1626 1587 1675 1657 lui
1705 1587 1885 1658 aliumue

708 1712 850 1802 praepo,
875 1709 935 1780 cte
958 1709 1015 1780 sia
1038 1727 1083 1778 or
1107 1712 1257 1779 εαηαεον
1281 1707 1369 1780 delle
1393 1713 1448 1780 tue
1467 1707 1587 1798 piape,
1612 1703 1715 1798 idest,
1734 1705 1798 1799 qui
1823 1725 1884 1780 re·

712 1834 860 1904 moveat
884 1827 953 1901 ista
977 1826 1088 1900 dubia
1114 1826 1161 1900 de
1186 1832 1311 1901 mente
1336 1831 1412 1919 tua,
1439 1845 1523 1921 quae
1548 1825 1699 1901 suerunt
1730 1831 1768 1899 et
1798 1831 1884 1900 sunt

711 1969 846 2046 magna
871 1949 1026 2023 vulnera
1052 1946 1261 2020 animarum
1290 1947 1507 2041 multorum,
1533 1946 1627 2020 sieut
1650 1945 1721 2020 cito
1748 1945 1883 2040 patebit

710 2069 814 2143 inira.
841 2067 912 2143 Sed
940 2067 999 2140 hic
1034 2066 1166 2140 merito
1200 2059 1319 2140 orit'ur
1352 2065 1542 2160 dubitatio,
1568 2085 1685 2159 quare
1710 2065 1882 2161 Virgilius

711 2189 917 2265 committat
942 2188 1036 2262 hanc
1061 2186 1302 2281 quaestionem
1328 2186 1540 2262 solvendam
1568 2186 1692 2261 Statio.
1711 2185 1765 2261 Ad
1784 2185 1883 2280 quod

709 2310 790 2384 dico
816 2308 915 2404 quod
935 2307 1107 2404 Virgilius
1124 2314 1272 2382 secutus
1290 2307 1478 2382 Platonem
1496 2307 1617 2402 posuit
1634 2306 1735 2401 quod
1750 2306 1883 2380 animle

710 2437 831 2506 esseut
856 2435 990 2505 ereatae
1016 2429 1064 2502 ab
1088 2433 1239 2522 aeterno,
1266 2435 1303 2503 et
1328 2450 1351 2502 a
1376 2428 1488 2503 stellis
1509 2428 1723 2504 laberentur
1743 2428 1780 2500 in
1800 2447 1884 2501 cor-

710 2571 802 2648 pora
827 2552 1002 2643 humana,
1028 2553 1064 2622 et
1090 2555 1216 2643 postea
1242 2549 1279 2620 in
1304 2554 1425 2622 morte
1460 2553 1736 2623 reverterentur
1762 2547 1808 2622 ad
1835 2547 1885 2620 si-

710 2671 801 2746 dera
822 2691 900 2744 sua.
917 2671 961 2742 Et
979 2668 1148 2763 quamvis
1166 2669 1245 2742 talis
1263 2668 1384 2765 opinio
1401 2675 1497 2743 esset
1515 2667 1636 2742 minus
1653 2669 1752 2744 mala
1769 2689 1883 2762 quam

711 2790 833 2886 opinio
856 2789 1029 2863 Averrois
1054 2795 1091 2862 et
1117 2788 1334 2882 multorum,
1363 2795 1484 2862 tamen
1515 2808 1671 2863 erronea
1704 2794 1760 2864 est
1784 2787 1882 2883 apud

712 2911 945 3003 christianos,
964 2909 1045 2984 ideo
1063 2909 1158 2983 bene
1175 2908 1314 2983 inducit
1331 2908 1487 2982 Statium
1505 2914 1613 3004 poeta
1630 2908 1882 3002 christianum,
1990 2917 1997 2930 '

711 3032 775 3125 qui
804 3031 1009 3106 secundum
1039 3029 1302 3124 philosophiam
1336 3037 1373 3103 et
1403 3028 1512 3104 lidem
1545 3035 1743 3124 pertractat
1775 3029 1882 3103 istam

711 3150 927 3226 materiam:
955 3149 1120 3222 similiter
1146 3159 1253 3244 poeta
1278 3148 1449 3224 describit
1480 3149 1574 3224 inira
1600 3148 1792 3224 ecclesiam
1818 3147 1883 3223 Dei

713 3271 942 3362 militantem,
968 3275 1006 3342 et
1029 3269 1100 3341 alia
1127 3270 1244 3344 multa
1269 3290 1354 3362 quae
1380 3291 1453 3343 non
1479 3275 1586 3344 eraut
1610 3274 1697 3343 nota
1717 3268 1783 3363 ipsi
1801 3267 1884 3341 Vir-

711 3392 808 3488 gilio.
836 3391 921 3464 ldeo
946 3410 1020 3463 nou
1045 3389 1141 3463 valet
1168 3388 1268 3482 quod
1287 3388 1412 3464 dicunt
1429 3389 1577 3483 quidam
1597 3389 1695 3483 quod
1713 3388 1884 3484 Virgilius

711 3511 905 3586 committit
931 3510 989 3584 hic
1015 3509 1113 3584 vices
1138 3530 1224 3584 suas
1250 3509 1374 3604 Statio,
1402 3511 1488 3605 quia
1520 3509 1586 3584 luit
1612 3529 1767 3605 magnus
1793 3509 1884 3603 phy-

711 3633 808 3708 sicus
833 3639 871 3706 et
897 3631 1077 3724 medicus;
1104 3651 1191 3704 nam
1225 3651 1299 3703 non
1328 3630 1454 3704 dubito
1487 3629 1586 3724 quod
1616 3627 1786 3724 Virgilius
1816 3627 1884 3701 suit

709 3754 831 3828 maior
852 3751 1021 3849 physicus
1046 3758 1083 3826 et
1108 3751 1272 3825 medicus
1296 3750 1430 3826 Statio:
1450 3749 1715 3825 nammaxime
1730 3743 1768 3840 (¹)
1785 3747 1884 3824 dedit

712 3894 865 3969 operam
891 3870 1091 3946 mediciuae.

787 3999 831 4068 Se
855 3996 892 4066 lo
917 3995 1051 4066 vedum.
1070 3993 1140 4065 lsta
1167 3997 1222 4064 est
1247 3991 1406 4066 secunda
1433 4010 1518 4085 pars
1542 3989 1736 4086 generalis,
1754 3989 1792 4061 in
1810 4007 1883 4082 qua

712 4122 820 4212 poeta
845 4113 983 4188 inducit
1007 4112 1175 4206 Statium,
1194 4111 1258 4205 qui
1277 4117 1398 4184 motus
1417 4109 1587 4205 precibus
1607 4109 1745 4204 Virgilii
1766 4108 1884 4183 inteu-

711 4237 764 4312 dit
789 4235 932 4310 solvere
963 4232 1167 4329 specialiter
1196 4232 1330 4307 dictam
1362 4231 1614 4326 quaestionem.
1641 4230 1685 4302 lit
1710 4228 1883 4324 incipiens

712 4379 733 4432 a
759 4357 869 4452 louge
895 4354 1013 4449 primo
1038 4359 1239 4448 pertractat
1264 4351 1538 4448 generationem
1569 4350 1691 4444 ioetus,
1716 4356 1754 4424 et
1777 4355 1884 4424 ante-

713 4499 825 4574 quam
846 4475 992 4571 incipiat
1009 4479 1161 4550 excusat
1178 4494 1218 4549 se
1235 4473 1334 4568 quod
1350 4482 1551 4568 praesumat
1571 4474 1642 4546 hoc
1658 4491 1785 4545 coram
1803 4470 1885 4543 Vir-

711 4603 797 4700 gilio
811 4601 940 4676 maiori
959 4599 1133 4698 magistro
1152 4620 1202 4674 se.
1221 4598 1311 4673 uicit
1328 4618 1420 4694 ergo
1440 4603 1570 4692 poeta:
1589 4598 1733 4688 Rispose
1750 4595 1883 4685 Stuzlo,

713 4723 762 4796 illi
787 4721 935 4818 Virgilio
961 4741 1047 4795 cum
1066 4739 1201 4816 magua
1219 4718 1438 4808 reverentia,
1456 4735 1528 4790 uon
1545 4723 1648 4808 poter
1662 4717 1753 4808 forti
1767 4717 1881 4805 crepo,

713 4843 815 4936 idest,
842 4861 903 4914 me
928 4861 1001 4914 non
1028 4860 1133 4935 posse
1159 4840 1281 4915 lacere
1311 4837 1543 4934 negationem
1579 4834 1642 4908 tibi
1674 4833 1822 4908 domino
1848 4837 1885 4906 et

777 5097 805 5163 (¹)
822 5099 852 5149 Ε.
869 5099 1018 5150 maximam.
