4575 6842
803 968 942 1024 esurus
966 968 1136 1024 ocnlvus.
1486 952 1557 1019 495

460 1117 668 1189 Perocct'to
692 1116 809 1189 credo
836 1114 907 1189 lsta
932 1120 987 1188 est
1013 1111 1120 1187 tertia
1137 1118 1175 1187 et
1192 1112 1322 1187 ultima
1348 1132 1432 1208 pars
1458 1110 1561 1184 istius

383 1235 500 1332 pulcri
540 1235 700 1331 capituli,
739 1235 777 1307 in
815 1254 890 1327 qua
927 1238 1034 1328 poeta
1069 1237 1195 1306 movet
1227 1231 1359 1306 carolo
1394 1232 1561 1327 pulcram

385 1356 624 1451 quaestionem
651 1376 736 1449 quae
760 1354 880 1429 oritur
909 1373 957 1427 ex
987 1352 1101 1427 dictis.
1132 1352 1217 1427 ldeo
1251 1358 1291 1425 ut
1322 1352 1448 1427 reddat
1473 1371 1560 1427 eum

386 1477 606 1551 benevolum
625 1476 812 1572 praemittit
824 1475 995 1570 pulcrum
1013 1473 1221 1567 exordium,
1236 1473 1272 1546 in
1290 1493 1365 1568 quo
1382 1473 1461 1549 vnit
1477 1492 1562 1547 sen·

388 1596 583 1672 tentialiter
607 1595 753 1672 diceret
781 1595 902 1670 laetitia
928 1616 1040 1689 qnam
1066 1593 1192 1668 dedisti
1215 1591 1303 1667 mibi
1333 1612 1377 1667 ex
1400 1592 1560 1687 jocunda

388 1718 599 1792 narratione
623 1724 687 1791 tna
713 1724 769 1792 est
795 1715 882 1788 mibi
907 1722 1013 1811 grata
1038 1714 1085 1789 de
1109 1734 1173 1806 se;
1200 1712 1361 1787 secundo
1393 1718 1448 1786 est
1474 1710 1562 1784 mibi

388 1836 528 1933 gratior
552 1836 639 1930 qnia
654 1830 691 1927 (¹)
717 1833 904 1931 cognoscis
929 1834 1043 1929 ipsam
1071 1839 1108 1906 et
1133 1853 1206 1926 me,
1224 1832 1318 1908 sicut
1335 1838 1484 1928 egomet
1499 1850 1563 1906 co-

387 1977 548 2053 gnosco;
575 1956 683 2031 tertio
708 1955 796 2049 qnia
821 1955 891 2028 boc
915 1952 1103 2049 cognoscis
1128 1953 1167 2025 in
1196 1952 1273 2027 beo
1304 1952 1370 2045 qui
1401 1957 1456 2027 est
1485 1950 1562 2045 ipsa

390 2076 543 2151 veritas:
561 2075 644 2150 ideo
660 2096 706 2151 ex
725 2075 795 2149 boc
811 2093 996 2169 praesnmo
1023 2092 1176 2147 movere
1202 2072 1265 2145 tibi
1291 2072 1457 2165 dubium,
1475 2070 1562 2165 qnia

389 2204 428 2270 tn
457 2198 586 2291 plenus
610 2216 741 2271 amore
764 2195 891 2269 videns
916 2214 978 2268 me
1006 2200 1151 2267 tantum
1182 2192 1296 2266 laetari
1326 2193 1361 2265 in
1391 2211 1564 2267 sermone

389 2322 454 2390 tuo
480 2316 635 2391 libenter
659 2314 863 2390 declarabis
889 2334 959 2389 me.
986 2314 1091 2387 Nunc
1107 2312 1179 2387 erit
1197 2311 1301 2387 litera
1319 2314 1430 2405 clara,
1448 2333 1561 2407 qnam

390 2442 430 2509 tn
448 2436 577 2511 ordina
590 2436 661 2510 sic:
686 2439 856 2526 Osipnor
873 2438 957 2525 mio,
974 2434 1081 2509 cuins
1100 2454 1184 2507 sum
1204 2454 1333 2509 servus
1350 2454 1396 2509 ex
1413 2454 1564 2527 amore;

390 2559 596 2649 perocct’io
621 2558 727 2631 credo
751 2558 811 2629 cte
835 2558 857 2628 t’
869 2558 944 2629 otta
968 2558 1096 2648 taliub,
1125 2553 1228 2648 idest,
1253 2554 1568 2650 protenderint

392 2686 451 2752 tuo
473 2682 604 2775 partor
628 2679 842 2772 m'tasoude,
868 2676 970 2770 idest,
995 2675 1158 2749 immittit
1185 2675 1223 2749 in
1249 2694 1313 2749 oor
1339 2696 1478 2769 meum,
1498 2696 1565 2769 per

393 2801 480 2873 tesi
504 2801 690 2891 oeppioio
720 2818 774 2870 me
804 2816 900 2870 come
927 2798 965 2868 lo
993 2798 1092 2886 begu
1104 2798 1153 2887 io,
1182 2784 1217 2867 ld
1242 2814 1305 2867 ooo
1330 2798 1415 2887 ogni
1444 2796 1565 2870 berosi

393 2920 544 2990 mortno
572 2939 592 2990 e
621 2920 786 3009 structo,
821 2914 923 3008 idest,
957 2914 995 2987 in
1026 2914 1103 2988 beo
1134 2913 1198 3006 qui
1233 2920 1288 2988 est
1320 2914 1563 3010 principaliter

393 3038 612 3133 principium
645 3045 684 3113 et
720 3038 875 3113 linaliter
906 3036 987 3111 linis
1017 3034 1185 3111 omnium
1217 3035 1425 3130 bonorum;
1456 3044 1565 3127 proto

394 3156 473 3235 εἴθ’
493 3156 555 3253 pid
570 3182 590 3231 c
606 3161 715 3231 oncle
734 3165 851 3250 questo
867 3160 913 3231 to
928 3178 1029 3248 coro,
1047 3157 1122 3231 imo
1139 3156 1383 3250 carissimum,
1401 3153 1529 3249 percle*
1542 3158 1568 3229 'l

394 3283 546 3354 ducatui
560 3281 761 3353 rimiroudo
776 3282 815 3351 io
832 3282 914 3368 Dio,
932 3276 1026 3352 sicut
1041 3276 1079 3349 in
1096 3277 1256 3371 speculo,
1277 3276 1315 3349 in
1332 3295 1407 3369 qno
1428 3278 1568 3351 relucet

393 3420 506 3474 omne
532 3419 686 3491 rernm3
707 3417 809 3494 ergo,
832 3402 922 3491 sotto
945 3400 1064 3470 m’lloi
1087 3400 1179 3488 turo,
1200 3396 1353 3471 dicendo
1380 3396 1467 3471 mihi
1493 3404 1568 3471 tam

395 3524 522 3613 aperte
548 3516 752 3609 veritatem,
767 3513 890 3608 potede*
900 3519 1094 3609 portando,
1111 3516 1159 3590 de
1181 3516 1295 3590 tratre
1316 3523 1380 3590 tuo
1394 3506 1444 3609 (²),
1462 3537 1487 3588 o
1504 3518 1571 3589 du·

395 3641 488 3713 bitur
511 3640 631 3711 m'loi
648 3658 778 3725 moseo,
795 3643 832 3710 θῖ
849 3656 936 3711 eoce
956 3636 1242 3711 dubitationem:
1268 3658 1363 3710 come
1387 3639 1482 3710 θεοῖν
1498 3632 1571 3728 pud

395 3761 434 3832 di
457 3761 556 3833 dolce
579 3778 671 3831 serae
694 3776 836 3846 amoro,
862 3755 954 3830 idest
970 3755 1156 3848 quomodo
1173 3776 1325 3831 amarus
1346 3754 1488 3830 tructus
1504 3774 1570 3849 po-

397 3886 469 3956 test
486 3878 585 3953 nasci
600 3878 648 3953 de
663 3878 761 3953 dulci
778 3876 931 3968 semine,
947 3875 1052 3969 qrrasi
1069 3874 1183 3949 dicat:
1204 3876 1389 3968 quomodo
1403 3896 1449 3949 ex
1467 3880 1571 3969 petre

397 4000 538 4075 liberali
568 4002 686 4094 potest
715 3996 815 4073 nasci
848 3995 942 4069 lilius
970 4004 1117 4069 avarus.
1130 4034 1180 4047 -
1198 4000 1330 4083 Ouesto.
1366 3994 1431 4067 llio
1461 3999 1571 4068 autor

400 4119 501 4214 ponit
525 4118 798 4213 responsionem
816 4114 935 4189 Caroli
952 4114 998 4189 ad
1022 4113 1232 4209 petitionem
1250 4133 1375 4187 suam:
1394 4118 1430 4187 et
1450 4114 1569 4207 primo

399 4238 555 4314 ostendit
581 4238 739 4333 qualiter
762 4235 847 4312 iecit
872 4256 960 4310 enm
985 4239 1165 4309 attentum
1184 4231 1398 4309 addicenda
1420 4232 1572 4326 promit-

400 4368 481 4435 tens
504 4358 572 4434 sibi
590 4364 733 4433 certum
753 4356 970 4451 principium
991 4352 1196 4429 necessario
1213 4351 1506 4448 praemittendum
1524 4350 1571 4426 ad

401 4500 528 4555 reram
555 4479 800 4572 solutionem3
817 4476 918 4551 unde
933 4474 1151 4550 continuans
1175 4473 1269 4549 diota
1286 4470 1444 4549 dicendis
1463 4471 1572 4547 dicit:

403 4604 528 4688 Questo
544 4603 579 4674 io
598 4620 624 4671 a
644 4601 706 4690 tiri,
723 4598 852 4694 supple
871 4595 945 4670 dixi
964 4595 1062 4689 qnod
1081 4594 1219 4669 dictum
1239 4599 1316 4669 est:
1334 4596 1573 4686 ereptione,

402 4719 531 4815 supple
555 4718 710 4793 Carolus
733 4717 841 4792 dixit:
859 4718 889 4789 d
897 4719 933 4790 to
948 4736 1056 4808 posco
1073 4718 1255 4789 mostrorti
1270 4735 1319 4789 uu
1335 4735 1432 4806 vero,
1448 4714 1489 4809 si,
1506 4735 1575 4809 pro

400 4837 501 4932 qnia,
519 4838 606 4931 qnia
630 4858 780 4933 possum
807 4836 870 4910 tibi
894 4835 1148 4911 demonstrare
1173 4835 1272 4909 clare
1297 4854 1413 4908 unum
1441 4834 1575 4930 princi-

465 5098 1130 5166 (snouuunmmrmnmemr.
1286 5098 1440 5165 ωεωω.
