4575 6842
716 957 856 1012 caurus
883 957 1074 1012 vrcusmus
1098 958 1241 1012 ramus.
1515 947 1559 1016 13

387 1103 591 1197 provincias
608 1102 768 1197 ludaeae3
790 1103 853 1178 sed
875 1109 998 1178 certus
1023 1101 1141 1176 lactus
1166 1101 1265 1196 quod
1291 1103 1410 1178 omnis
1435 1105 1561 1179 multi·

386 1221 476 1298 tudo
497 1225 709 1318 judaeorum
736 1229 960 1298 convenerat
985 1222 1274 1318 Hierosolymam
1302 1223 1349 1297 ad
1373 1225 1562 1300 ollerenda

386 1344 562 1420 sacrificia
578 1346 654 1420 Deo
671 1365 740 1418 suo
757 1343 961 1419 secuudum
979 1363 1122 1419 morem
1141 1343 1381 1438 antiquorum
1398 1351 1560 1439 patrum,

388 1465 494 1539 motis
520 1464 630 1561 signis
655 1463 767 1538 cinxit
791 1469 905 1537 totam
933 1465 1065 1538 urbem
1092 1463 1298 1570 obsidione3
1320 1464 1384 1538 sed
1404 1465 1489 1558 quia
1506 1465 1560 1539 ci-

386 1583 477 1658 vitas
503 1582 724 1657 nobilissima
755 1583 888 1679 regalis
907 1591 999 1658 *erat
1031 1582 1322 1680 inexpugnabilis
1354 1584 1560 1658 munitione

386 1725 582 1779 murorum
614 1709 652 1778 et
684 1702 915 1778 multitudiue
947 1703 1125 1798 virorum,
1153 1710 1259 1778 vetus
1284 1703 1559 1798 perseverantia

386 1844 626 1898 romanorum
654 1825 735 1919 plus
752 1825 869 1920 potuit
889 1844 1001 1918 quam
1017 1819 1054 1916 (¹)
1079 1823 1270 1918 obstinata,
1289 1823 1451 1898 inaudita
1472 1845 1558 1918 per·

386 1943 518 2020 tinacia
539 1945 762 2039 iudaeorum.
788 1944 921 2019 Civitas
945 1964 1035 2040 ergo
1052 1944 1100 2018 ab
1115 1952 1221 2018 extra
1238 1944 1398 2018 bostium
1417 1944 1557 2018 viribus

386 2066 649 2162 quassabatur3
675 2066 772 2140 intus
798 2085 888 2141 vero
913 2065 1098 2140 crudelius
1129 2064 1411 2139 dissensionibus
1442 2084 1557 2138 rexa-

384 2187 504 2262 batur.
530 2187 622 2261 Nam
650 2192 725 2262 tres
750 2186 907 2283 tyranni,
934 2186 1069 2261 scilicet
1094 2187 1265 2280 loannes,
1292 2186 1429 2278 Simon,
1449 2184 1557 2260 Elea·

384 2329 494 2382 zarus
511 2314 782 2402 occupaverant
800 2313 874 2380 tres
892 2308 1061 2403 regiones
1079 2306 1192 2401 urbis,
1206 2305 1269 2400 qui
1284 2305 1368 2380 licet
1386 2305 1557 2380 videreu-

384 2435 446 2503 tur
463 2428 662 2503 concordes
679 2434 806 2502 contra
825 2429 948 2503 hostes
962 2435 1085 2502 tamen
1099 2447 1196 2522 saepe
1208 2427 1311 2501 bellis
1323 2426 1554 2500 lacerabant:

383 2549 446 2623 sed
474 2569 541 2622 nec
567 2547 744 2621 discordia
770 2546 918 2640 civium,
939 2567 1007 2621 nec
1030 2547 1136 2620 ruina
1162 2567 1371 2640 murorum,
1398 2565 1466 2619 uec
1491 2564 1556 2618 oc-

384 2668 471 2744 cisio
498 2667 678 2759 virorum,
704 2687 773 2740 nec
797 2666 919 2740 suasio
946 2668 1090 2740 romani
1116 2665 1296 2761 principis,
1326 2665 1388 2759 qui
1419 2684 1483 2739 eos
1507 2663 1554 2738 ad

384 2807 512 2884 pacem
530 2785 717 2879 inritabat,
730 2792 930 2880 potuerunt
947 2787 1094 2860 llectere
1111 2793 1257 2882 gentem
1272 2785 1377 2858 durae
1389 2784 1553 2878 cervicis,

385 2916 426 2983 nt
451 2929 524 2982 nou
551 2907 670 3003 potius
697 2906 830 2980 vellent
855 2906 979 2980 omnia
1000 2913 1167 2981 extrema
1188 2907 1370 2980 tollerare.
1389 2905 1552 2998 Interim,

384 3029 530 3103 Nerone
554 3027 710 3119 sublato,
727 3025 979 3121 Vespasianus,
1005 3026 1087 3101 licet
1112 3026 1246 3100 invitus
1265 3032 1303 3100 et
1319 3026 1470 3100 omniuo
1490 3045 1553 3098 re-

383 3169 527 3241 cusans,
554 3147 670 3221 lactus
695 3145 895 3240 imperator
926 3166 948 3220 a
980 3144 1152 3219 militibus
1186 3145 1289 3220 rediit
1319 3146 1488 3238 Romam,
1515 3151 1553 3218 et

383 3268 484 3342 Titus
511 3267 605 3341 lilius
631 3267 711 3340 eius
730 3266 877 3362 juvenis
894 3266 1062 3340 omnium
1083 3267 1352 3341 laudatissimus
1375 3265 1553 3341 remansit

381 3388 457 3462 dux
484 3388 579 3482 belli,
606 3387 669 3482 qui
695 3387 810 3482 ipsam
837 3386 1053 3482 Jerusalem,
1073 3387 1219 3482 cognita
1242 3386 1440 3482 pertinacia
1465 3405 1555 3481 per-

382 3507 462 3582 tidae
487 3507 617 3604 gentiS,
645 3507 761 3603 magis
786 3506 941 3580 arctavit
966 3512 1003 3580 et
1027 3506 1073 3581 ad
1094 3513 1233 3581 tantam
1254 3506 1413 3602 inopiam
1433 3505 1553 3579 deda-

382 3628 446 3721 xit,
472 3626 571 3722 quod
597 3627 720 3700 omnia
746 3626 930 3722 incognita
956 3625 1083 3700 usibus
1107 3627 1278 3700 humanis
1296 3627 1333 3700 in
1350 3647 1437 3699 suos
1453 3625 1554 3700 cibos

380 3753 652 3822 converterunt.
680 3747 840 3822 Tandem
867 3746 1054 3821 obsidione
1086 3747 1297 3823 continuata
1330 3747 1419 3821 urbs
1444 3750 1551 3840 capta

362 3875 437 3943 ·est
460 3874 497 3941 et
523 3867 560 3941 in
586 3873 708 3942 turres
733 3867 946 3962 praecipuas,
965 3868 1002 3941 in
1027 3887 1166 3960 arcem,
1184 3866 1221 3940 iu
1239 3867 1418 3962 templum
1445 3865 1551 3940 saevi-

380 3994 460 4062 tum
487 3995 560 4081 est;
587 3994 624 4061 et
653 3987 780 4062 civitas
811 3988 926 4061 muris
956 3988 1106 4083 nudata,
1131 3995 1169 4062 et
1194 3988 1364 4063 undecim
1396 3993 1551 4062 centena

381 4108 490 4182 millia
512 4109 722 4204 jndaeorum
751 4109 858 4202 lame,
884 4109 994 4204 terro,
1021 4109 1198 4202 incendio,
1223 4115 1262 4183 et
1286 4107 1387 4182 omni
1412 4126 1552 4204 genere

380 4229 488 4323 pestis
514 4213 729 4323 consumpta
750 4237 855 4302 suot:
876 4236 1010 4304 caetera
1034 4228 1228 4303 multitudo
1247 4228 1285 4302 in
1302 4228 1553 4323 captivitatem

379 4355 416 4423 et
441 4347 656 4422 servitutem
683 4349 849 4444 gentium
870 4348 1026 4423 deducta
1043 4355 1108 4423 est.
1128 4349 1181 4422 lix
1203 4369 1278 4443 quo
1296 4355 1463 4443 tempore
1479 4346 1551 4419 mi-

378 4487 460 4542 sera
486 4488 576 4564 gens
601 4461 729 4560 Deol¹l
758 4475 795 4542 et
819 4468 991 4542 omnibus
1020 4469 1192 4564 gentibus
1220 4468 1345 4542 odiosa
1373 4488 1440 4563 per
1466 4466 1551 4540 uni-

379 4605 528 4660 versum
554 4587 683 4662 orbem
709 4586 870 4682 dispersa
896 4586 1077 4661 serviliter
1103 4587 1191 4662 vivit
1219 4593 1257 4662 et
1284 4586 1395 4661 durat
1419 4586 1457 4659 in
1482 4605 1550 4660 sua

380 4704 537 4780 miseria.
563 4707 669 4782 Nunc
694 4707 821 4782 ordina
847 4706 898 4781 sic
923 4706 1087 4781 literam:
1113 4709 1233 4796 ocello
1248 4709 1386 4800 spirito,
1403 4706 1550 4798 scilicet,

379 4825 526 4919 Statius,
551 4829 698 4919 rispose,
725 4826 890 4924 Virgilio:
916 4829 951 4898 io
977 4846 1040 4899 era
1065 4829 1103 4900 di
1123 4816 1172 4916 ld,
1198 4826 1235 4900 in
1261 4826 1401 4900 mundo
1421 4825 1550 4901 viven-

442 5014 469 5074 (¹)
485 5012 515 5062 E.
533 5027 610 5076 quam
628 5015 766 5077 pertinacia
779 5015 936 5078 judaeorum.

440 5085 468 5149 (¹)
484 5089 515 5138 E.
532 5088 587 5139 Deo
603 5095 629 5139 et
646 5091 800 5152 nominibus,
817 5097 844 5141 ot
859 5090 977 5154 gentibus
992 5091 1112 5142 omnibus
1127 5092 1224 5143 edm.
