4575 6842
691 948 761 1016 350
1082 959 1286 1015 comensem
1310 959 1476 1014 ransom

687 1110 822 1181 diverm
847 1127 1050 1198 conception
1074 1127 1169 1180 esser
1190 1109 1305 1200 fruti,
1325 1106 1429 1201 idest,
1449 1105 1613 1199 effectus,
1640 1108 1678 1180 di
1698 1107 1865 1198 principii

685 1229 844 1321 somnoli,
861 1227 964 1322 idest,
981 1227 1027 1301 de
1050 1224 1233 1321 principiis
1249 1225 1402 1301 dirersis
1418 1245 1617 1301 causarum
1636 1225 1859 1321 lormalium3

689 1350 821 1439 equci,
847 1347 993 1441 scilicet,
1020 1345 1205 1442 principia,
1230 1349 1457 1437 septumo
1487 1348 1639 1420 discum
1662 1367 1687 1418 a
1712 1353 1772 1420 tua
1795 1367 1862 1420 ru-

685 1471 783 1560 pton,
801 1468 902 1562 idest,
928 1467 1132 1542 secundum
1158 1465 1339 1541 rationem
1365 1486 1478 1560 quam
1506 1465 1618 1539 iecisti
1644 1464 1692 1540 de
1718 1486 1804 1541 raro
1823 1472 1862 1541 et

687 1589 811 1682 denso,
834 1593 920 1682 scor
944 1591 1091 1678 altono,
1109 1586 1211 1681 idest,
1230 1592 1364 1681 praeter
1390 1606 1508 1660 unum
1535 1585 1765 1682 principium,
1792 1586 1862 1662 sci·

686 1708 770 1784 licet
798 1729 927 1783 rarum
953 1714 990 1784 cl
1019 1705 1188 1782 deosum.
1214 1706 1290 1782 Nec
1321 1705 1420 1780 dicas
1451 1706 1550 1800 quod
1581 1712 1691 1781 autor
1723 1706 1782 1781 bic
1807 1707 1862 1780 lo-

687 1835 825 1922 quatur
850 1829 896 1902 de
920 1828 1009 1921 Deo,
1027 1826 1121 1901 sicut
1138 1825 1245 1900 multi
1268 1825 1483 1923 ignoranter
1505 1826 1692 1920 dixerunt,
1710 1827 1798 1920 quia
1815 1826 1863 1902 de

660 1949 764 2024 beo
789 1949 926 2022 diceret
956 1967 1090 2024 verum
1120 1953 1242 2040 autor,
1272 1946 1367 2022 sicut
1397 1946 1491 2021 inira
1525 1946 1661 2042 patebit
1691 1947 1728 2020 in
1761 1947 1863 2021 solu-

689 2069 786 2143 tione
802 2060 838 2160 (¹)
864 2067 1084 2162 quaestionis.
1111 2065 1184 2142 Sed
1208 2066 1267 2141 bic
1292 2073 1379 2141 uota
1405 2066 1504 2160 quod
1530 2067 1624 2141 ratio
1647 2088 1760 2161 quam
1778 2066 1863 2142 lacit

670 2189 745 2263 ¹bic
769 2194 889 2282 autor,
916 2207 990 2262 non
1015 2186 1162 2262 videtur
1185 2186 1385 2282 procedere
1408 2186 1588 2281 quianon
1605 2192 1661 2262 est
1681 2186 1800 2260 simile
1815 2186 1863 2262 de

686 2308 765 2384 aliis
790 2308 900 2382 stellis
933 2314 971 2382 et
1004 2308 1103 2400 luna,
1139 2307 1225 2400 quia
1250 2327 1379 2382 omnes
1410 2307 1523 2382 stelle
1551 2307 1806 2381 illuminantur
1838 2325 1862 2379 a

687 2429 764 2503 sole
781 2427 985 2503 secundum
1013 2433 1132 2501 totum
1160 2432 1293 2522 praeter
1318 2427 1469 2502 lunam:
1495 2432 1551 2501 est
1567 2425 1665 2502 enim
1687 2444 1863 2520 unapars

688 2550 787 2623 lunae
812 2548 1000 2642 aliquanto
1027 2547 1147 2621 rarior
1171 2549 1306 2641 altera3
1334 2546 1432 2622 uode
1455 2552 1510 2621 est
1538 2546 1597 2620 bic
1621 2546 1730 2620 altius
1755 2565 1862 2641 repe-

688 2669 851 2762 tendum,
870 2668 969 2763 quod
988 2687 1118 2743 omnes
1143 2668 1256 2742 stellae
1282 2666 1462 2762 recipiunt
1487 2666 1614 2741 lumen
1638 2687 1662 2740 a
1687 2665 1776 2760 sole,
1797 2665 1862 2739 sed

687 2796 811 2864 tamen
846 2789 883 2863 in
912 2789 1120 2884 receptione
1151 2787 1299 2862 luminis
1332 2792 1389 2862 est
1417 2785 1622 2861 differentia
1655 2785 1860 2860 secundnm

687 2909 934 2984 diversitatem
960 2907 1155 2984 nobilitatis
1181 2913 1334 2981 naturae.
1358 2905 1535 2994 Quaedam
1561 2906 1659 2980 enim
1680 2912 1766 2979 sunt
1792 2927 1863 3000 pu-

689 3027 842 3102 rissimae
862 3034 900 3107 et
916 3027 1149 3102 nobilissime
1166 3026 1442 3124 dyapbanitatis,
1460 3025 1509 3100 ita
1527 3025 1625 3119 quod
1644 3026 1773 3100 lumen
1788 3032 1863 3100 sta·

689 3149 752 3223 tim
778 3153 947 3244 penetrat
980 3155 1099 3223 totum
1132 3167 1266 3242 corpus
1296 3147 1420 3240 stellae,
1446 3153 1484 3222 et
1511 3152 1631 3221 totum
1662 3166 1798 3241 corpus
1822 3145 1863 3220 lit

688 3268 851 3343 lucidum
877 3290 971 3364 puro
1002 3269 1143 3344 lumine
1169 3276 1245 3344 mm
1272 3289 1319 3344 ex
1352 3274 1457 3363 parte
1489 3288 1573 3363 quae
1603 3289 1671 3342 nos
1702 3268 1859 3364 respicit,

688 3409 801 3482 quam
827 3409 874 3463 ex
900 3394 1004 3483 parte
1029 3408 1135 3464 versa
1152 3388 1200 3462 ad
1217 3388 1353 3481 solem3
1379 3394 1417 3462 et
1441 3388 1569 3462 lumen
1590 3387 1718 3464 talium
1736 3389 1859 3462 stella-

690 3530 773 3584 rum
800 3530 873 3583 non
890 3508 1099 3584 declinatio
1117 3509 1242 3602 aliquo
1258 3529 1280 3584 a
1299 3509 1470 3602 candore,
1488 3508 1583 3583 sicut
1598 3515 1697 3604 patet
1713 3509 1751 3583 in
1771 3509 1861 3585 love

688 3636 725 3705 et
750 3628 932 3722 aliquibus
957 3629 1045 3704 aliis.
1071 3627 1249 3717 Quaedam
1269 3636 1397 3703 autem
1416 3628 1501 3702 licet
1518 3627 1640 3702 statim
1666 3636 1863 3724 penetren-

689 3757 749 3825 tur
775 3750 927 3843 lumine‚
953 3756 1089 3844 tamen,
1110 3749 1197 3844 quia
1222 3769 1357 3844 corpus
1382 3770 1512 3824 earum
1540 3769 1613 3822 non
1638 3756 1694 3823 est
1718 3749 1767 3824 ita
1793 3769 1861 3822 no-

688 3870 771 3966 bile,
797 3872 924 3945 lumen
949 3870 1104 3946 declinat
1129 3871 1175 3944 ad
1205 3869 1393 3965 ruborem,
1419 3868 1514 3943 sicut
1541 3874 1598 3944 est
1626 3870 1860 3944 manifestum

688 3989 724 4063 in
749 3991 874 4064 llarte.
892 3989 933 4063 ln
958 3988 1179 4083 quibusdam
1201 3995 1328 4064 antem
1345 3989 1474 4063 lumen
1490 3987 1646 4064 declinat
1664 3988 1710 4063 ad
1727 3989 1862 4064 obscu-

689 4109 833 4185 ritatem
860 4111 953 4186 sicut
977 4110 1015 4184 in
1041 4111 1219 4186 Saturno:
1237 4110 1275 4184 in
1300 4109 1520 4204 quibusdam
1545 4109 1592 4185 ad
1617 4109 1780 4185 colorem
1806 4111 1861 4186 la-

687 4236 822 4326 cteum,
849 4231 942 4306 sicut
968 4232 1005 4306 in
1030 4230 1205 4306 Gallasia:
1231 4236 1269 4305 et
1300 4230 1338 4303 in
1369 4229 1589 4324 quibusdam
1610 4228 1657 4304 ad
1682 4231 1860 4326 pallorem

687 4350 780 4425 sicut
805 4352 842 4425 in
867 4351 1031 4444 Venere;
1055 4350 1120 4426 sed
1145 4356 1269 4430 tamen
1300 4349 1338 4423 in
1367 4349 1540 4424 omnibus
1570 4348 1646 4423 istis
1678 4356 1733 4452 est
1758 4357 1860 4425 tanta

686 4471 867 4566 pervictas
880 4463 918 4564 (¹)
937 4471 1036 4567 quod
1053 4470 1175 4546 statim
1193 4470 1230 4544 in
1248 4470 1457 4565 receptione
1473 4469 1621 4544 luminis
1638 4476 1757 4544 totum
1775 4491 1861 4546 eor-

685 4611 754 4686 pus
779 4592 892 4666 stellae
908 4590 1136 4666 illuminatur
1153 4588 1357 4665 secundum
1375 4595 1491 4664 totam
1508 4588 1754 4685 superficiem,
1774 4611 1861 4686 pro-

686 4711 900 4787 funditatem
927 4720 965 4788 et
989 4711 1218 4786 altitudinem
1248 4729 1296 4786 er
1324 4711 1425 4785 omni
1441 4719 1570 4807 parte.
1602 4710 1706 4785 Luna
1732 4724 1860 4788 autem

687 4832 770 4908 licet
794 4833 840 4907 sit
864 4854 1006 4930 corpus,
1019 4832 1157 4927 quintae
1173 4833 1351 4926 essentie,
1369 4838 1425 4908 est
1444 4839 1569 4908 tamen
1594 4834 1777 4908 terrestris
1793 4855 1860 4911 na-

750 5090 777 5153 (¹)
793 5096 817 5152 l,
833 5091 884 5142 line
899 5092 1053 5156 qumtlonls.
1359 5090 1387 5154 ρ]
1402 5094 1434 5145 Β,
1449 5094 1557 5158 purim
