4575 6842
745 946 882 1001 conaus
907 943 1123 1002 rnreusmus
1148 950 1290 1004 neruus.
1527 934 1597 1001 233

428 1090 568 1165 tricem.
596 1091 690 1167 Dicit
713 1113 823 1190 ergo:
850 1093 1001 1167 Robusto
1027 1114 1144 1185 cerro,
1170 1092 1272 1186 idest,
1299 1094 1401 1167 sortis
1426 1112 1597 1187 quercus,
1722 1182 1726 1189 ¹

367 1202 372 1211 '
425 1214 458 1285 e·
480 1212 643 1302 diburdu,
664 1211 766 1305 idest,
777 1211 988 1316 ψῃ
1006 1233 1136 1285 oouero
1160 1234 1185 1284 u
1207 1217 1348 1287 nostrai
1365 1220 1478 1303 emto,
1496 1210 1599 1304 idest,
1701 1242 1746 1272 ν

427 1352 450 1405 a
475 1322 599 1425 borea,
622 1332 684 1426 qui
710 1332 810 1406 venit
834 1352 856 1405 a
882 1338 1008 1407 nostro
1026 1332 1110 1427 polo
1126 1332 1410 1428 septentrionali,
1428 1352 1558 1407 ouuero
1574 1353 1599 1403 u

427 1453 517 1542 puel,
542 1452 688 1544 scilicet,
714 1457 824 1526 rento
849 1458 987 1545 nostru,
1010 1454 1073 1547 qui
1091 1454 1191 1527 venit
1207 1474 1229 1527 a
1248 1453 1331 1548 polo
1357 1451 1597 1544 meridionali,

427 1572 491 1665 qui
517 1580 648 1645 ventus
674 1572 802 1649 transit
826 1592 892 1667 per
917 1572 1096 1667 Africam3
1124 1572 1222 1647 unde
1253 1570 1356 1645 dicit:
1382 1574 1475 1644 dello
1500 1578 1599 1642 terro

427 1693 465 1765 di
479 1692 613 1786 Jurdu;
638 1691 766 1766 Jerbas
790 1692 888 1768 enim
915 1692 983 1766 suit
1008 1712 1072 1768 rex
1099 1691 1223 1787 Libyae
1249 1698 1415 1786 tempore
1438 1688 1596 1783 Didonis,

429 1818 470 1884 ut
494 1811 637 1885 dicetur
665 1812 825 1886 Paradisi
839 1858 843 1866 -
858 1812 1017 1907 capitulo
1044 1812 1104 1906 lX,
1134 1833 1201 1884 coo
1229 1832 1308 1883 meu
1331 1813 1369 1883 di
1391 1812 1597 1900 resecem,

427 1932 529 2025 idest,
556 1932 687 2006 minori
715 1932 850 2027 labore,
876 1936 975 2007 ot'r'o
999 1954 1072 2006 uou
1098 1935 1188 2005 levat
1212 1934 1239 2005 il
1261 1940 1387 2022 morto
1413 1930 1516 2025 idest,
1542 1930 1597 2003 l-

426 2052 532 2146 olem,
559 2054 597 2124 ol
620 2072 684 2125 suo
708 2056 903 2146 comoodo;
929 2059 966 2128 et
990 2054 1041 2129 sic
1066 2054 1162 2129 bene
1180 2053 1301 2147 recepi
1324 2052 1489 2126 dolorem
1507 2049 1597 2123 mihi

425 2172 667 2265 promissum:
684 2173 729 2245 Et
758 2173 816 2247 hic
848 2180 932 2247 nota
963 2174 1061 2267 quod
1092 2174 1318 2269 comparatio
1343 2178 1399 2247 est
1423 2171 1595 2266 propria:

426 2312 586 2385 quercus
610 2292 708 2366 enim
734 2292 847 2366 arbor
869 2292 971 2366 sortis
992 2293 1087 2368 bene
1106 2294 1278 2367 convenit
1295 2293 1381 2366 huic
1400 2291 1481 2365 viro
1499 2289 1596 2384 lorti,

425 2417 462 2487 et
486 2430 617 2486 sermo
635 2411 808 2486 Beatrieis
833 2411 928 2488 bene
953 2413 1122 2488 convenit
1153 2420 1263 2488 vento
1292 2412 1431 2487 boreali
1460 2418 1498 2487 et
1526 2431 1597 2484 au-

426 2532 538 2626 strali,
565 2532 651 2626 quia
676 2551 776 2605 nunc
801 2538 957 2628 serenat,
984 2554 1082 2608 nunc
1115 2533 1239 2607 turbat
1268 2553 1406 2608 aerem.
1433 2534 1477 2605 Et
1502 2532 1596 2605 sicut

346 2710 349 2719 .
427 2652 599 2729 violentia
625 2652 748 2727 boreae
774 2654 832 2727 rel
858 2653 974 2728 austri
999 2676 1074 2729 non
1093 2654 1245 2729 faciliter
1261 2653 1389 2747 spoliat
1409 2652 1594 2746 arborem,

429 2774 479 2848 ita
504 2792 603 2847 nunc
628 2773 789 2868 rigiditas
815 2774 993 2848 sermonis
1018 2774 1191 2849 Beatricis
1221 2772 1279 2847 vix
1307 2771 1482 2867 compulit
1507 2791 1595 2867 poe-

427 2900 501 2967 tam
535 2893 703 2968 attollere
735 2892 878 2986 laciem,
904 2894 952 2967 ita
979 2894 1077 2987 quod
1109 2892 1249 2969 lacilius
1280 2893 1407 2968 luisset
1434 2892 1595 2987 depilare
1710 2922 1713 2928 ·

428 3014 494 3088 sibi
519 3012 684 3087 barbam.
711 3012 756 3085 Et
779 3014 934 3087 ostendit
960 3014 1046 3108 quid
1072 3014 1235 3089 maxime
1260 3014 1464 3089 turbaverit
1493 3033 1595 3105 eum,

427 3134 572 3226 scilicet,
599 3132 821 3207 vocabulum
848 3134 984 3227 barbe,
1004 3134 1147 3208 dicens:
1165 3156 1184 3207 e
1204 3135 1267 3207 deo
1283 3135 1428 3207 concidi
1442 3137 1471 3207 il
1486 3154 1594 3207 acuon

424 3255 502 3327 deu
516 3261 734 3344 oruomcuto,
755 3252 860 3347 quasi
886 3254 992 3348 dicat,
1011 3260 1235 3329 venenatum
1263 3260 1434 3348 muttum,
1451 3258 1595 3347 quoodo

424 3375 531 3446 eluiem
547 3375 574 3446 u
589 3376 677 3464 viso,
703 3373 849 3468 scilicet,
876 3394 1016 3467 meum,
1037 3396 1104 3467 per
1129 3377 1167 3447 lo
1191 3376 1318 3464 dorda,
1344 3374 1449 3468 quasi
1474 3375 1594 3450 dicat:

424 3492 519 3567 bene
545 3492 715 3587 intellexi,
742 3494 840 3587 quod
866 3495 1013 3569 volebat
1032 3494 1175 3569 dicere:
1193 3496 1240 3569 alr
1257 3516 1371 3570 senen
1388 3495 1513 3587 delire,
1531 3496 1594 3589 qui

424 3632 463 3687 es
482 3604 664 3687 ¹barbatus
684 3614 764 3708 jam
790 3634 856 3707 per
883 3613 1018 3688 multos
1043 3618 1177 3690 annos!

499 3738 529 3805 Ε
552 3754 656 3807 come.
684 3734 754 3807 lsta
780 3740 836 3807 est
859 3732 965 3807 tertia
991 3754 1076 3828 pars
1100 3734 1283 3829 generalis
1305 3735 1416 3808 huius
1435 3736 1594 3831 capituli,

423 3854 460 3928 in
486 3874 559 3947 qua
591 3860 698 3948 poeta
729 3852 898 3927 ostendit*
915 3853 1100 3946 quomodo
1131 3853 1311 3948 poenitens
1342 3860 1380 3929 et
1408 3857 1595 3929 confessus

422 3974 532 4049 luerit
556 3975 652 4048 lotus
678 3973 715 4046 in
739 3974 886 4048 Lethaeo
917 3980 955 4048 et
987 3972 1141 4047 traditus
1172 3973 1386 4048 virtutibus:
1414 3981 1450 4049 et
1476 3976 1595 4069 primo

424 4096 574 4189 quidem
598 4093 752 4169 ostendit
779 4093 936 4187 qualiter
961 4094 1081 4189 angeli
1107 4093 1288 4168 dederunt
1309 4094 1375 4168 sibi
1392 4095 1517 4169 locum
1539 4095 1595 4169 ri-

423 4216 530 4291 dendi
555 4214 771 4307 Beatricem‚
797 4213 883 4306 quia
908 4218 1146 4287 cessaverunt
1175 4214 1223 4288 ab
1254 4234 1367 4309 opere
1396 4235 1475 4289 suo.
1502 4214 1595 4289 llicit

425 4357 532 4432 ergo:
560 4341 593 4409 E
607 4336 715 4426 quelle
736 4336 851 4426 prium
876 4342 1048 4425 creature,
1073 4332 1221 4429 scilicet,
1239 4334 1372 4431 angeli,
1390 4335 1453 4430 qui
1475 4335 1595 4430 primo

425 4460 642 4552 rogaverant
667 4475 735 4549 pro
764 4474 822 4547 eo,
845 4455 1001 4546 perorsi,
1031 4454 1078 4527 ab
1109 4454 1321 4550 aspersione
1351 4456 1497 4549 llorum,
1523 4454 1593 4527 sub

422 4596 583 4669 quorum
610 4575 710 4649 nube
733 4572 880 4649 Beatrix
903 4574 1050 4668 latebat,
1068 4580 1110 4647 ut
1129 4573 1268 4648 dictum
1295 4580 1349 4648 est
1373 4573 1594 4669 precedenti

421 4695 597 4789 capitulo;
623 4716 642 4767 e
666 4696 818 4768 locutio
835 4713 1013 4786 comprare
1038 4696 1076 4766 di
1100 4697 1158 4768 tar
1183 4696 1391 4787 apparatura,
1409 4692 1513 4787 idest,
1530 4713 1596 4788 ap

423 4813 611 4911 paritione,
637 4834 733 4887 como
766 4816 802 4886 lo
827 4816 899 4887 mio
926 4816 1044 4908 formo
1072 4816 1104 4886 ri
1131 4816 1266 4907 disere,
1301 4833 1432 4887 versus
1463 4813 1593 4888 faciem

365 4995 367 5003 ,
421 4934 605 5010 Beatricis.
632 4934 675 5008 Et
701 4934 816 5031 tangit
841 4934 1027 5028 quomodo
1058 4934 1190 5009 viderit
1219 4955 1315 5029 earn,
1340 4935 1481 5009 dicens:
1514 4958 1533 5009 e
1564 4938 1595 5009 le

424 5060 490 5129 mie
515 5060 594 5148 luci,
611 5056 714 5161 idpst,
732 5055 841 5150 oculi,
858 5077 970 5129 oucor
991 5076 1081 5148 poco
1106 5058 1231 5151 neure,
1255 5056 1339 5132 licet
1363 5055 1482 5152 angeli
1509 5056 1593 5132 red·
