4575 6842
723 965 794 1034 368
1115 974 1320 1032 counuruu
1343 976 1512 1030 ruamur

718 1124 817 1198 illam
849 1121 993 1198 avidam
1027 1121 1200 1217 loquendi
1229 1143 1370 1216 secum,
1397 1128 1435 1196 et
1464 1121 1542 1216 ipse
1573 1120 1719 1196 volebat
1743 1141 1893 1196 servare

717 1250 943 1340 praeceptum
969 1243 1154 1319 Beatricis.
1168 1247 1266 1317 -0
1290 1243 1364 1317 ben.
1391 1243 1497 1318 Nunc
1523 1243 1659 1316 Dentes
1685 1241 1786 1338 ponit
1809 1262 1894 1316 ora-

719 1364 857 1440 tionem
883 1384 990 1438 snam
1016 1362 1062 1438 ad
1087 1362 1316 1457 Picbardam,
1335 1363 1371 1436 in
1393 1383 1468 1457 qna
1486 1362 1571 1437 iacit
1590 1361 1783 1436 exordium
1806 1381 1893 1435 cnm

719 1484 893 1581 petitione
918 1490 1044 1578 petens
1061 1482 1108 1557 de
1125 1482 1275 1557 nomine
1291 1487 1329 1558 et
1349 1482 1572 1575 conditione3
1591 1482 1690 1557 unde
1705 1481 1790 1556 dicit
1806 1501 1892 1573 cum

718 1602 984 1702 gratulatione:
1007 1606 1038 1676 0
1061 1602 1124 1675 ben
1149 1608 1268 1676 erecto
1287 1605 1424 1696 spirita
1444 1601 1531 1698 quia
1556 1602 1604 1677 ad
1629 1601 1891 1677 beatitudinem

720 1724 907 1817 destinate,
933 1724 993 1796 ebe
1018 1725 1056 1796 oi
1078 1725 1139 1796 rot
1162 1725 1201 1796 di
1224 1725 1296 1796 vita
1321 1730 1454 1813 rursm,
1479 1723 1583 1818 idest,
1608 1723 1654 1799 ad
1686 1722 1808 1798 radios
1836 1722 1893 1798 di-

720 1845 815 1919 vinae
839 1843 978 1941 gratiae,
1003 1846 1091 1916 senti
1115 1845 1153 1916 tu
1176 1845 1358 1936 dolcezzo,
1383 1843 1486 1938 idest,
1507 1843 1654 1918 dulcem
1680 1843 1889 1918 fruitionem

721 1963 897 2040 felicitatis
922 1969 1081 2057 aeternae,
1100 1964 1161 2036 ebe
1175 1983 1247 2036 non
1264 1971 1404 2054 gustato
1423 1984 1496 2038 non
1512 1965 1690 2038 sinenda
1710 1967 1784 2037 mot
1791 1989 1807 2057 ;
1824 1984 1893 2038 no-

721 2089 841 2158 tanter
864 2083 961 2178 dicit,
987 2083 1074 2177 quia
1099 2102 1175 2157 non
1200 2083 1302 2158 novit
1327 2084 1445 2159 mellis
1469 2083 1700 2160 dulcedinem
1726 2083 1789 2178 qui
1818 2084 1892 2158 mel

720 2225 793 2279 non
818 2203 995 2300 gustavit5
1023 2204 1106 2278 binc
1138 2210 1194 2278 est
1224 2203 1324 2299 qnod
1358 2204 1563 2299 voluptates
1592 2203 1779 2278 sensibiles
1811 2204 1894 2298 plns

719 2327 901 2403 delectant
926 2347 992 2400 nos
1018 2346 1130 2421 quam
1158 2326 1276 2402 virtus
1300 2328 1359 2402 vel
1383 2325 1549 2422 felicitas,
1572 2326 1654 2402 ideo
1675 2327 1810 2401 Paulus
1830 2323 1894 2420 qui

719 2453 933 2546 gustaverat
957 2447 1003 2522 de
1029 2447 1095 2521 ista
1121 2446 1325 2541 dulcedine,
1350 2446 1513 2522 dicebat:
1544 2447 1652 2542 cupio
1685 2444 1832 2520 dissolvi
1855 2453 1895 2520 et

721 2587 802 2644 esse
819 2588 905 2643 cum
924 2566 1084 2661 Cbrist03
1100 2569 1272 2658 prezioso
1288 2569 1337 2639 mi
1348 2569 1414 2660 fia,
1427 2567 1530 2661 idest,
1548 2566 1619 2642 erit
1636 2565 1723 2639 mibi
1742 2565 1790 2638 ad
1805 2585 1893 2662 gra-

607 2679 611 2682 ’
721 2688 809 2763 tiam
836 2687 1073 2785 singularem,
1099 2709 1137 2762 se
1162 2691 1210 2761 mi
1233 2691 1383 2762 contenti
1411 2690 1469 2762 del
1496 2708 1599 2761 nome
1621 2692 1695 2778 tuo,
1720 2691 1764 2760 nt
1788 2705 1894 2761 reco-

721 2829 896 2907 gnoscam
924 2815 971 2902 te,
997 2808 1085 2902 quia
1110 2807 1245 2882 videris
1270 2827 1536 2904 recognoscere
1566 2827 1639 2900 me,
1665 2828 1685 2880 c
1714 2807 1807 2879 della
1831 2826 1895 2878 oo·

720 2935 798 3002 stra
822 2935 928 3019 sorta,
954 2928 1041 3022 quia
1066 2927 1258 3002 audiverat
1283 2926 1382 3022 quod
1417 2933 1523 3002 erant
1548 2928 1721 3026 relegatae
1752 2926 1790 3000 in
1814 2926 1894 3000 ioco

721 3048 884 3125 interiori
910 3069 956 3123 er
977 3048 1120 3124 deiectu
1143 3048 1229 3123 voti.
1243 3089 1293 3102 —
1309 3051 1399 3122 Ond’
1411 3051 1489 3122 ella.
1508 3048 1573 3122 llic
1589 3055 1700 3122 autor
1716 3047 1816 3143 ponit
1834 3065 1894 3120 re-

722 3170 954 3267 sponsionem
979 3167 1167 3243 Pichardae
1191 3168 1237 3244 ad
1262 3189 1315 3262 se,
1341 3189 1426 3263 qnae
1442 3169 1561 3264 primo
1581 3169 1768 3264 praemittit
1784 3187 1895 3243 exor-

722 3289 837 3384 dium,
863 3289 993 3364 deinde
1020 3289 1269 3365 narrationem
1287 3289 1376 3364 eius.
1395 3288 1498 3366 Unde
1517 3291 1734 3366 continuans
1748 3281 1785 3382 (¹)
1810 3288 1895 3365 dicit

722 3415 849 3505 poeta:
881 3412 970 3482 Ond'
982 3412 1063 3503 ello,
1091 3409 1228 3484 scilicet
1245 3409 1435 3504 Picbarda,
1446 3418 1583 3504 pronto
1607 3433 1626 3484 e
1650 3433 1717 3485 coo
1732 3413 1828 3484 occist
1840 3413 1895 3484 ri·

722 3531 828 3622 denti,
858 3527 1043 3623 respondit
1068 3528 1224 3604 libenter
1244 3529 1314 3604 sub
1333 3531 1403 3605 bac
1423 3530 1543 3607 lorma
1566 3538 1720 3628 tangens
1744 3549 1893 3606 causam

722 3670 800 3725 sum
820 3650 931 3746 justae
957 3650 1201 3744 responsionis
1225 3649 1272 3726 ad
1286 3641 1324 3744 (²)
1347 3651 1485 3747 justam
1507 3653 1740 3748 petitionem:
1767 3656 1804 3727 lo
1825 3672 1894 3726 no-

722 3778 799 3844 stro
824 3759 951 3861 οανίιὰ,
971 3769 1119 3865 scilicet,
1138 3770 1345 3865 beatorum,
1362 3793 1436 3845 non
1451 3793 1556 3846 serra
1568 3781 1684 3866 porte,
1701 3773 1808 3868 idest,
1824 3792 1898 3846 non

723 3891 873 3966 obturat
895 3909 1018 3984 aures,
1044 3911 1069 3962 a
1092 3892 1208 3982 pinso
1237 3894 1367 3984 voglio,
1396 3898 1433 3966 et
1458 3909 1546 3968 ecce
1571 3912 1735 3986 causam,
1760 3915 1798 3966 se
1822 3912 1897 3964 non

723 4031 819 4086 consa
850 4012 976 4104 quella,
1007 4009 1153 4105 seilicet,
1184 4011 1319 4086 caritas
1341 4011 1475 4106 divina,
1505 4015 1566 4086 cire
1590 4015 1690 4087 ouole
1714 4019 1800 4086 tutto
1828 4032 1896 4085 suc

724 4138 830 4226 corta,
860 4129 962 4226 idest,
989 4131 1215 4206 voluntatem
1243 4131 1410 4205 omnium
1435 4132 1645 4228 beatorum,
1661 4137 1773 4208 simite
1796 4155 1822 4208 c
1845 4129 1895 4226 sd,

724 4251 930 4346 sicutipse
957 4250 1135 4326 Picbarda
1166 4250 1286 4326 luerat
1319 4259 1471 4347 experta
1503 4252 1541 4328 in
1572 4273 1613 4328 se
1646 4253 1722 4350 ipsa
1754 4253 1791 4326 in
1821 4252 1894 4328 vita

725 4370 881 4466 mortali,
908 4370 995 4465 quia
1016 4371 1116 4466 justa
1142 4370 1304 4467 precatio
1334 4392 1402 4446 sua
1433 4372 1554 4447 iuerat
1583 4373 1755 4449 exaudita
1784 4393 1896 4469 super

723 4497 810 4568 voto
835 4490 1078 4586 continentia,
1105 4498 1147 4564 nt
1166 4491 1245 4587 jam
1271 4491 1408 4566 dictum
1435 4499 1501 4567 est.
1528 4492 1571 4568 lit
1595 4492 1765 4568 describit
1788 4514 1829 4569 se
1848 4493 1896 4567 ab

726 4610 864 4705 babitu,
891 4610 1029 4687 virtute
1053 4616 1089 4685 et
1115 4611 1264 4687 nomine
1289 4631 1369 4706 suo,
1395 4611 1537 4688 dicens:
1557 4614 1593 4686 io
1607 4616 1662 4708 stri
1680 4615 1739 4686 nel
1753 4615 1897 4705 mmm,

727 4730 874 4826 scilicet,
900 4731 1057 4826 mortali,
1085 4735 1237 4823 vermer.
1263 4730 1317 4806 Ad
1343 4732 1443 4827 qnod
1468 4739 1553 4808 nota
1585 4733 1685 4828 qnod
1710 4732 1898 4831 virginitas

727 4857 783 4926 est
807 4851 952 4926 babitus
969 4852 1145 4926 electivus
1163 4852 1378 4949 integritatis
1394 4853 1557 4948 corporis
1573 4854 1812 4929 observandae
1832 4874 1898 4950 per

790 5111 818 5177 (¹)
834 5113 870 5173 s„
887 5112 918 5162 Ε.
934 5125 949 5162 e
966 5115 989 5172 t,
1005 5111 1079 5163 Unde
1095 5113 1268 5164 condumum
1283 5113 1354 5164 dicit.
1505 5115 1533 5179 l')
1545 5115 1577 5168 E·
1592 5116 1625 5167 td
1640 5127 1714 5167 Μ
1725 5115 1831 5180 imm·
