4575 6842
697 1014 836 1071 murus
861 1013 1076 1070 antemnates
1102 1016 1296 1071 SECUNDUS.
1513 1006 1585 1073 247

488 1168 600 1237 Ferre
622 1164 659 1235 tn
686 1169 747 1234 tre.
774 1160 844 1235 leta
870 1166 925 1237 est
949 1160 1110 1236 secunda
1131 1181 1217 1257 pars
1241 1164 1423 1259 generalis
1448 1164 1485 1239 in
1511 1186 1586 1260 qna

412 1289 520 1381 poeta
537 1282 708 1358 describit
724 1280 973 1356 fundationem
992 1280 1185 1376 primitivae
1203 1281 1365 1357 ecclesiae
1387 1284 1583 1361 militantis.

414 1404 459 1477 lit
483 1402 601 1499 primo
630 1401 785 1477 ostendit
814 1401 971 1495 qualiter
996 1400 1143 1475 Beatrix
1169 1400 1354 1496 descendit
1383 1403 1429 1478 de
1458 1425 1584 1500 curru,

415 1543 503 1598 cum
534 1520 867 1617 appropinquarent
898 1520 944 1594 ad
976 1520 1148 1595 arborem
1180 1520 1241 1595 cui
1269 1521 1474 1619 alligandus
1506 1531 1588 1599 erat
1641 1526 1645 1533 '

416 1663 562 1736 currus,
588 1641 675 1735 quia
702 1658 918 1715 remansura
943 1646 1024 1715 erat
1047 1640 1094 1715 ad
1123 1640 1327 1716 custodiam
1359 1663 1494 1717 currus
1526 1663 1588 1717 re·

417 1762 568 1839 cedente
584 1761 744 1857 grypbo:
760 1768 798 1835 et
813 1780 881 1857 pro
898 1759 1172 1835 continuatione
1188 1760 1303 1857 tangit
1316 1769 1498 1855 quantum
1517 1762 1587 1837 viae

417 1882 580 1957 lecerant
592 1879 739 1975 quando
752 1886 1001 1975 pervenerunt
1013 1880 1059 1954 ad
1072 1880 1258 1975 arborem,
1272 1901 1338 1976 per
1357 1903 1470 1956 uuam
1484 1902 1589 1957 com-

416 1999 644 2097 parationem
661 2000 814 2092 claram‚
828 1998 973 2074 dicens:
991 2003 1109 2073 Saettc
1125 2002 1334 2094 dbfrenota,
1349 2000 1396 2074 ad
1415 2006 1587 2093 tractum,

411 2140 517 2213 prosc
538 2121 638 2215 forse
663 2126 759 2193 nnn
783 2122 920 2213 spnzio,
948 2118 1050 2213 idest,
1082 2119 1246 2194 transivit
1274 2126 1418 2195 tantum
1445 2121 1525 2216 viae,
1551 2126 1588 2196 tn

417 2246 471 2315 tre
496 2242 578 2347 vote
598 2240 701 2334 idest,
719 2239 756 2313 in
781 2239 910 2336 triplici
931 2240 1034 2335 jactu
1064 2260 1186 2334 arcus,
1204 2248 1335 2332 quanto
1360 2262 1506 2314 monam
1530 2262 1589 2315 re-

416 2366 534 2457 mern,
555 2361 658 2455 idest,
677 2366 857 2455 qnantum
875 2380 1025 2436 eramus
1045 2361 1129 2437 sacti
1142 2362 1331 2457 longinqui
1348 2384 1372 2438 a
1392 2362 1472 2437 loco
1491 2362 1589 2437 unde

417 2502 674 2575 moveramus3
700 2482 804 2576 quasi
822 2481 929 2574 dicat,
947 2502 1014 2556 uos
1040 2488 1126 2575 tres,
1146 2481 1283 2557 s'cilicet
1300 2482 1488 2577 diethildis
1506 2483 1589 2557 Sta·

416 2604 489 2677 tius
513 2608 550 2677 et
575 2624 645 2699 ego
671 2602 770 2677 leves
790 2602 978 2676 iveramus
1004 2601 1098 2677 lorte
1124 2622 1190 2697 per
1211 2609 1287 2678 tres
1306 2602 1511 2676 balistratas
1529 2624 1589 2679 se·

418 2730 573 2818 quentes
598 2743 770 2817 currum;
796 2724 938 2813 qnando
962 2724 1121 2795 Boutrtce
1144 2743 1248 2816 scere,
1276 2722 1379 2816 idest,
1405 2722 1589 2797 descendit
1668 2744 1672 2750 ·

418 2843 464 2919 de
489 2863 603 2919 curru
629 2862 744 2938 prope
763 2843 935 2918 arborem
955 2841 1157 2917 maximam
1175 2842 1376 2937 spoliatam.
1395 2842 1479 2918 ldeo
1500 2842 1588 2917 sub-

417 2960 490 3037 dit:
516 2966 551 3035 to
584 2966 695 3037 scnttb
725 2982 750 3034 a
775 2965 849 3035 tutti
873 2982 1120 3035 murmurare:
1145 2964 1297 3055 Adcmo,
1329 2961 1587 3059 redarguendo
1661 2951 1665 2958 ’

418 3101 507 3156 eum
532 3081 578 3157 de
603 3081 845 3157 inobedientia
871 3087 1021 3176 propter
1046 3101 1159 3175 quam
1185 3081 1298 3155 arbor
1323 3088 1405 3156 erat
1429 3082 1478 3157 ita
1505 3103 1589 3177 spo-

417 3200 515 3295 liata,
529 3200 634 3295 quasi
651 3200 830 3276 dicentes:
850 3200 979 3293 Adam,
993 3200 1109 3274 Adam
1128 3199 1191 3274 ubi
1209 3220 1260 3294 es,
1279 3200 1343 3294 qui
1361 3200 1459 3275 luisti
1477 3222 1589 3277 causa

418 3320 509 3394 tanti
535 3320 622 3409 mali
647 3318 830 3415 peccando
853 3321 922 3395 bic.
943 3320 1044 3395 Unde
1060 3318 1166 3395 dicit:
1189 3324 1251 3413 pot
1274 3322 1467 3413 ceretiaro,
1486 3322 1590 3417 idest,

417 3440 751 3534 circumdederunt,
768 3462 841 3513 urta
854 3444 992 3533 monta,
1005 3440 1085 3515 baec
1098 3446 1180 3515 erat
1197 3440 1310 3515 arbor
1327 3440 1487 3515 scientie
1503 3441 1589 3516 boui

417 3569 456 3636 et
489 3561 588 3655 mali,
613 3564 824 3654 dispopttatu
854 3564 892 3635 di
920 3564 1006 3655 fiori
1036 3582 1056 3632 e
1088 3562 1228 3633 d'attro
1258 3562 1395 3653 fronde
1426 3582 1494 3634 con
1526 3581 1590 3634 stro

418 3703 533 3755 ramo.
559 3682 605 3755 Et
628 3682 678 3757 sic
703 3682 797 3778 vide,
819 3681 918 3776 quod
944 3681 1012 3755 ista
1038 3680 1106 3754 luit
1130 3680 1250 3775 prima
1274 3679 1433 3754 duarum
1460 3680 1591 3777 despo-

418 3802 611 3878 liatiouum
637 3803 683 3877 de
714 3803 850 3897 quibus
863 3872 869 3882 ,
882 3800 967 3877 dicit
996 3799 1089 3875 inira
1122 3799 1281 3895 capitulo
1312 3800 1481 3895 proximo
1506 3821 1591 3895 quoe

419 3922 514 3997 iacta
540 3923 607 4017 tuit
631 3944 699 4019 per
727 3924 854 3998 Adam.
868 3924 982 3995 -La
1011 3923 1155 3994 ebioma.
1189 3920 1253 3994 Hic
1282 3928 1391 4015 poeta
1420 3922 1591 3998 describit

419 4042 493 4118 alte
517 4042 623 4118 istam
642 4044 814 4119 arborem
833 4043 881 4118 ab
901 4040 1091 4117 altitudine
1106 4060 1176 4115 sua
1193 4060 1260 4134 per
1276 4040 1589 4134 comparationem

420 4163 586 4259 pulcram
612 4164 871 4239 altissimarum
896 4162 1086 4236 arborum.
1104 4160 1159 4235 bd
1184 4162 1290 4235 cuius
1315 4159 1590 4256 intelligentiam

420 4289 475 4357 cst
500 4282 619 4377 primo
644 4284 847 4377 sciendum,
865 4282 964 4377 quod
980 4282 1074 4356 sicut
1099 4280 1224 4355 scribit
1243 4280 1414 4377 Virgilius
1430 4280 1461 4353 ll
1477 4280 1591 4356 Geor·

419 4400 601 4499 giemum,
617 4403 656 4477 in
680 4411 785 4499 parte
809 4401 1032 4496 indiaeque
1057 4408 1113 4476 est
1132 4402 1241 4496 juxta
1266 4420 1448 4476 oceanum
1469 4401 1591 4475 orien-

272 4524 274 4529 ’
420 4521 531 4597 talem
548 4522 711 4597 nascitur
735 4522 846 4597 arbor
864 4529 975 4597 unte
996 4520 1195 4595 altitudinis
1216 4522 1315 4616 quod
1332 4522 1432 4596 nulla
1452 4522 1591 4618 sagipta

420 4642 517 4718 valet
541 4642 722 4740 attingere
753 4642 1002 4718 summitatem
1034 4642 1125 4735 eius,
1156 4642 1241 4718 iicet
1273 4642 1343 4716 sint
1380 4641 1429 4715 ibi
1466 4642 1593 4738 optimi

420 4762 669 4861 sagiptatores.
694 4766 739 4838 Et
763 4762 933 4839 describit
950 4760 1080 4837 deiude
1096 4762 1269 4859 Virgilius
1293 4762 1401 4837 aliam
1419 4763 1592 4839 arborem

421 4882 573 4959 alterius
598 4884 794 4978 provincie
820 4882 1014 4975 orientalis,
1032 4882 1180 4977 scilicet,
1197 4882 1332 4978 Mediae,
1351 4903 1435 4977 quae
1456 4890 1511 4957 est
1529 4904 1592 4956 ar-

422 5006 492 5081 bor
516 5003 699 5079 simillima
724 5006 830 5081 lauro
855 5004 893 5077 in
918 5000 1106 5077 frondibus
1132 5008 1170 5078 et
1195 5003 1320 5098 odore,
1342 5003 1451 5078 babet
1468 5010 1592 5079 tamen

424 5125 604 5201 maiorem
630 5124 803 5201 odorem:
828 5126 908 5199 baec
932 5128 1058 5199 autem
1084 5124 1196 5199 arbor
1226 5123 1400 5199 mirabilis
1424 5124 1593 5220 producit
