<?xml version="1.0" encoding="UTF-8"?>
<!DOCTYPE html PUBLIC "-//W3C//DTD XHTML 1.0 Transitional//EN"
    "http://www.w3.org/TR/xhtml1/DTD/xhtml1-transitional.dtd">
<html xmlns="http://www.w3.org/1999/xhtml" xml:lang="en" lang="en">
 <head>
  <title>
</title>
<meta http-equiv="Content-Type" content="text/html;charset=utf-8" />
  <meta name='ocr-system' content='tesseract 3.04.00' />
  <meta name='ocr-capabilities' content='ocr_page ocr_carea ocr_par ocr_line ocrx_word'/>
</head>
<body>
  <div class='ocr_page' id='page_1' title='image "./comentumsuperda00unkngoog_0122.png"; bbox 0 0 4575 6842; ppageno 0'>
   <div class='ocr_carea' id='block_1_1' title="bbox 710 963 1516 1030">
    <p class='ocr_par' dir='ltr' id='par_1_1' title="bbox 710 963 1516 1030">
     <span class='ocr_line' id='line_1_1' title="bbox 710 963 1516 1030; baseline -0.006 -1"><span class='ocrx_word' id='word_1_1' title='bbox 710 963 780 1030; x_wconf 76' lang='lat'><strong>106</strong></span> <span class='ocrx_word' id='word_1_2' title='bbox 1065 971 1272 1028; x_wconf 72' lang='lat' dir='ltr'><strong>nonnarum</strong></span> <span class='ocrx_word' id='word_1_3' title='bbox 1296 971 1516 1028; x_wconf 79' lang='lat' dir='ltr'><strong>runonronn</strong></span> 
     </span>
    </p>
   </div>
   <div class='ocr_carea' id='block_1_2' title="bbox 649 1117 1880 3379">
    <p class='ocr_par' dir='ltr' id='par_1_2' title="bbox 649 1117 1880 3379">
     <span class='ocr_line' id='line_1_2' title="bbox 706 1117 1877 1216; baseline -0.002 -20"><span class='ocrx_word' id='word_1_4' title='bbox 706 1119 952 1216; x_wconf 88' lang='lat' dir='ltr'><strong>cupiscibilem</strong></span> <span class='ocrx_word' id='word_1_5' title='bbox 979 1119 1017 1193; x_wconf 95' lang='lat' dir='ltr'><strong>in</strong></span> <span class='ocrx_word' id='word_1_6' title='bbox 1042 1124 1160 1216; x_wconf 88' lang='lat' dir='ltr'><strong>epate,</strong></span> <span class='ocrx_word' id='word_1_7' title='bbox 1185 1118 1403 1194; x_wconf 82' lang='lat' dir='ltr'><strong>irascibilem</strong></span> <span class='ocrx_word' id='word_1_8' title='bbox 1435 1118 1472 1192; x_wconf 97' lang='lat' dir='ltr'><strong>in</strong></span> <span class='ocrx_word' id='word_1_9' title='bbox 1502 1117 1596 1214; x_wconf 88' lang='lat' dir='ltr'><strong>lelle,</strong></span> <span class='ocrx_word' id='word_1_10' title='bbox 1623 1120 1877 1216; x_wconf 75' lang='lat' dir='ltr'><strong>generativam</strong></span> 
     </span>
     <span class='ocr_line' id='line_1_3' title="bbox 704 1238 1878 1336; baseline 0 -22"><span class='ocrx_word' id='word_1_11' title='bbox 704 1241 741 1314; x_wconf 89' lang='lat' dir='ltr'><strong>in</strong></span> <span class='ocrx_word' id='word_1_12' title='bbox 768 1239 962 1316; x_wconf 88' lang='lat' dir='ltr'><strong>testiculis:</strong></span> <span class='ocrx_word' id='word_1_13' title='bbox 988 1238 1052 1314; x_wconf 90' lang='lat' dir='ltr'><strong>sed</strong></span> <span class='ocrx_word' id='word_1_14' title='bbox 1077 1239 1283 1314; x_wconf 87' lang='lat' dir='ltr'><strong>secundum</strong></span> <span class='ocrx_word' id='word_1_15' title='bbox 1308 1238 1556 1336; x_wconf 67' lang='lat' dir='ltr'><strong>augustinum</strong></span> <span class='ocrx_word' id='word_1_16' title='bbox 1584 1259 1660 1315; x_wconf 90' lang='lat' dir='ltr'><strong>una</strong></span> <span class='ocrx_word' id='word_1_17' title='bbox 1687 1246 1724 1315; x_wconf 90' lang='lat' dir='ltr'><strong>ct</strong></span> <span class='ocrx_word' id='word_1_18' title='bbox 1749 1240 1878 1316; x_wconf 89' lang='lat' dir='ltr'><strong>eadem</strong></span> 
     </span>
     <span class='ocr_line' id='line_1_4' title="bbox 703 1358 1880 1457; baseline -0.001 -21"><span class='ocrx_word' id='word_1_19' title='bbox 703 1361 826 1436; x_wconf 86' lang='lat' dir='ltr'><strong>anima</strong></span> <span class='ocrx_word' id='word_1_20' title='bbox 853 1359 1037 1435; x_wconf 89' lang='lat' dir='ltr'><strong>rationalis</strong></span> <span class='ocrx_word' id='word_1_21' title='bbox 1061 1366 1118 1434; x_wconf 87' lang='lat' dir='ltr'><strong>est</strong></span> <span class='ocrx_word' id='word_1_22' title='bbox 1142 1379 1227 1452; x_wconf 88' lang='lat' dir='ltr'><strong>quae</strong></span> <span class='ocrx_word' id='word_1_23' title='bbox 1251 1358 1351 1452; x_wconf 92' lang='lat' dir='ltr'><strong>vivit,</strong></span> <span class='ocrx_word' id='word_1_24' title='bbox 1376 1358 1495 1452; x_wconf 83' lang='lat' dir='ltr'><strong>sentit,</strong></span> <span class='ocrx_word' id='word_1_25' title='bbox 1513 1366 1551 1434; x_wconf 89' lang='lat' dir='ltr'><strong>et</strong></span> <span class='ocrx_word' id='word_1_26' title='bbox 1576 1359 1763 1457; x_wconf 74' lang='lat' dir='ltr'><strong>intelligit,</strong></span> <span class='ocrx_word' id='word_1_27' title='bbox 1784 1359 1880 1435; x_wconf 87' lang='lat' dir='ltr'><strong>unde</strong></span> 
     </span>
     <span class='ocr_line' id='line_1_5' title="bbox 704 1478 1880 1576; baseline -0.003 -19"><span class='ocrx_word' id='word_1_28' title='bbox 704 1481 805 1557; x_wconf 87' lang='lat' dir='ltr'><strong>dicit:</strong></span> <span class='ocrx_word' id='word_1_29' title='bbox 831 1484 892 1555; x_wconf 82' lang='lat' dir='ltr'><strong>cte</strong></span> <span class='ocrx_word' id='word_1_30' title='bbox 916 1485 1005 1572; x_wconf 84' lang='lat' dir='ltr'><strong>vioe,</strong></span> <span class='ocrx_word' id='word_1_31' title='bbox 1030 1486 1211 1574; x_wconf 87' lang='lat' dir='ltr'><strong>quantum</strong></span> <span class='ocrx_word' id='word_1_32' title='bbox 1238 1478 1284 1554; x_wconf 87' lang='lat' dir='ltr'><strong>ad</strong></span> <span class='ocrx_word' id='word_1_33' title='bbox 1310 1478 1568 1576; x_wconf 75' lang='lat' dir='ltr'><strong>vegetativam.</strong></span> <span class='ocrx_word' id='word_1_34' title='bbox 1595 1480 1727 1556; x_wconf 75' lang='lat' dir='ltr'><strong>Anima</strong></span> <span class='ocrx_word' id='word_1_35' title='bbox 1747 1480 1880 1555; x_wconf 89' lang='lat' dir='ltr'><strong>dicitur</strong></span> 
     </span>
     <span class='ocr_line' id='line_1_6' title="bbox 704 1598 1878 1695; baseline -0.003 -17"><span class='ocrx_word' id='word_1_36' title='bbox 704 1603 831 1678; x_wconf 87' lang='lat' dir='ltr'><strong>vivere</strong></span> <span class='ocrx_word' id='word_1_37' title='bbox 856 1600 1052 1676; x_wconf 76' lang='lat' dir='ltr'><strong>causaliter</strong></span> <span class='ocrx_word' id='word_1_38' title='bbox 1071 1600 1159 1694; x_wconf 89' lang='lat' dir='ltr'><strong>qnia</strong></span> <span class='ocrx_word' id='word_1_39' title='bbox 1175 1607 1231 1674; x_wconf 84' lang='lat' dir='ltr'><strong>est</strong></span> <span class='ocrx_word' id='word_1_40' title='bbox 1250 1619 1362 1674; x_wconf 88' lang='lat' dir='ltr'><strong>causa</strong></span> <span class='ocrx_word' id='word_1_41' title='bbox 1381 1598 1476 1693; x_wconf 80' lang='lat' dir='ltr'><strong>vitae,</strong></span> <span class='ocrx_word' id='word_1_42' title='bbox 1494 1609 1532 1676; x_wconf 88' lang='lat' dir='ltr'><strong>et</strong></span> <span class='ocrx_word' id='word_1_43' title='bbox 1548 1598 1674 1674; x_wconf 91' lang='lat' dir='ltr'><strong>vivens</strong></span> <span class='ocrx_word' id='word_1_44' title='bbox 1690 1601 1728 1674; x_wconf 94' lang='lat' dir='ltr'><strong>in</strong></span> <span class='ocrx_word' id='word_1_45' title='bbox 1745 1620 1785 1675; x_wconf 92' lang='lat' dir='ltr'><strong>se</strong></span> <span class='ocrx_word' id='word_1_46' title='bbox 1801 1600 1878 1695; x_wconf 88' lang='lat' dir='ltr'><strong>ipsa</strong></span> 
     </span>
     <span class='ocr_line' id='line_1_7' title="bbox 706 1719 1877 1814; baseline -0.004 -17"><span class='ocrx_word' id='word_1_47' title='bbox 706 1722 800 1798; x_wconf 89' lang='lat' dir='ltr'><strong>sieut</strong></span> <span class='ocrx_word' id='word_1_48' title='bbox 818 1723 882 1795; x_wconf 84' lang='lat' dir='ltr'><strong>lux</strong></span> <span class='ocrx_word' id='word_1_49' title='bbox 899 1721 1032 1796; x_wconf 87' lang='lat' dir='ltr'><strong>dicitnr</strong></span> <span class='ocrx_word' id='word_1_50' title='bbox 1049 1719 1230 1794; x_wconf 88' lang='lat' dir='ltr'><strong>luminosa</strong></span> <span class='ocrx_word' id='word_1_51' title='bbox 1244 1725 1281 1794; x_wconf 91' lang='lat' dir='ltr'><strong>et</strong></span> <span class='ocrx_word' id='word_1_52' title='bbox 1294 1739 1406 1794; x_wconf 89' lang='lat' dir='ltr'><strong>causa</strong></span> <span class='ocrx_word' id='word_1_53' title='bbox 1423 1719 1587 1814; x_wconf 83' lang='lat' dir='ltr'><strong>luminis3</strong></span> <span class='ocrx_word' id='word_1_54' title='bbox 1602 1741 1621 1792; x_wconf 84' lang='lat' dir='ltr'><strong>e</strong></span> <span class='ocrx_word' id='word_1_55' title='bbox 1636 1726 1742 1811; x_wconf 75' lang='lat' dir='ltr'><strong>sene,</strong></span> <span class='ocrx_word' id='word_1_56' title='bbox 1756 1719 1877 1814; x_wconf 88' lang='lat' dir='ltr'><strong>quoad</strong></span> 
     </span>
     <span class='ocr_line' id='line_1_8' title="bbox 707 1836 1879 1937; baseline -0.002 -19"><span class='ocrx_word' id='word_1_57' title='bbox 707 1836 1108 1937; x_wconf 70' lang='lat' dir='ltr'><strong>sensitivam,ese*insi</strong></span> <span class='ocrx_word' id='word_1_58' title='bbox 1117 1843 1248 1930; x_wconf 80' lang='lat' dir='ltr'><strong>ripirc,</strong></span> <span class='ocrx_word' id='word_1_59' title='bbox 1258 1845 1438 1933; x_wconf 90' lang='lat' dir='ltr'><strong>quantum</strong></span> <span class='ocrx_word' id='word_1_60' title='bbox 1452 1839 1499 1914; x_wconf 87' lang='lat' dir='ltr'><strong>ad</strong></span> <span class='ocrx_word' id='word_1_61' title='bbox 1512 1840 1782 1934; x_wconf 89' lang='lat' dir='ltr'><strong>intellectivam,</strong></span> <span class='ocrx_word' id='word_1_62' title='bbox 1791 1840 1879 1934; x_wconf 86' lang='lat' dir='ltr'><strong>qnia</strong></span> 
     </span>
     <span class='ocr_line' id='line_1_9' title="bbox 706 1955 1878 2057; baseline -0.003 -21"><span class='ocrx_word' id='word_1_63' title='bbox 706 1964 911 2038; x_wconf 89' lang='lat' dir='ltr'><strong>intellectus</strong></span> <span class='ocrx_word' id='word_1_64' title='bbox 930 1961 1096 2057; x_wconf 82' lang='lat' dir='ltr'><strong>intelligit</strong></span> <span class='ocrx_word' id='word_1_65' title='bbox 1120 1960 1204 2054; x_wconf 88' lang='lat' dir='ltr'><strong>*se,</strong></span> <span class='ocrx_word' id='word_1_66' title='bbox 1231 1959 1324 2034; x_wconf 88' lang='lat' dir='ltr'><strong>sieut</strong></span> <span class='ocrx_word' id='word_1_67' title='bbox 1349 1959 1515 2057; x_wconf 80' lang='lat' dir='ltr'><strong>intelligit</strong></span> <span class='ocrx_word' id='word_1_68' title='bbox 1527 1961 1547 2006; x_wconf 84' lang='grc'>*</span> <span class='ocrx_word' id='word_1_69' title='bbox 1560 1955 1596 2054; x_wconf 80' lang='lat'><strong>(¹)</strong></span> <span class='ocrx_word' id='word_1_70' title='bbox 1615 1961 1704 2054; x_wconf 91' lang='lat' dir='ltr'><strong>alia;</strong></span> <span class='ocrx_word' id='word_1_71' title='bbox 1722 1961 1820 2036; x_wconf 91' lang='lat' dir='ltr'><strong>unde</strong></span> <span class='ocrx_word' id='word_1_72' title='bbox 1840 1960 1878 2034; x_wconf 96' lang='lat' dir='ltr'><strong>in</strong></span> 
     </span>
     <span class='ocr_line' id='line_1_10' title="bbox 706 2079 1879 2178; baseline -0.005 -20"><span class='ocrx_word' id='word_1_73' title='bbox 706 2083 787 2159; x_wconf 88' lang='lat' dir='ltr'><strong>eins</strong></span> <span class='ocrx_word' id='word_1_74' title='bbox 811 2081 1024 2178; x_wconf 86' lang='lat' dir='ltr'><strong>operatione</strong></span> <span class='ocrx_word' id='word_1_75' title='bbox 1041 2081 1118 2175; x_wconf 89' lang='lat' dir='ltr'><strong>ipse</strong></span> <span class='ocrx_word' id='word_1_76' title='bbox 1138 2086 1193 2154; x_wconf 90' lang='lat' dir='ltr'><strong>est</strong></span> <span class='ocrx_word' id='word_1_77' title='bbox 1211 2079 1428 2174; x_wconf 91' lang='lat' dir='ltr'><strong>principium</strong></span> <span class='ocrx_word' id='word_1_78' title='bbox 1455 2087 1493 2156; x_wconf 88' lang='lat' dir='ltr'><strong>et</strong></span> <span class='ocrx_word' id='word_1_79' title='bbox 1519 2080 1611 2178; x_wconf 89' lang='lat' dir='ltr'><strong>linis,</strong></span> <span class='ocrx_word' id='word_1_80' title='bbox 1629 2081 1688 2157; x_wconf 92' lang='lat' dir='ltr'><strong>vel</strong></span> <span class='ocrx_word' id='word_1_81' title='bbox 1708 2081 1777 2155; x_wconf 86' lang='lat' dir='ltr'><strong>hoc</strong></span> <span class='ocrx_word' id='word_1_82' title='bbox 1794 2079 1879 2154; x_wconf 87' lang='lat' dir='ltr'><strong>dicit</strong></span> 
     </span>
     <span class='ocr_line' id='line_1_11' title="bbox 706 2199 1875 2298; baseline -0.006 -21"><span class='ocrx_word' id='word_1_83' title='bbox 706 2203 792 2298; x_wconf 89' lang='lat' dir='ltr'><strong>quia</strong></span> <span class='ocrx_word' id='word_1_84' title='bbox 818 2208 941 2276; x_wconf 93' lang='lat' dir='ltr'><strong>motus</strong></span> <span class='ocrx_word' id='word_1_85' title='bbox 971 2200 1121 2275; x_wconf 90' lang='lat' dir='ltr'><strong>rationis</strong></span> <span class='ocrx_word' id='word_1_86' title='bbox 1145 2199 1310 2295; x_wconf 86' lang='lat' dir='ltr'><strong>procedit</strong></span> <span class='ocrx_word' id='word_1_87' title='bbox 1334 2219 1357 2274; x_wconf 98' lang='lat' dir='ltr'><strong>a</strong></span> <span class='ocrx_word' id='word_1_88' title='bbox 1382 2206 1552 2275; x_wconf 90' lang='lat' dir='ltr'><strong>creatore</strong></span> <span class='ocrx_word' id='word_1_89' title='bbox 1577 2199 1614 2274; x_wconf 94' lang='lat' dir='ltr'><strong>in</strong></span> <span class='ocrx_word' id='word_1_90' title='bbox 1641 2205 1875 2293; x_wconf 76' lang='lat' dir='ltr'><strong>creaturam,</strong></span> 
     </span>
     <span class='ocr_line' id='line_1_12' title="bbox 705 2319 1879 2400; baseline -0.005 -2"><span class='ocrx_word' id='word_1_91' title='bbox 705 2322 835 2398; x_wconf 86' lang='lat' dir='ltr'><strong>deinde</strong></span> <span class='ocrx_word' id='word_1_92' title='bbox 852 2343 875 2396; x_wconf 89' lang='lat' dir='ltr'><strong>a</strong></span> <span class='ocrx_word' id='word_1_93' title='bbox 892 2327 1064 2396; x_wconf 88' lang='lat' dir='ltr'><strong>creatura</strong></span> <span class='ocrx_word' id='word_1_94' title='bbox 1081 2321 1119 2394; x_wconf 94' lang='lat' dir='ltr'><strong>in</strong></span> <span class='ocrx_word' id='word_1_95' title='bbox 1132 2328 1340 2395; x_wconf 80' lang='lat' dir='ltr'><strong>creatorem</strong></span> <span class='ocrx_word' id='word_1_96' title='bbox 1357 2319 1595 2395; x_wconf 83' lang='lat' dir='ltr'><strong>circulariter.</strong></span> <span class='ocrx_word' id='word_1_97' title='bbox 1612 2319 1655 2392; x_wconf 80' lang='lat' dir='ltr'><strong>llt</strong></span> <span class='ocrx_word' id='word_1_98' title='bbox 1672 2319 1879 2400; x_wconf 76' lang='lat' dir='ltr'><strong>manifestat</strong></span> 
     </span>
     <span class='ocr_line' id='line_1_13' title="bbox 705 2437 1878 2536; baseline -0.007 -18"><span class='ocrx_word' id='word_1_99' title='bbox 705 2443 879 2519; x_wconf 90' lang='lat' dir='ltr'><strong>virtutem</strong></span> <span class='ocrx_word' id='word_1_100' title='bbox 897 2442 1000 2516; x_wconf 90' lang='lat' dir='ltr'><strong>istius</strong></span> <span class='ocrx_word' id='word_1_101' title='bbox 1016 2440 1150 2516; x_wconf 85' lang='lat' dir='ltr'><strong>animae</strong></span> <span class='ocrx_word' id='word_1_102' title='bbox 1167 2460 1234 2536; x_wconf 95' lang='lat' dir='ltr'><strong>per</strong></span> <span class='ocrx_word' id='word_1_103' title='bbox 1257 2460 1370 2514; x_wconf 91' lang='lat' dir='ltr'><strong>unam</strong></span> <span class='ocrx_word' id='word_1_104' title='bbox 1390 2439 1547 2514; x_wconf 87' lang='lat' dir='ltr'><strong>nobilem</strong></span> <span class='ocrx_word' id='word_1_105' title='bbox 1566 2437 1878 2534; x_wconf 85' lang='lat' dir='ltr'><strong>comparationem</strong></span> 
     </span>
     <span class='ocr_line' id='line_1_14' title="bbox 705 2561 1877 2656; baseline -0.006 -17"><span class='ocrx_word' id='word_1_106' title='bbox 705 2571 741 2639; x_wconf 90' lang='lat' dir='ltr'><strong>et</strong></span> <span class='ocrx_word' id='word_1_107' title='bbox 757 2564 909 2656; x_wconf 88' lang='lat' dir='ltr'><strong>claram,</strong></span> <span class='ocrx_word' id='word_1_108' title='bbox 926 2562 1070 2637; x_wconf 89' lang='lat' dir='ltr'><strong>dicens:</strong></span> <span class='ocrx_word' id='word_1_109' title='bbox 1095 2582 1115 2633; x_wconf 87' lang='lat' dir='ltr'><strong>e</strong></span> <span class='ocrx_word' id='word_1_110' title='bbox 1138 2563 1282 2653; x_wconf 82' lang='lat' dir='ltr'><strong>puordn</strong></span> <span class='ocrx_word' id='word_1_111' title='bbox 1298 2563 1325 2634; x_wconf 88' lang='lat' dir='ltr'><strong>il</strong></span> <span class='ocrx_word' id='word_1_112' title='bbox 1339 2562 1440 2633; x_wconf 84' lang='lat' dir='ltr'><strong>calor</strong></span> <span class='ocrx_word' id='word_1_113' title='bbox 1456 2562 1515 2634; x_wconf 86' lang='lat' dir='ltr'><strong>dcl</strong></span> <span class='ocrx_word' id='word_1_114' title='bbox 1527 2563 1585 2633; x_wconf 85' lang='lat' dir='ltr'><strong>sol</strong></span> <span class='ocrx_word' id='word_1_115' title='bbox 1597 2561 1658 2633; x_wconf 81' lang='lat' dir='ltr'><strong>cic</strong></span> <span class='ocrx_word' id='word_1_116' title='bbox 1674 2561 1761 2652; x_wconf 79' lang='lat' dir='ltr'><strong>niso</strong></span> <span class='ocrx_word' id='word_1_117' title='bbox 1781 2562 1877 2650; x_wconf 70' lang='lat' dir='ltr'><strong>mun,</strong></span> 
     </span>
     <span class='ocr_line' id='line_1_15' title="bbox 704 2678 1877 2776; baseline -0.003 -18"><span class='ocrx_word' id='word_1_118' title='bbox 704 2687 825 2776; x_wconf 75' lang='lat' dir='ltr'><strong>planto</strong></span> <span class='ocrx_word' id='word_1_119' title='bbox 849 2685 908 2756; x_wconf 89' lang='lat' dir='ltr'><strong>nll’</strong></span> <span class='ocrx_word' id='word_1_120' title='bbox 920 2703 1024 2755; x_wconf 84' lang='lat' dir='ltr'><strong>umor</strong></span> <span class='ocrx_word' id='word_1_121' title='bbox 1049 2684 1109 2755; x_wconf 85' lang='lat' dir='ltr'><strong>clle</strong></span> <span class='ocrx_word' id='word_1_122' title='bbox 1132 2683 1231 2756; x_wconf 85' lang='lat' dir='ltr'><strong>dalla</strong></span> <span class='ocrx_word' id='word_1_123' title='bbox 1257 2683 1322 2756; x_wconf 81' lang='lat' dir='ltr'><strong>vite</strong></span> <span class='ocrx_word' id='word_1_124' title='bbox 1346 2683 1438 2769; x_wconf 87' lang='lat' dir='ltr'><strong>cola,</strong></span> <span class='ocrx_word' id='word_1_125' title='bbox 1464 2679 1565 2775; x_wconf 86' lang='lat' dir='ltr'><strong>idest,</strong></span> <span class='ocrx_word' id='word_1_126' title='bbox 1593 2680 1741 2776; x_wconf 90' lang='lat' dir='ltr'><strong>quitali</strong></span> <span class='ocrx_word' id='word_1_127' title='bbox 1768 2678 1877 2754; x_wconf 89' lang='lat' dir='ltr'><strong>modo</strong></span> 
     </span>
     <span class='ocr_line' id='line_1_16' title="bbox 705 2800 1879 2896; baseline -0.004 -19"><span class='ocrx_word' id='word_1_128' title='bbox 705 2804 791 2879; x_wconf 89' lang='lat' dir='ltr'><strong>lacit</strong></span> <span class='ocrx_word' id='word_1_129' title='bbox 816 2803 943 2877; x_wconf 91' lang='lat' dir='ltr'><strong>vinum</strong></span> <span class='ocrx_word' id='word_1_130' title='bbox 970 2809 1045 2876; x_wconf 87' lang='lat' dir='ltr'><strong>tam</strong></span> <span class='ocrx_word' id='word_1_131' title='bbox 1073 2801 1292 2876; x_wconf 85' lang='lat' dir='ltr'><strong>mirabiliter·</strong></span> <span class='ocrx_word' id='word_1_132' title='bbox 1319 2807 1357 2876; x_wconf 87' lang='lat' dir='ltr'><strong>et</strong></span> <span class='ocrx_word' id='word_1_133' title='bbox 1382 2806 1568 2896; x_wconf 76' lang='lat' dir='ltr'><strong>potenter,</strong></span> <span class='ocrx_word' id='word_1_134' title='bbox 1595 2819 1681 2874; x_wconf 92' lang='lat' dir='ltr'><strong>nam</strong></span> <span class='ocrx_word' id='word_1_135' title='bbox 1707 2821 1755 2876; x_wconf 82' lang='lat' dir='ltr'><strong>en</strong></span> <span class='ocrx_word' id='word_1_136' title='bbox 1782 2800 1879 2876; x_wconf 88' lang='lat' dir='ltr'><strong>vilis·</strong></span> 
     </span>
     <span class='ocr_line' id='line_1_17' title="bbox 649 2921 1878 3016; baseline -0.003 -14"><span class='ocrx_word' id='word_1_137' title='bbox 649 2989 655 3002; x_wconf 83' lang='lat'><strong>.</strong></span> <span class='ocrx_word' id='word_1_138' title='bbox 705 2924 799 2998; x_wconf 86' lang='lat' dir='ltr'><strong>simo</strong></span> <span class='ocrx_word' id='word_1_139' title='bbox 824 2924 982 2998; x_wconf 88' lang='lat' dir='ltr'><strong>humore</strong></span> <span class='ocrx_word' id='word_1_140' title='bbox 1007 2923 1092 2997; x_wconf 88' lang='lat' dir='ltr'><strong>iacit</strong></span> <span class='ocrx_word' id='word_1_141' title='bbox 1116 2921 1382 2997; x_wconf 87' lang='lat' dir='ltr'><strong>nobilissimum</strong></span> <span class='ocrx_word' id='word_1_142' title='bbox 1413 2921 1605 3016; x_wconf 89' lang='lat' dir='ltr'><strong>liquorem.</strong></span> <span class='ocrx_word' id='word_1_143' title='bbox 1640 2922 1685 2996; x_wconf 83' lang='lat' dir='ltr'><strong>Et</strong></span> <span class='ocrx_word' id='word_1_144' title='bbox 1715 2921 1765 2996; x_wconf 90' lang='lat' dir='ltr'><strong>sic</strong></span> <span class='ocrx_word' id='word_1_145' title='bbox 1795 2922 1878 2998; x_wconf 88' lang='lat' dir='ltr'><strong>vide</strong></span> 
     </span>
     <span class='ocr_line' id='line_1_18' title="bbox 705 3040 1878 3138; baseline -0.003 -20"><span class='ocrx_word' id='word_1_146' title='bbox 705 3049 886 3138; x_wconf 87' lang='lat' dir='ltr'><strong>quantum</strong></span> <span class='ocrx_word' id='word_1_147' title='bbox 924 3042 1150 3137; x_wconf 89' lang='lat' dir='ltr'><strong>comparatio</strong></span> <span class='ocrx_word' id='word_1_148' title='bbox 1179 3042 1225 3115; x_wconf 89' lang='lat' dir='ltr'><strong>sit</strong></span> <span class='ocrx_word' id='word_1_149' title='bbox 1255 3040 1477 3137; x_wconf 89' lang='lat' dir='ltr'><strong>pulcerrima</strong></span> <span class='ocrx_word' id='word_1_150' title='bbox 1509 3046 1546 3116; x_wconf 90' lang='lat' dir='ltr'><strong>et</strong></span> <span class='ocrx_word' id='word_1_151' title='bbox 1578 3041 1748 3136; x_wconf 90' lang='lat' dir='ltr'><strong>propria:</strong></span> <span class='ocrx_word' id='word_1_152' title='bbox 1784 3041 1878 3116; x_wconf 90' lang='lat' dir='ltr'><strong>sient</strong></span> 
     </span>
     <span class='ocr_line' id='line_1_19' title="bbox 705 3159 1878 3255; baseline -0.003 -17"><span class='ocrx_word' id='word_1_153' title='bbox 705 3165 804 3238; x_wconf 90' lang='lat' dir='ltr'><strong>enim</strong></span> <span class='ocrx_word' id='word_1_154' title='bbox 837 3165 890 3238; x_wconf 90' lang='lat' dir='ltr'><strong>sol</strong></span> <span class='ocrx_word' id='word_1_155' title='bbox 920 3165 1044 3238; x_wconf 91' lang='lat' dir='ltr'><strong>calore</strong></span> <span class='ocrx_word' id='word_1_156' title='bbox 1075 3183 1144 3236; x_wconf 91' lang='lat' dir='ltr'><strong>suo</strong></span> <span class='ocrx_word' id='word_1_157' title='bbox 1178 3162 1262 3236; x_wconf 89' lang='lat' dir='ltr'><strong>iacit</strong></span> <span class='ocrx_word' id='word_1_158' title='bbox 1297 3161 1435 3255; x_wconf 94' lang='lat' dir='ltr'><strong>vinum,</strong></span> <span class='ocrx_word' id='word_1_159' title='bbox 1468 3160 1575 3234; x_wconf 90' lang='lat' dir='ltr'><strong>cuius</strong></span> <span class='ocrx_word' id='word_1_160' title='bbox 1606 3159 1759 3235; x_wconf 82' lang='lat' dir='ltr'><strong>enectus</strong></span> <span class='ocrx_word' id='word_1_161' title='bbox 1793 3166 1878 3234; x_wconf 93' lang='lat' dir='ltr'><strong>sunt</strong></span> 
     </span>
     <span class='ocr_line' id='line_1_20' title="bbox 706 3279 1878 3379; baseline -0.003 -22"><span class='ocrx_word' id='word_1_162' title='bbox 706 3283 831 3379; x_wconf 94' lang='lat' dir='ltr'><strong>optimi</strong></span> <span class='ocrx_word' id='word_1_163' title='bbox 857 3290 895 3358; x_wconf 90' lang='lat' dir='ltr'><strong>et</strong></span> <span class='ocrx_word' id='word_1_164' title='bbox 919 3283 1077 3378; x_wconf 84' lang='lat' dir='ltr'><strong>pessimi,</strong></span> <span class='ocrx_word' id='word_1_165' title='bbox 1103 3280 1202 3356; x_wconf 88' lang='lat' dir='ltr'><strong>unde</strong></span> <span class='ocrx_word' id='word_1_166' title='bbox 1236 3287 1368 3356; x_wconf 91' lang='lat' dir='ltr'><strong>natura</strong></span> <span class='ocrx_word' id='word_1_167' title='bbox 1395 3279 1468 3354; x_wconf 90' lang='lat' dir='ltr'><strong>vini</strong></span> <span class='ocrx_word' id='word_1_168' title='bbox 1494 3301 1516 3354; x_wconf 94' lang='lat' dir='ltr'><strong>a</strong></span> <span class='ocrx_word' id='word_1_169' title='bbox 1543 3279 1761 3374; x_wconf 89' lang='lat' dir='ltr'><strong>quibusdam</strong></span> <span class='ocrx_word' id='word_1_170' title='bbox 1787 3279 1878 3354; x_wconf 90' lang='lat' dir='ltr'><strong>assi·</strong></span> 
     </span>
    </p>
   </div>
   <div class='ocr_carea' id='block_1_3' title="bbox 706 3398 2027 3497">
    <p class='ocr_par' dir='ltr' id='par_1_3' title="bbox 706 3398 2027 3497">
     <span class='ocr_line' id='line_1_21' title="bbox 706 3398 2027 3497; baseline -0.002 -21"><span class='ocrx_word' id='word_1_171' title='bbox 706 3402 830 3477; x_wconf 86' lang='lat' dir='ltr'><strong>milata</strong></span> <span class='ocrx_word' id='word_1_172' title='bbox 848 3410 902 3477; x_wconf 88' lang='lat' dir='ltr'><strong>est</strong></span> <span class='ocrx_word' id='word_1_173' title='bbox 920 3402 1089 3497; x_wconf 70' lang='lat' dir='ltr'><strong>potentia&gt;</strong></span> <span class='ocrx_word' id='word_1_174' title='bbox 1105 3403 1290 3494; x_wconf 80' lang='lat' dir='ltr'><strong>Deorum3</strong></span> <span class='ocrx_word' id='word_1_175' title='bbox 1311 3400 1361 3474; x_wconf 92' lang='lat' dir='ltr'><strong>ita</strong></span> <span class='ocrx_word' id='word_1_176' title='bbox 1378 3399 1433 3474; x_wconf 89' lang='lat' dir='ltr'><strong>sol</strong></span> <span class='ocrx_word' id='word_1_177' title='bbox 1451 3405 1613 3474; x_wconf 88' lang='lat' dir='ltr'><strong>aeternus</strong></span> <span class='ocrx_word' id='word_1_178' title='bbox 1630 3398 1791 3474; x_wconf 88' lang='lat' dir='ltr'><strong>bonitate</strong></span> <span class='ocrx_word' id='word_1_179' title='bbox 1808 3420 1877 3474; x_wconf 88' lang='lat' dir='ltr'><strong>sua</strong></span> <span class='ocrx_word' id='word_1_180' title='bbox 2020 3473 2027 3482; x_wconf 77' lang='grc'><em>,</em></span> 
     </span>
    </p>
   </div>
   <div class='ocr_carea' id='block_1_4' title="bbox 702 3518 1877 4939">
    <p class='ocr_par' dir='ltr' id='par_1_4' title="bbox 702 3518 1877 4939">
     <span class='ocr_line' id='line_1_22' title="bbox 705 3518 1877 3616; baseline -0.006 -18"><span class='ocrx_word' id='word_1_181' title='bbox 705 3525 790 3600; x_wconf 86' lang='lat' dir='ltr'><strong>lacit</strong></span> <span class='ocrx_word' id='word_1_182' title='bbox 816 3525 977 3599; x_wconf 91' lang='lat' dir='ltr'><strong>animam</strong></span> <span class='ocrx_word' id='word_1_183' title='bbox 1006 3523 1236 3614; x_wconf 87' lang='lat' dir='ltr'><strong>rationalem,</strong></span> <span class='ocrx_word' id='word_1_184' title='bbox 1252 3521 1359 3596; x_wconf 90' lang='lat' dir='ltr'><strong>cuius</strong></span> <span class='ocrx_word' id='word_1_185' title='bbox 1379 3519 1608 3616; x_wconf 88' lang='lat' dir='ltr'><strong>operationes</strong></span> <span class='ocrx_word' id='word_1_186' title='bbox 1626 3524 1710 3593; x_wconf 91' lang='lat' dir='ltr'><strong>sunt</strong></span> <span class='ocrx_word' id='word_1_187' title='bbox 1729 3518 1877 3613; x_wconf 90' lang='lat' dir='ltr'><strong>optimae</strong></span> 
     </span>
     <span class='ocr_line' id='line_1_23' title="bbox 705 3638 1876 3741; baseline -0.005 -21"><span class='ocrx_word' id='word_1_188' title='bbox 705 3650 743 3721; x_wconf 92' lang='lat' dir='ltr'><strong>et</strong></span> <span class='ocrx_word' id='word_1_189' title='bbox 766 3645 943 3741; x_wconf 81' lang='lat' dir='ltr'><strong>pessimae.</strong></span> <span class='ocrx_word' id='word_1_190' title='bbox 969 3643 1073 3719; x_wconf 87' lang='lat' dir='ltr'><strong>Unde</strong></span> <span class='ocrx_word' id='word_1_191' title='bbox 1097 3651 1231 3718; x_wconf 86' lang='lat' dir='ltr'><strong>natura</strong></span> <span class='ocrx_word' id='word_1_192' title='bbox 1257 3642 1391 3716; x_wconf 83' lang='lat' dir='ltr'><strong>animae</strong></span> <span class='ocrx_word' id='word_1_193' title='bbox 1417 3647 1473 3716; x_wconf 90' lang='lat' dir='ltr'><strong>est</strong></span> <span class='ocrx_word' id='word_1_194' title='bbox 1497 3641 1603 3734; x_wconf 86' lang='lat' dir='ltr'><strong>quasi</strong></span> <span class='ocrx_word' id='word_1_195' title='bbox 1628 3640 1759 3735; x_wconf 89' lang='lat' dir='ltr'><strong>divina,</strong></span> <span class='ocrx_word' id='word_1_196' title='bbox 1790 3638 1876 3734; x_wconf 88' lang='lat' dir='ltr'><strong>quia</strong></span> 
     </span>
     <span class='ocr_line' id='line_1_24' title="bbox 704 3759 1875 3860; baseline -0.005 -21"><span class='ocrx_word' id='word_1_197' title='bbox 704 3771 761 3842; x_wconf 77' lang='lat' dir='ltr'><strong>cst</strong></span> <span class='ocrx_word' id='word_1_198' title='bbox 786 3765 890 3860; x_wconf 89' lang='lat' dir='ltr'><strong>quasi</strong></span> <span class='ocrx_word' id='word_1_199' title='bbox 917 3763 1105 3839; x_wconf 90' lang='lat' dir='ltr'><strong>resultatio</strong></span> <span class='ocrx_word' id='word_1_200' title='bbox 1129 3763 1222 3838; x_wconf 91' lang='lat' dir='ltr'><strong>lucis</strong></span> <span class='ocrx_word' id='word_1_201' title='bbox 1246 3769 1408 3855; x_wconf 83' lang='lat' dir='ltr'><strong>aeternae,</strong></span> <span class='ocrx_word' id='word_1_202' title='bbox 1433 3761 1508 3836; x_wconf 94' lang='lat' dir='ltr'><strong>imo</strong></span> <span class='ocrx_word' id='word_1_203' title='bbox 1543 3768 1599 3836; x_wconf 92' lang='lat' dir='ltr'><strong>est</strong></span> <span class='ocrx_word' id='word_1_204' title='bbox 1624 3760 1727 3855; x_wconf 89' lang='lat' dir='ltr'><strong>quasi</strong></span> <span class='ocrx_word' id='word_1_205' title='bbox 1752 3759 1875 3833; x_wconf 89' lang='lat' dir='ltr'><strong>omnia</strong></span> 
     </span>
     <span class='ocr_line' id='line_1_25' title="bbox 705 3879 1876 3979; baseline -0.007 -19"><span class='ocrx_word' id='word_1_206' title='bbox 705 3892 747 3960; x_wconf 90' lang='lat' dir='ltr'><strong>ut</strong></span> <span class='ocrx_word' id='word_1_207' title='bbox 771 3885 889 3979; x_wconf 89' lang='lat' dir='ltr'><strong>inquit</strong></span> <span class='ocrx_word' id='word_1_208' title='bbox 914 3883 1143 3958; x_wconf 87' lang='lat' dir='ltr'><strong>Themistius.</strong></span> <span class='ocrx_word' id='word_1_209' title='bbox 1176 3885 1220 3957; x_wconf 89' lang='lat' dir='ltr'><strong>Et</strong></span> <span class='ocrx_word' id='word_1_210' title='bbox 1251 3883 1356 3957; x_wconf 89' lang='lat' dir='ltr'><strong>dicit:</strong></span> <span class='ocrx_word' id='word_1_211' title='bbox 1382 3879 1513 3976; x_wconf 71' lang='lat' dir='ltr'><strong>percle*</strong></span> <span class='ocrx_word' id='word_1_212' title='bbox 1541 3902 1641 3954; x_wconf 77' lang='lat' dir='ltr'><strong>mano</strong></span> <span class='ocrx_word' id='word_1_213' title='bbox 1673 3882 1816 3954; x_wconf 85' lang='lat' dir='ltr'><strong>ommtrl</strong></span> <span class='ocrx_word' id='word_1_214' title='bbox 1840 3881 1876 3952; x_wconf 87' lang='lat' dir='ltr'><strong>lo</strong></span> 
     </span>
     <span class='ocr_line' id='line_1_26' title="bbox 702 4001 1874 4100; baseline -0.007 -21"><span class='ocrx_word' id='word_1_215' title='bbox 702 4008 856 4100; x_wconf 87' lang='lat' dir='ltr'><strong>poroto,·</strong></span> <span class='ocrx_word' id='word_1_216' title='bbox 873 4005 959 4098; x_wconf 86' lang='lat' dir='ltr'><strong>quia</strong></span> <span class='ocrx_word' id='word_1_217' title='bbox 977 4025 1068 4080; x_wconf 90' lang='lat' dir='ltr'><strong>vere</strong></span> <span class='ocrx_word' id='word_1_218' title='bbox 1083 4023 1209 4078; x_wconf 91' lang='lat' dir='ltr'><strong>sermo</strong></span> <span class='ocrx_word' id='word_1_219' title='bbox 1226 4010 1281 4078; x_wconf 90' lang='lat' dir='ltr'><strong>est</strong></span> <span class='ocrx_word' id='word_1_220' title='bbox 1298 4003 1343 4078; x_wconf 87' lang='lat' dir='ltr'><strong>da</strong></span> <span class='ocrx_word' id='word_1_221' title='bbox 1368 4022 1410 4076; x_wconf 88' lang='lat' dir='ltr'><strong>re</strong></span> <span class='ocrx_word' id='word_1_222' title='bbox 1430 4001 1597 4076; x_wconf 90' lang='lat' dir='ltr'><strong>mirabili.</strong></span> <span class='ocrx_word' id='word_1_223' title='bbox 1612 4007 1704 4074; x_wconf 85' lang='lat' dir='ltr'><strong>-E</strong></span> <span class='ocrx_word' id='word_1_224' title='bbox 1721 4002 1874 4092; x_wconf 84' lang='lat' dir='ltr'><strong>quondo.</strong></span> 
     </span>
     <span class='ocr_line' id='line_1_27' title="bbox 704 4118 1876 4221; baseline -0.009 -19"><span class='ocrx_word' id='word_1_225' title='bbox 704 4127 769 4202; x_wconf 89' lang='lat' dir='ltr'><strong>llic</strong></span> <span class='ocrx_word' id='word_1_226' title='bbox 802 4125 936 4200; x_wconf 89' lang='lat' dir='ltr'><strong>Statius</strong></span> <span class='ocrx_word' id='word_1_227' title='bbox 968 4125 1085 4221; x_wconf 87' lang='lat' dir='ltr'><strong>posita</strong></span> <span class='ocrx_word' id='word_1_228' title='bbox 1117 4123 1357 4219; x_wconf 88' lang='lat' dir='ltr'><strong>productione</strong></span> <span class='ocrx_word' id='word_1_229' title='bbox 1392 4120 1525 4196; x_wconf 87' lang='lat' dir='ltr'><strong>animae</strong></span> <span class='ocrx_word' id='word_1_230' title='bbox 1558 4119 1741 4195; x_wconf 91' lang='lat' dir='ltr'><strong>rationalis</strong></span> <span class='ocrx_word' id='word_1_231' title='bbox 1776 4118 1876 4213; x_wconf 91' lang='lat' dir='ltr'><strong>ponit</strong></span> 
     </span>
     <span class='ocr_line' id='line_1_28' title="bbox 704 4240 1875 4342; baseline -0.007 -21"><span class='ocrx_word' id='word_1_232' title='bbox 704 4247 800 4322; x_wconf 89' lang='lat' dir='ltr'><strong>illius</strong></span> <span class='ocrx_word' id='word_1_233' title='bbox 825 4247 1092 4342; x_wconf 86' lang='lat' dir='ltr'><strong>separationem</strong></span> <span class='ocrx_word' id='word_1_234' title='bbox 1117 4265 1141 4319; x_wconf 87' lang='lat' dir='ltr'><strong>a</strong></span> <span class='ocrx_word' id='word_1_235' title='bbox 1166 4263 1322 4339; x_wconf 87' lang='lat' dir='ltr'><strong>corpore</strong></span> <span class='ocrx_word' id='word_1_236' title='bbox 1347 4241 1488 4338; x_wconf 88' lang='lat' dir='ltr'><strong>poetice</strong></span> <span class='ocrx_word' id='word_1_237' title='bbox 1512 4240 1655 4316; x_wconf 89' lang='lat' dir='ltr'><strong>dicens:</strong></span> <span class='ocrx_word' id='word_1_238' title='bbox 1682 4242 1875 4332; x_wconf 80' lang='lat' dir='ltr'><strong>Epunndo</strong></span> 
     </span>
     <span class='ocr_line' id='line_1_29' title="bbox 704 4355 1875 4459; baseline -0.006 -18"><span class='ocrx_word' id='word_1_239' title='bbox 704 4369 865 4441; x_wconf 79' lang='lat' dir='ltr'><strong>Luctaris</strong></span> <span class='ocrx_word' id='word_1_240' title='bbox 893 4387 966 4439; x_wconf 84' lang='lat' dir='ltr'><strong>non</strong></span> <span class='ocrx_word' id='word_1_241' title='bbox 995 4368 1042 4438; x_wconf 81' lang='lat' dir='ltr'><strong>lta</strong></span> <span class='ocrx_word' id='word_1_242' title='bbox 1071 4355 1142 4459; x_wconf 80' lang='lat' dir='ltr'><strong>piri</strong></span> <span class='ocrx_word' id='word_1_243' title='bbox 1162 4365 1202 4436; x_wconf 85' lang='lat' dir='ltr'><strong>di</strong></span> <span class='ocrx_word' id='word_1_244' title='bbox 1229 4365 1314 4454; x_wconf 84' lang='lat' dir='ltr'><strong>lino,</strong></span> <span class='ocrx_word' id='word_1_245' title='bbox 1354 4361 1452 4456; x_wconf 87' lang='lat' dir='ltr'><strong>quod</strong></span> <span class='ocrx_word' id='word_1_246' title='bbox 1484 4365 1539 4435; x_wconf 89' lang='lat' dir='ltr'><strong>est</strong></span> <span class='ocrx_word' id='word_1_247' title='bbox 1571 4359 1710 4453; x_wconf 86' lang='lat' dir='ltr'><strong>dicere,</strong></span> <span class='ocrx_word' id='word_1_248' title='bbox 1743 4359 1875 4434; x_wconf 88' lang='lat' dir='ltr'><strong>deinde</strong></span> 
     </span>
     <span class='ocr_line' id='line_1_30' title="bbox 703 4480 1875 4582; baseline -0.007 -20"><span class='ocrx_word' id='word_1_249' title='bbox 703 4487 851 4582; x_wconf 86' lang='lat' dir='ltr'><strong>quando</strong></span> <span class='ocrx_word' id='word_1_250' title='bbox 876 4487 950 4561; x_wconf 89' lang='lat' dir='ltr'><strong>vita</strong></span> <span class='ocrx_word' id='word_1_251' title='bbox 975 4485 1133 4559; x_wconf 89' lang='lat' dir='ltr'><strong>hominis</strong></span> <span class='ocrx_word' id='word_1_252' title='bbox 1159 4490 1214 4558; x_wconf 91' lang='lat' dir='ltr'><strong>est</strong></span> <span class='ocrx_word' id='word_1_253' title='bbox 1239 4483 1339 4557; x_wconf 88' lang='lat' dir='ltr'><strong>linita</strong></span> <span class='ocrx_word' id='word_1_254' title='bbox 1355 4506 1363 4554; x_wconf 90' lang='lat'>:</span> <span class='ocrx_word' id='word_1_255' title='bbox 1382 4481 1452 4556; x_wconf 87' lang='lat' dir='ltr'><strong>tria</strong></span> <span class='ocrx_word' id='word_1_256' title='bbox 1473 4480 1571 4556; x_wconf 89' lang='lat' dir='ltr'><strong>euim</strong></span> <span class='ocrx_word' id='word_1_257' title='bbox 1593 4482 1666 4556; x_wconf 88' lang='lat' dir='ltr'><strong>lata</strong></span> <span class='ocrx_word' id='word_1_258' title='bbox 1687 4485 1875 4575; x_wconf 92' lang='lat' dir='ltr'><strong>ponuntur</strong></span> 
     </span>
     <span class='ocr_line' id='line_1_31' title="bbox 702 4599 1874 4703; baseline -0.009 -21"><span class='ocrx_word' id='word_1_259' title='bbox 702 4629 724 4682; x_wconf 93' lang='lat' dir='ltr'><strong>a</strong></span> <span class='ocrx_word' id='word_1_260' title='bbox 749 4607 877 4703; x_wconf 90' lang='lat' dir='ltr'><strong>poetis,</strong></span> <span class='ocrx_word' id='word_1_261' title='bbox 901 4606 948 4680; x_wconf 87' lang='lat' dir='ltr'><strong>de</strong></span> <span class='ocrx_word' id='word_1_262' title='bbox 974 4605 1108 4700; x_wconf 87' lang='lat' dir='ltr'><strong>quibus</strong></span> <span class='ocrx_word' id='word_1_263' title='bbox 1134 4602 1234 4678; x_wconf 90' lang='lat' dir='ltr'><strong>clare</strong></span> <span class='ocrx_word' id='word_1_264' title='bbox 1259 4600 1332 4675; x_wconf 83' lang='lat' dir='ltr'><strong>dixi</strong></span> <span class='ocrx_word' id='word_1_265' title='bbox 1358 4622 1470 4696; x_wconf 88' lang='lat' dir='ltr'><strong>supra</strong></span> <span class='ocrx_word' id='word_1_266' title='bbox 1496 4601 1653 4696; x_wconf 91' lang='lat' dir='ltr'><strong>capitulo</strong></span> <span class='ocrx_word' id='word_1_267' title='bbox 1673 4599 1764 4674; x_wconf 87' lang='lat' dir='ltr'><strong>Xlll.</strong></span> <span class='ocrx_word' id='word_1_268' title='bbox 1792 4599 1874 4674; x_wconf 87' lang='lat' dir='ltr'><strong>Cal-</strong></span> 
     </span>
     <span class='ocr_line' id='line_1_32' title="bbox 703 4719 1874 4818; baseline -0.009 -16"><span class='ocrx_word' id='word_1_269' title='bbox 703 4727 817 4803; x_wconf 86' lang='lat' dir='ltr'><strong>cidius</strong></span> <span class='ocrx_word' id='word_1_270' title='bbox 842 4746 932 4800; x_wconf 91' lang='lat' dir='ltr'><strong>vero</strong></span> <span class='ocrx_word' id='word_1_271' title='bbox 957 4729 1229 4800; x_wconf 89' lang='lat' dir='ltr'><strong>commentator</strong></span> <span class='ocrx_word' id='word_1_272' title='bbox 1248 4742 1360 4818; x_wconf 92' lang='lat' dir='ltr'><strong>super</strong></span> <span class='ocrx_word' id='word_1_273' title='bbox 1378 4722 1559 4817; x_wconf 87' lang='lat' dir='ltr'><strong>Tymeum</strong></span> <span class='ocrx_word' id='word_1_274' title='bbox 1577 4719 1746 4814; x_wconf 85' lang='lat' dir='ltr'><strong>Platonis,</strong></span> <span class='ocrx_word' id='word_1_275' title='bbox 1767 4719 1874 4794; x_wconf 81' lang='lat' dir='ltr'><strong>utcu:</strong></span> 
     </span>
     <span class='ocr_line' id='line_1_33' title="bbox 702 4839 1873 4939; baseline -0.007 -19"><span class='ocrx_word' id='word_1_276' title='bbox 702 4847 818 4920; x_wconf 89' lang='lat' dir='ltr'><strong>iatum</strong></span> <span class='ocrx_word' id='word_1_277' title='bbox 843 4844 997 4919; x_wconf 89' lang='lat' dir='ltr'><strong>dicimus</strong></span> <span class='ocrx_word' id='word_1_278' title='bbox 1031 4864 1077 4919; x_wconf 83' lang='lat' dir='ltr'><strong>en</strong></span> <span class='ocrx_word' id='word_1_279' title='bbox 1103 4843 1330 4939; x_wconf 89' lang='lat' dir='ltr'><strong>providentia</strong></span> <span class='ocrx_word' id='word_1_280' title='bbox 1354 4842 1444 4935; x_wconf 89' lang='lat' dir='ltr'><strong>lore,</strong></span> <span class='ocrx_word' id='word_1_281' title='bbox 1472 4862 1545 4915; x_wconf 91' lang='lat' dir='ltr'><strong>non</strong></span> <span class='ocrx_word' id='word_1_282' title='bbox 1570 4839 1796 4936; x_wconf 88' lang='lat' dir='ltr'><strong>providentia</strong></span> <span class='ocrx_word' id='word_1_283' title='bbox 1827 4859 1873 4914; x_wconf 85' lang='lat' dir='ltr'><strong>ex</strong></span> 
     </span>
    </p>
   </div>
   <div class='ocr_carea' id='block_1_5' title="bbox 765 5102 1609 5171">
    <p class='ocr_par' dir='ltr' id='par_1_5' title="bbox 765 5102 1609 5171">
     <span class='ocr_line' id='line_1_34' title="bbox 765 5102 1609 5171; baseline -0.007 -13"><span class='ocrx_word' id='word_1_284' title='bbox 765 5109 793 5171; x_wconf 84' lang='lat'><strong>(¹)</strong></span> <span class='ocrx_word' id='word_1_285' title='bbox 808 5108 845 5158; x_wconf 85' lang='lat' dir='ltr'><strong>Le</strong></span> <span class='ocrx_word' id='word_1_286' title='bbox 860 5105 949 5170; x_wconf 82' lang='lat' dir='ltr'><strong>parole</strong></span> <span class='ocrx_word' id='word_1_287' title='bbox 965 5105 1006 5156; x_wconf 82' lang='lat' dir='ltr'><strong>ira</strong></span> <span class='ocrx_word' id='word_1_288' title='bbox 1022 5107 1030 5156; x_wconf 90' lang='lat' dir='ltr'><strong>l</strong></span> <span class='ocrx_word' id='word_1_289' title='bbox 1047 5106 1097 5156; x_wconf 84' lang='lat' dir='ltr'><strong>dne</strong></span> <span class='ocrx_word' id='word_1_290' title='bbox 1113 5105 1247 5156; x_wconf 84' lang='lat' dir='ltr'><strong>asterischi</strong></span> <span class='ocrx_word' id='word_1_291' title='bbox 1263 5118 1309 5156; x_wconf 78' lang='lat' dir='ltr'><strong>rou</strong></span> <span class='ocrx_word' id='word_1_292' title='bbox 1325 5103 1369 5154; x_wconf 82' lang='lat' dir='ltr'><strong>del</strong></span> <span class='ocrx_word' id='word_1_293' title='bbox 1384 5102 1477 5154; x_wconf 83' lang='lat' dir='ltr'><strong>Codice</strong></span> <span class='ocrx_word' id='word_1_294' title='bbox 1492 5103 1609 5154; x_wconf 61' lang='lat' dir='ltr'><strong>linteum</strong></span> 
     </span>
    </p>
   </div>
   <div class='ocr_carea' id='block_1_6' title="bbox 0 0 2292 6838">
    <p class='ocr_par' dir='ltr' id='par_1_6' title="bbox 0 0 2292 6838">
     <span class='ocr_line' id='line_1_35' title="bbox 0 0 2292 6838; baseline 0 0"><span class='ocrx_word' id='word_1_295' title='bbox 0 0 2292 6838; x_wconf 95' lang='lat' dir='ltr'><strong> </strong></span> 
     </span>
    </p>
   </div>
  </div>
 </body>
</html>
