4575 6842
713 961 851 1021 murus
876 967 1068 1023 vidissimus
1092 967 1269 1033 Quaeres.
1530 955 1576 1022 87

477 1111 556 1202 Pol,
572 1111 775 1200 ratlarpati.
794 1109 926 1198 Quinta
953 1116 990 1186 el
1015 1110 1146 1186 ultima
1166 1110 1344 1205 particula
1362 1112 1523 1208 capituli,
1541 1111 1580 1185 in

403 1249 478 1324 qna
504 1236 611 1324 poeta
636 1235 760 1304 noster
785 1229 943 1305 ostendit
966 1230 1125 1324 qualiter
1150 1237 1330 1327 purgatus
1355 1231 1466 1307 luerit
1490 1232 1579 1307 vitio

401 1349 500 1447 gulae
524 1350 573 1424 ab
597 1350 740 1445 angelo.
758 1350 803 1423 et
819 1350 938 1445 primo
958 1351 1130 1428 describit
1151 1372 1284 1427 novam
1305 1351 1577 1449 dispositionem

403 1470 568 1566 ipsorum
594 1469 719 1563 trium,
746 1469 894 1565 scilicet,
920 1492 1094 1568 magnam
1122 1477 1160 1548 et
1190 1473 1340 1568 longam
1370 1473 1577 1549 meditatio·

404 1611 501 1668 nem.
520 1589 621 1666 Unde
649 1589 754 1665 dicit:
780 1595 856 1664 Bru
873 1594 964 1666 molle
978 1595 1077 1685 possi
1092 1614 1111 1664 e
1122 1587 1187 1686 piel
1210 1595 1243 1666 ο·
1263 1599 1466 1686 pormmmo
1491 1595 1581 1667 oltra

398 1714 475 1805 poi,
501 1709 606 1805 quasi
630 1709 745 1785 dicat:
772 1709 907 1786 ivimus
933 1713 1128 1808 piusquam
1157 1733 1273 1787 unum
1300 1713 1456 1788 milliare
1481 1719 1582 1808 post-

404 1852 518 1926 quam
543 1830 753 1906 audivimus
777 1831 857 1907 illas
878 1852 1000 1928 voces,
1021 1836 1225 1926 rallarpati,
1246 1834 1334 1929 quia
1350 1833 1416 1908 ubi
1432 1832 1581 1909 ibamus

403 1952 524 2048 primo
549 1951 664 2027 stricti
688 1950 736 2026 ad
761 1951 880 2049 ripam
904 1954 1019 2029 altam
1043 1953 1190 2047 montis,
1212 1953 1413 2029 redivimus
1430 1952 1477 2028 ad
1498 1972 1582 2027 me·

403 2071 503 2146 diam
529 2071 626 2148 viam
652 2071 875 2148 dimittentes
899 2073 1074 2148 arborem
1100 2080 1182 2169 post
1207 2080 1313 2170 terga
1337 2079 1487 2168 nostra3
1514 2091 1582 2147 nos

404 2191 497 2286 dico,
528 2195 793 2286 corumplondo
828 2197 966 2268 clasem
996 2215 1106 2268 senza
1134 2197 1279 2286 parole.
1313 2195 1357 2268 Et
1390 2193 1450 2268 bic
1482 2200 1582 2286 nola,

376 2315 530 2410 doctor,
557 2313 657 2408 quod
681 2319 792 2388 autor
818 2334 891 2390 non
916 2314 994 2390 sine
1019 2334 1132 2389 causa
1159 2319 1196 2390 et
1220 2315 1299 2389 sine
1317 2334 1452 2410 magno
1470 2312 1580 2387 mini·

404 2433 517 2509 sterio
543 2432 644 2530 lingit
666 2432 765 2528 quod
783 2434 915 2510 iverint
933 2439 1077 2510 motum
1094 2434 1270 2508 abstracti
1286 2433 1365 2508 sine
1381 2433 1579 2527 locutione,

407 2573 494 2628 cum
521 2559 642 2628 essent
668 2559 743 2629 tres
768 2554 1057 2649 eloquentissimi
1081 2565 1210 2651 poete,
1232 2553 1300 2628 nisi
1315 2553 1417 2648 quod
1436 2574 1581 2650 praepa-

409 2672 540 2748 rabant
565 2674 711 2771 ingenia
736 2673 783 2750 ad
813 2675 1006 2771 materiam
1037 2675 1225 2770 sequentis
1255 2674 1403 2770 capituli
1431 2675 1583 2750 investi·

409 2792 581 2890 gandam,
616 2814 701 2886 quae
734 2795 1013 2890 profundissima
1053 2802 1119 2891 est,
1157 2795 1207 2871 ita
1247 2795 1346 2890 quod
1382 2795 1429 2870 ad
1467 2794 1581 2892 ipsam

410 2913 663 2990 elucidandam
697 2914 960 2990 laboraverunt
990 2915 1101 2990 simul
1132 2923 1219 3011 tres,
1252 2915 1387 2991 scilicet
1412 2916 1584 3013 Virgilius

410 3034 599 3128 naturalis,
617 3034 753 3111 Statius
778 3036 938 3130 moraliS,
960 3043 998 3112 et
1013 3037 1150 3111 Dantes
1174 3036 1339 3111 divinus:
1357 3057 1442 3110 uam
1464 3056 1583 3132 pauca

412 3154 571 3250 capitula
594 3155 758 3230 invenies
783 3155 820 3230 in
847 3162 922 3231 loto
948 3163 1119 3253 mamete
1137 3176 1225 3251 quae
1240 3157 1400 3231 babeant
1416 3155 1497 3251 plns
1514 3156 1584 3230 dii-

409 3272 590 3349 licullalis.
617 3275 660 3348 Et
685 3274 807 3349 subdit
832 3296 965 3351 noram
992 3297 1121 3352 vocem
1154 3276 1317 3352 auditam
1347 3296 1460 3371 super
1485 3297 1581 3351 nova

409 3394 699 3472 consideratione
723 3415 867 3492 eorum,
885 3396 1028 3472 dicens:
1048 3399 1161 3472 sabim
1182 3419 1276 3492 voce,
1296 3417 1381 3491 quae
1402 3417 1475 3472 non
1496 3417 1585 3492 pro·

410 3515 562 3590 cedebat
579 3514 628 3589 ab
643 3516 779 3592 arbore
792 3515 886 3592 sicut
899 3517 1158 3613 precedentes,
1171 3517 1236 3593 sed
1252 3519 1300 3592 ab
1317 3517 1462 3615 angelo,
1475 3520 1585 3592 dosa:

409 3637 469 3710 obe
493 3637 623 3710 andulo
645 3639 829 3728 pensando
851 3629 883 3710 sl
908 3641 966 3711 oot‘
981 3645 1035 3712 tre
1050 3641 1147 3711 soli?
1164 3637 1268 3732 quasi
1282 3630 1321 3731 (¹)
1339 3637 1447 3713 tacite
1468 3638 1584 3735 tangit

411 3777 554 3850 eorum,
573 3756 676 3832 velut
700 3757 729 3830 si
754 3756 910 3832 diceret:
930 3757 998 3834 isla
1016 3757 1171 3833 materia
1188 3779 1262 3832 non
1280 3757 1348 3832 luit
1368 3759 1476 3853 plene
1495 3765 1582 3834 nola

410 3875 631 3972 pbilosophis
656 3884 693 3952 et
718 3877 858 3972 poetis;
884 3877 966 3953 ideo
991 3877 1093 3953 dicit:
1120 3879 1203 3952 ond'
1215 3880 1251 3949 io
1270 3880 1320 3950 mi
1341 3880 1461 3970 scossi,
1479 3875 1584 3972 idest,

414 4003 537 4071 motus
562 4003 599 4072 et
624 3997 796 4072 turbatus
821 4017 917 4092 sum,
939 4003 1018 4070 tum
1046 3996 1131 4092 quia
1159 4017 1232 4070 vox
1257 3996 1327 4070 luit
1351 3996 1482 4091 subita,
1502 4002 1584 4070 tum

414 4117 502 4213 quia
528 4138 601 4194 non
626 4117 703 4193 visa
728 4123 784 4194 est
809 4118 984 4212 bumana,
1001 4139 1024 4192 a
1041 4117 1160 4211 simili,
1177 4137 1274 4191 corae
1290 4121 1358 4211 sua
1374 4117 1476 4192 bestie
1498 4137 1585 4210 spa-

411 4243 546 4312 oealale
570 4241 737 4331 opoltro,
762 4237 865 4331 idest,
891 4237 1012 4332 pullae,
1038 4236 1143 4331 quasi
1169 4236 1283 4312 dicat:
1310 4257 1414 4312 eram
1436 4237 1586 4333 juvenis

404 4364 451 4434 ‘el
475 4379 605 4453 novus,
626 4357 689 4433 ubi
710 4357 798 4432 socii
823 4357 896 4432 mei
923 4363 1028 4433 erant
1053 4357 1194 4452 antiqui
1219 4364 1258 4432 et
1282 4358 1399 4454 magis
1424 4358 1583 4453 experti:

413 4477 494 4554 ideo
519 4477 746 4574 comparatio
771 4483 827 4553 est
858 4477 944 4552 satis
977 4477 1124 4573 propria
1153 4478 1200 4552 de
1231 4497 1272 4552 se
1296 4477 1343 4553 ad
1368 4477 1521 4572 pullum.
1536 4515 1586 4530 -

413 4601 576 4672 Dra'zzur'.
602 4599 667 4675 Hic
693 4605 799 4694 poeta
825 4598 996 4674 describit
1020 4597 1140 4693 ipsum
1171 4598 1346 4694 angelum
1372 4596 1585 4690 loquentem

415 4726 453 4798 el
476 4721 693 4817 dirigentem
719 4741 803 4815 eos3
827 4719 923 4794 unde
947 4718 1052 4794 dicit:
1071 4720 1224 4792 szzui
1239 4720 1276 4791 lo
1293 4725 1392 4808 esta,
1408 4717 1512 4811 idest,
1533 4715 1589 4791 vi-

415 4863 497 4917 sum
533 4842 828 4936 intellectualem,
856 4861 923 4934 per
954 4842 1059 4914 ceder
1088 4841 1143 4913 clii
1169 4841 1271 4934 sossi,
1301 4839 1447 4934 scilicet,
1477 4843 1587 4912 autor

479 5106 506 5170 (ι)
523 5109 577 5168 11⁷,
594 5105 667 5170 quasi
683 5105 760 5156 netu
776 5103 858 5168 tangil
872 5103 1004 5155 eoa-E.
1019 5103 1090 5169 qnod
1106 5102 1183 5154 indta
1199 5103 1281 5167 unul
1295 5115 1349 5154 eor.
