4575 6842
727 959 796 1026 1⁰8
1083 972 1287 1029 coucuuuu
1312 951 1530 1032 ruaulronn

725 1126 889 1193 mentum
915 1116 1154 1212 corporisne
1187 1126 1272 1211 otto,
1302 1119 1406 1213 idest,
1431 1119 1633 1196 actualiter.
1665 1120 1766 1196 Sicut
1791 1120 1888 1198 euim

722 1257 796 1310 nou
820 1236 1030 1312 debilitatur
1055 1239 1113 1312 vel
1139 1238 1260 1314 delicit
1277 1246 1389 1314 naula
1408 1259 1503 1315 nave
1520 1238 1704 1316 destructa
1726 1241 1785 1314 vel
1804 1257 1893 1317 oon·

721 1357 849 1451 tracta,
874 1357 985 1432 scisse
1009 1359 1067 1432 rel
1095 1352 1362 1453 inveterata(¹)‚
1384 1360 1433 1435 ita
1460 1360 1583 1436 anima
1602 1368 1715 1436 exuta
1741 1380 1897 1454 corporo

722 1477 832 1553 babet
857 1478 953 1552 vires
977 1499 1075 1573 suas,
1102 1478 1186 1556 licet
1211 1499 1284 1554 uon
1310 1486 1437 1555 utatur
1461 1482 1645 1578 organice,
1667 1503 1741 1557 nou
1769 1489 1893 1556 tamen

723 1605 891 1674 remanet
915 1599 1042 1693 otiosa,
1069 1600 1144 1673 imo
1171 1601 1302 1676 retinet
1328 1600 1425 1676 vires
1448 1601 1688 1678 intellectives
1710 1601 1838 1678 lortius
1855 1605 1892 1674 et

722 1721 927 1816 perfectius.
954 1721 998 1792 Et
1028 1720 1132 1794 dicit:
1167 1725 1188 1794 l'
1202 1725 1292 1795 altre
1318 1726 1476 1814 potencie
1507 1729 1587 1798 tutte
1619 1731 1746 1814 quante
1779 1728 1894 1814 ntum

723 1841 861 1936 supple,
887 1840 1175 1934 remanentibus,
1207 1840 1301 1916 sicut
1331 1842 1424 1936 visu,
1454 1843 1595 1936 auditu,
1626 1863 1767 1936 somno,
1801 1840 1893 1937 vigi-

723 1961 770 2035 lia
791 1965 1049 2035 etc-Senzo.
1068 1961 1133 2036 llic
1159 1962 1293 2036 Statius
1318 1963 1474 2038 ostendit
1504 1985 1579 2057 quo
1611 1963 1735 2039 tendet
1768 1962 1891 2038 anima

722 2081 774 2156 sic
798 2088 985 2174 separata3
1011 2087 1049 2154 et
1075 2080 1154 2154 vult
1178 2081 1300 2157 dicere
1326 2102 1401 2156 uno
1422 2084 1537 2158 verbo
1554 2082 1652 2179 quod
1671 2083 1751 2158 talis
1768 2082 1891 2158 anima

722 2201 842 2274 subito
868 2201 965 2275 vadit
990 2202 1037 2276 ad
1062 2201 1245 2277 iniernum
1277 2204 1335 2278 vel
1367 2205 1635 2300 purgatorium.
1662 2205 1765 2279 Unde
1789 2203 1890 2280 dicit:
1926 2225 1933 2246 ‘

721 2328 759 2397 et
783 2323 842 2396 illa
868 2322 1003 2416 anima,
1027 2343 1138 2396 senza
1162 2326 1316 2414 rislarst,
1342 2323 1446 2418 idest,
1467 2323 1545 2398 sine
1570 2345 1687 2416 mora,
1712 2326 1799 2398 code
1827 2343 1893 2415 por

719 2463 757 2514 se
780 2448 902 2533 sassa,
920 2442 1129 2538 impellente
1145 2443 1266 2517 divina
1279 2443 1431 2538 justitia,
1449 2445 1711 2534 mirabilmcntc,
1730 2443 1814 2536 quia
1835 2442 1893 2518 in·

721 2562 868 2636 visibilis
892 2569 959 2656 est,
997 2566 1057 2638 ott
1071 2585 1143 2636 uno
1176 2567 1263 2639 dalle
1291 2567 1379 2657 niue,
1411 2565 1556 2658 scilicet,
1589 2565 1647 2640 vel
1680 2562 1893 2639 Acherontis

722 2683 892 2777 lluminis,
918 2683 981 2756 ubi
1007 2684 1152 2758 Charon
1170 2691 1282 2778 nauta
1303 2691 1527 2781 transportat
1550 2687 1692 2761 animas
1717 2685 1755 2760 iu
1780 2684 1892 2760 inier-

723 2825 834 2898 num3
860 2805 919 2879 vel
943 2804 1059 2879 laucis
1083 2805 1273 2898 Tiberinae,
1300 2805 1362 2881 ubi
1388 2808 1542 2903 angelus
1568 2812 1791 2903 transportat
1812 2805 1892 2880 ani·

722 2945 801 2998 mus
825 2923 872 2998 ad
897 2923 1165 3021 purgatorium,
1188 2931 1347 3019 uterque
1371 2925 1408 2999 in
1433 2927 1536 3002 navi:
1558 2927 1680 3001 anima
1702 2927 1798 3000 enim
1821 2925 1887 2999 ob-

720 3045 850 3118 stinata
876 3045 997 3118 statim
1023 3045 1167 3120 festinat
1196 3044 1242 3118 ad
1271 3045 1555 3139 damnationem,
1588 3046 1766 3141 poenitens
1796 3065 1886 3119 vero

719 3172 848 3260 sponte
873 3164 1015 3238 lestinat
1040 3164 1087 3238 ad
1111 3165 1381 3260 purgationem,
1400 3173 1442 3240 ut
1458 3173 1614 3263 purgata
1632 3165 1822 3261 perveniat
1840 3165 1888 3239 ad

719 3285 868 3359 coelum.
895 3283 997 3358 Unde
1022 3284 1225 3360 secuudum
1250 3286 1486 3378 bvicennam,
1507 3294 1545 3360 et
1564 3287 1776 3382 lllgagelem
1803 3285 1886 3359 imi-

720 3408 877 3478 tatorem
895 3404 986 3497 eius,
999 3403 1123 3479 anima
1141 3407 1303 3480 bumana
1320 3413 1401 3501 post
1419 3413 1576 3480 mortem
1598 3406 1824 3480 convertitur
1842 3405 1887 3480 ad

719 3525 846 3597 lumen
883 3523 1127 3620 intelligentia
1158 3525 1308 3620 agentis.
1344 3525 1446 3600 isaac
1481 3545 1571 3600 vero
1608 3525 1703 3617 dicit,
1743 3524 1884 3600 animas

714 3643 891 3738 Justitiam
918 3645 1077 3718 colentes
1103 3665 1185 3719 esse
1215 3645 1251 3718 in
1288 3646 1378 3720 orbe
1403 3665 1577 3740 supremo
1607 3645 1643 3716 in
1674 3643 1884 3738 psalmodia,

719 3769 830 3838 cantu
856 3769 893 3838 et
913 3764 1159 3858 jocunditatc3
1178 3785 1262 3857 quae
1286 3771 1413 3840 autem
1444 3764 1581 3839 luerint
1605 3763 1735 3838 deditae
1761 3763 1890 3837 obsce·

720 3883 775 3956 nis
800 3885 942 3958 actibus
966 3885 1225 3980 deprimuntur
1250 3886 1320 3960 sub
1345 3886 1473 3960 orbem
1497 3885 1733 3959 tenebrosum
1760 3885 1797 3958 in
1822 3884 1889 3959 tri-

719 4003 827 4097 stitia,
841 4010 878 4076 et
895 4004 932 4076 iu
949 4005 1033 4100 igne
1050 4025 1186 4101 magno
1205 4005 1389 4100 perpetuis
1406 4005 1578 4079 incendiis
1591 4011 1886 4079 concremantur.

607 4211 611 4218 ¹
719 4122 763 4196 Et
788 4122 891 4196 dicit:
918 4127 1024 4214 quia,
1052 4124 1198 4219 scilicet,
1217 4126 1253 4199 in
1277 4126 1392 4199 altera
1417 4125 1596 4198 dictarum
1625 4124 1801 4218 riparum,
1827 4145 1887 4199 co-

718 4263 821 4317 noscc
841 4247 962 4337 prima
987 4246 1019 4316 te
1042 4265 1103 4317 suo
1126 4247 1259 4335 suade,
1285 4245 1387 4338 idest,
1415 4265 1527 4338 quam
1555 4244 1651 4319 viam
1678 4250 1805 4318 tenere
1822 4243 1887 4318 de·

717 4365 814 4458 beat,
833 4366 891 4439 vel
911 4365 957 4438 ad
974 4365 1129 4460 gloriam
1148 4366 1207 4440 vel
1222 4364 1269 4439 ad
1287 4365 1483 4440 miseriam.
1502 4365 1545 4440 Et
1561 4363 1683 4439 subdit
1700 4363 1885 4458 quomodo

717 4487 840 4562 anima
865 4486 1067 4581 disponitur
1093 4486 1140 4560 ibi
1166 4487 1213 4561 ad
1234 4507 1395 4583 poenam,
1420 4485 1563 4561 dicens:
1590 4493 1677 4562 tosto
1698 4488 1757 4558 otc
1782 4489 1886 4578 luogo

717 4599 743 4680 tt
767 4609 804 4678 lc
827 4609 1071 4696 circonmrtoe,
1089 4607 1192 4700 idest,
1211 4608 1349 4702 relegat
1366 4607 1480 4701 ipsam
1506 4605 1668 4682 animam
1690 4607 1748 4681 vel
1771 4607 1807 4680 in
1831 4607 1887 4683 lu-

718 4726 823 4801 leruo
847 4726 905 4800 vei
930 4726 968 4799 iu
993 4727 1219 4822 purgatorio,
1243 4729 1280 4800 lo
1300 4721 1397 4800 verli
1411 4729 1619 4821 fortnotiua,
1642 4746 1726 4820 quaa
1752 4725 1886 4800 format

717 4853 754 4922 et
776 4846 963 4942 distinguit
988 4868 1095 4922 suam
1121 4846 1291 4942 speciem,
1316 4849 1625 4938 repausaturae,
1660 4851 1698 4922 et
1723 4845 1886 4939 loquitur

719 5011 859 5021 --—-—
1067 5013 1120 5020 -—
1153 5013 1332 5020 --.-——-.-

779 5101 807 5165 (¹)
823 5101 854 5151 la
870 5102 911 5152 rel
927 5107 1033 5163 arctata,
1049 5102 1094 5163 ita.
1198 5151 1205 5158 ,
