4575 6842
778 985 918 1040 usuros
943 985 1135 1040 vreusmus
1160 986 1289 1041 nouus.
1546 976 1614 1043 183

444 1136 574 1226 poetae,
600 1131 707 1207 cuius
731 1130 854 1206 omnia
880 1135 1028 1224 peccata
1053 1133 1209 1225 purgata
1227 1135 1350 1225 erant3
1371 1131 1475 1224 quasi
1493 1131 1616 1206 dicens

444 1252 573 1326 tacite:
600 1272 623 1327 o
649 1257 687 1326 te
717 1251 860 1326 felicem
886 1249 949 1344 qui
976 1249 1013 1322 iu
1038 1249 1113 1323 vita
1145 1248 1310 1322 meruisti
1340 1250 1533 1345 pervenire
1567 1251 1615 1324 ad

444 1373 543 1448 bunc
563 1380 701 1447 statum
726 1369 914 1462 felicitatis,
934 1369 996 1442 ubi
1020 1368 1158 1443 videbis
1174 1368 1321 1477 delicias
1340 1369 1441 1443 istius
1457 1371 1527 1444 loci
1547 1391 1616 1446 ex·

444 1493 531 1568 celsi
556 1493 625 1567 sub
650 1492 780 1588 figura.
794 1530 844 1544 -
857 1497 889 1562 Ε
912 1511 1017 1562 come.
1036 1490 1101 1564 llic
1119 1487 1414 1584 poetadescribit
1432 1491 1613 1565 incessum

444 1614 548 1687 istius
572 1612 730 1687 dominae
754 1631 821 1707 per
851 1630 963 1684 unam
986 1610 1145 1684 nobilem
1179 1609 1503 1704 comparationem,
1530 1631 1615 1704 quae

446 1735 609 1810 breviter
633 1732 766 1808 statio
790 1732 988 1825 hocquod
1014 1730 1191 1805 blathildis
1216 1737 1254 1805 et
1279 1731 1355 1824 ipsc
1390 1752 1489 1806 nunc
1514 1731 1615 1808 ince-

445 1856 581 1930 debant
605 1874 671 1948 per
695 1853 836 1949 sylvam
862 1851 1022 1926 solitarie
1046 1850 1173 1925 *sicut
1199 1851 1368 1946 nymphae
1395 1853 1510 1925 solitae
1531 1860 1617 1925 sunt

446 1975 501 2050 ire
527 1995 592 2069 per
618 1975 759 2069 sylvam
784 1969 983 2045 solitarie*
999 1964 1048 2065 (¹),
1074 1971 1137 2045 sed
1163 1971 1417 2046 diversimode.
1442 1973 1542 2046 Unde
1563 1973 1619 2046 di-

446 2096 515 2169 cit:
536 2100 570 2168 E
583 2097 677 2168 ullor
700 2096 732 2166 si
756 2113 881 2182 mosoc,
899 2092 959 2165 illa
983 2091 1130 2165 domina
1158 2111 1242 2184 quae
1268 2093 1369 2187 prius
1394 2099 1545 2167 steterat
1570 2094 1617 2169 ad
1656 2156 1659 2164 ,

444 2216 671 2310 loquendum
704 2235 791 2287 cum
823 2219 942 2306 poeta,
968 2215 1138 2285 undando
1167 2219 1293 2286 contra
1310 2217 1336 2285 'l
1365 2215 1482 2305 fiume,
1515 2214 1618 2308 idest,

444 2346 573 2412 contra
590 2357 741 2411 cursum
760 2333 920 2407 llumiuis
937 2353 1067 2407 versus
1083 2340 1210 2407 ortum
1228 2333 1319 2427 eiuS,
1336 2354 1378 2406 su
1400 2357 1467 2426 per
1485 2339 1520 2408 la
1538 2339 1619 2408 riva

443 2459 482 2531 dt
505 2447 555 2549 ld,
583 2455 730 2545 scilicet,
757 2453 982 2547 ulteriorem,
1008 2459 1042 2524 et
1071 2455 1107 2524 to
1127 2455 1216 2545 puri
1240 2455 1278 2526 di
1302 2455 1357 2545 tet,
1384 2453 1529 2549 scilieet,
1557 2476 1618 2530 mc

309 2586 313 2594 '
446 2577 545 2651 movi
571 2583 609 2650 et
634 2573 762 2648 incessi
789 2594 855 2668 per
880 2573 997 2666 ripam
1022 2572 1244 2668 citeriorem,
1265 2577 1471 2664 reputando
1493 2578 1620 2667 piceiol

376 2792 379 2797 Α
445 2717 567 2790 passo,
592 2694 688 2768 illius
715 2692 885 2785 dominae,
910 2713 977 2764 coo
996 2695 1158 2784 picciolo,
1188 2692 1323 2768 scilieet
1357 2713 1463 2787 mc0;
1495 2694 1619 2788 itaque

449 2817 594 2891 ibamus
611 2813 688 2908 pari
708 2833 818 2907 passu
838 2811 1079 2905 uniformiter,
1097 2834 1120 2887 a
1137 2812 1256 2908 simili,
1275 2835 1371 2887 come
1389 2817 1497 2909 niusa,
1516 2815 1618 2908 idest,

446 2937 527 3011 deae
553 2933 720 3027 fontium,
746 2934 806 3006 cite
835 2935 998 3022 envas
1022 2935 1108 3021 sole,
1133 2931 1236 3028 idest,
1261 2955 1344 3028 quae
1369 2934 1470 3008 ibant
1496 2933 1619 3007 solita-

447 3056 523 3151 riae,
544 3075 613 3147 per
638 3057 669 3127 le
691 3055 878 3125 sulooticlte
902 3053 1034 3142 umbre,
1052 3052 1155 3146 idest,
1177 3074 1242 3149 per
1260 3045 1411 3127 umbras
1430 3056 1617 3150 sylvarum

447 3182 486 3250 et
510 3194 617 3250 secus
642 3173 820 3248 decursus
844 3193 1041 3266 aquarum,
1067 3173 1132 3246 sed
1160 3173 1315 3268 diverse,
1349 3178 1445 3267 quot,
1472 3174 1618 3268 seilicet,

447 3297 582 3389 aliqua,
606 3297 776 3370 dedomo
800 3296 838 3366 di
862 3295 968 3367 ceder
992 3295 1027 3365 lo
1051 3295 1136 3384 sole,
1161 3293 1246 3386 quia
1271 3293 1429 3367 multum
1455 3295 1553 3369 stetit
1573 3294 1618 3368 ad

447 3415 632 3509 umbram,
658 3417 744 3504 qual
766 3415 804 3486 di
824 3416 947 3506 fityyt'r
972 3415 1007 3486 lo
1032 3414 1116 3503 sole,
1134 3413 1222 3505 quia
1243 3412 1350 3487 nimis
1377 3415 1476 3514 stetit
1492 3414 1539 3488 ad
1560 3435 1619 3489 so·

444 3537 531 3612 lem.
558 3535 602 3607 Et
628 3554 701 3606 non
726 3540 781 3607 est
805 3533 972 3625 dubium,
998 3533 1097 3626 quod
1122 3553 1306 3626 aquarum
1333 3536 1455 3629 aliqua
1481 3535 1618 3630 appetit

447 3656 575 3748 solem,
601 3652 725 3746 aliqua
749 3672 833 3725 uon.
860 3653 904 3724 Et
930 3651 987 3726 bic
1018 3659 1115 3746 nota,
1144 3653 1243 3746 quod
1273 3659 1390 3748 poetae
1422 3646 1616 3751 lingunt(²)

445 3777 609 3851 diversas
626 3793 707 3848 esse
724 3775 914 3868 nymphas,
932 3773 1034 3865 idest,
1048 3772 1136 3846 deas
1154 3772 1309 3846 fontium
1327 3774 1404 3850 sive
1421 3795 1618 3869 aquarum,

343 3963 346 3968 .
448 3916 514 3992 per
551 3914 645 3987 quas
681 3893 888 3988 intelligunt
926 3891 1046 3965 varias
1084 3892 1181 3967 vires
1207 3898 1243 3966 et
1268 3895 1447 3988 potentias
1485 3895 1548 3968 Dei
1582 3894 1618 3967 in

447 4017 572 4110 aquis:
603 4019 640 4087 et
670 4029 760 4088 verc
792 4013 947 4087 virtutes
980 4019 1018 4086 et
1048 4013 1290 4107 proprietates
1319 4035 1502 4108 aquarum
1535 4021 1620 4087 sunt
1699 4069 1703 4078 .

448 4135 678 4210 miraculose
702 4133 810 4206 nimis
835 4139 873 4207 et
898 4132 1126 4206 incredibiles
1152 4132 1188 4205 in
1208 4132 1361 4207 diversis
1380 4135 1556 4229 partibus,
1579 4140 1620 4207 ut

447 4255 597 4332 scientia
622 4260 661 4329 et
684 4253 909 4348 experientia
934 4252 1060 4327 docet:
1094 4259 1180 4326 nota
1207 4252 1316 4327 etiam
1345 4254 1442 4348 quod
1469 4274 1619 4348 compa-

450 4377 543 4451 ratio
567 4382 623 4450 est
648 4375 755 4449 valde
784 4373 952 4469 propria;
984 4393 1068 4446 uam
1102 4374 1284 4468 nympbae,
1317 4380 1359 4446 ut
1390 4380 1488 4468 patet
1522 4374 1619 4468 apud

341 4511 344 4516 ·
448 4497 585 4569 multos
600 4502 762 4587 autores,
784 4493 946 4589 figurant
963 4491 1062 4564 viros
1082 4492 1253 4566 honestos
1271 4498 1308 4566 et
1327 4493 1519 4587 sapientes,
1539 4493 1619 4567 ideo

447 4617 543 4691 bene
568 4615 729 4711 figurant
754 4613 814 4686 bic
837 4613 945 4686 istam
975 4610 1162 4685 dominam
1196 4612 1386 4686 honestam
1414 4621 1451 4686 et
1477 4613 1619 4708 sapien-

448 4744 521 4811 tem
555 4742 592 4810 et
623 4742 790 4810 nostrum
818 4738 963 4828 poetam
981 4721 1036 4822 lit:
1054 4738 1092 4805 et
1116 4731 1210 4804 sicut
1230 4734 1413 4828 nympbae,
1434 4733 1527 4808 idest
1551 4735 1620 4806 bo-

447 4863 561 4931 nestae
580 4855 750 4946 dominae,
768 4853 941 4928 incedunt
965 4870 1080 4945 parvo
1099 4871 1221 4945 passu,
1241 4853 1288 4925 ita
1307 4873 1405 4925 nunc
1426 4851 1494 4945 isti,
1516 4853 1619 4927 etita

510 5044 538 5107 (¹)
553 5045 590 5094 Le
607 5042 697 5106 parole
711 5042 752 5092 fru
767 5044 777 5092 i
791 5043 842 5092 due
858 5040 990 5091 mtcriscbi
1006 5053 1053 5090 son
1069 5039 1181 5102 supplito
1197 5041 1239 5090 dal
1254 5039 1346 5091 Codice
1364 5045 1418 5091 117.

512 5119 541 5186 (¹)
557 5121 587 5171 Ε·
603 5120 704 5183 flsstlffll
718 5119 818 5184 ⁸11le
832 5119 954 5170 dilm-
1089 5117 1116 5179 l⁸l
1133 5118 1163 5168 B·
1180 5123 1283 5182 poetam
1299 5131 1401 5169 secum:
1418 5122 1444 5168 et
1454 5120 1534 5170 'sicut
