4575 6842
834 943 974 1013 cunnus
997 942 1165 1009 domnus.
1516 926 1588 993 tlt

413 1092 446 1162 si
470 1092 547 1163 uelo
571 1092 609 1163 oi
632 1092 787 1180 mortali,
812 1090 915 1184 idest,
933 1090 1155 1184 hominibus,
1172 1110 1240 1163 oon
1263 1092 1314 1180 pli
1338 1092 1445 1162 oldut
1468 1092 1588 1180 rapot,

414 1209 561 1305 scilicet,
583 1210 687 1285 solis:
706 1211 776 1285 hoo
793 1210 889 1305 dicit,
911 1212 999 1305 quia
1015 1210 1219 1287 Mercurius
1236 1231 1383 1307 semper
1403 1209 1590 1285 concurrit

414 1348 502 1402 cum
527 1330 615 1423 sole,
641 1330 739 1404 unde
764 1329 885 1425 ipsum
919 1330 1045 1406 videre
1075 1352 1149 1405 non
1182 1350 1397 1425 possumus3
1423 1330 1505 1404 ideo
1534 1334 1591 1405 est

415 1450 523 1524 valde
546 1450 724 1545 occultus,
751 1472 958 1545 numquam
983 1451 1082 1526 enim
1111 1451 1249 1526 recedit
1277 1472 1300 1526 u
1331 1449 1407 1525 sole
1432 1450 1500 1524 nisi
1523 1470 1590 1546 per

416 1589 553 1664 paucos
577 1570 726 1666 gradus.
753 1572 796 1645 Et
821 1571 879 1646 hic
905 1577 990 1647 notu
1007 1572 1113 1667 bene,
1131 1572 1228 1646 bone
1247 1572 1375 1664 lector,
1393 1569 1491 1664 quod
1509 1589 1591 1644 me-

418 1690 487 1764 rito
512 1689 687 1785 sapientia
712 1690 896 1789 figuratur
921 1713 987 1788 per
1013 1692 1207 1786 Phoebum,
1226 1712 1310 1787 quae
1327 1708 1473 1785 semper
1492 1689 1590 1765 bono

418 1816 475 1885 est
498 1811 592 1886 sicut
616 1813 671 1886 sol
696 1819 751 1888 est
771 1814 932 1907 optimus
948 1812 1110 1908 planeto3
1128 1811 1372 1907 *eloquentia
1388 1830 1479 1885 vero
1496 1798 1591 1905 lign-

419 1938 523 2008 ratur
548 1952 615 2028 per
638 1934 862 2009 Mercurium
889 1934 953 2029 qui
978 1941 1035 2008 est
1060 1932 1237 2029 planetu*
1252 1925 1289 2025 (¹)
1311 1931 1465 2026 medius,
1484 1940 1521 2007 et
1540 1929 1590 2005 ita

418 2054 627 2147 eloquentia
646 2076 744 2129 nunc
760 2054 856 2130 hone
873 2075 973 2129 nunc
985 2055 1152 2150 pessima.
1167 2056 1229 2129 Est
1241 2054 1338 2130 enim
1357 2072 1479 2127 sermo
1497 2052 1591 2125 sicut

417 2173 561 2272 gladius
583 2174 681 2248 utilis
705 2176 741 2250 in
769 2198 883 2251 manu
903 2176 1049 2272 judicis,
1075 2176 1210 2250 inutilis
1241 2177 1279 2250 in
1308 2195 1421 2248 manu
1448 2171 1592 2267 praedo-

419 2293 493 2388 nis;
519 2314 642 2369 sermo
668 2296 766 2371 enim
792 2296 831 2369 in
855 2318 921 2373 ore
942 2297 1113 2392 sapientis
1130 2305 1186 2373 est
1203 2296 1297 2371 sicut
1314 2296 1512 2369 thesaurus
1528 2293 1593 2367 de-

417 2413 629 2509 siderabilis,
647 2423 684 2490 et
708 2422 833 2491 tumen
855 2418 892 2491 in
913 2423 1086 2513 protervo
1105 2419 1258 2515 garrulo
1275 2416 1507 2507 damnosum,
1526 2434 1593 2488 ne-

419 2534 545 2629 quitiae
557 2536 857 2611 instrumentum.
871 2537 972 2611 Sicut
989 2559 1079 2635 ergo
1095 2538 1298 2613 Mercurius
1314 2556 1461 2631 semper
1478 2533 1593 2609 sociat

334 2649 336 2652 ’
419 2656 548 2749 solem,
574 2657 633 2730 vel
659 2678 791 2752 parum
819 2657 956 2731 recedit
980 2658 1028 2731 ab
1052 2678 1109 2752 eo,
1140 2658 1189 2732 ita
1214 2656 1423 2751 eloquentia
1449 2654 1593 2749 snpien-

420 2776 521 2849 tiam.
535 2776 607 2851 lste
619 2798 709 2873 ergo
726 2777 948 2852 lustinionus
960 2778 1185 2872 justissimus
1199 2778 1399 2872 imperator
1413 2778 1449 2849 in
1462 2776 1592 2851 dextra

420 2916 534 2972 manu
560 2890 728 2990 tenuitl²l
755 2897 890 2972 librum
917 2898 1113 2993 sapientise,
1141 2898 1176 2971 in
1203 2920 1278 2993 quo
1307 2896 1417 2973 tradit
1448 2896 1593 2972 civilem

420 3017 646 3112 sapientiam,
664 3038 749 3111 quae
769 3024 824 3093 est
850 3038 909 3092 res
926 3018 1173 3112 sanctissimn3
1192 3020 1229 3092 in
1247 3020 1390 3095 sinistra
1408 3040 1498 3095 vero
1516 3020 1594 3115 gla-

419 3138 521 3211 dium
543 3138 771 3231 eloqnentiae.
791 3138 852 3212 Est
868 3138 967 3213 onim
986 3138 1169 3213 rhetorica
1190 3160 1274 3235 pars
1291 3139 1405 3215 civilis
1422 3138 1594 3231 scientim,

422 3265 465 3332 ut
489 3265 644 3333 testatur
670 3258 879 3333 Aristoteles
905 3265 943 3333 et
967 3258 1125 3353 Tullius3
1145 3259 1203 3335 vel
1224 3260 1310 3354 quin
1331 3282 1439 3335 arma
1459 3264 1595 3335 tracta·
1711 3245 1714 3251 ¹

421 3378 473 3453 vit
498 3398 582 3474 quae
605 3377 740 3452 debent
762 3398 843 3453 esse
854 3378 983 3474 juncte
1001 3399 1087 3452 cum
1107 3379 1249 3475 legibus
1267 3379 1302 3453 in
1322 3400 1478 3454 romano
1495 3379 1596 3475 prin-

421 3498 512 3594 cipe.
533 3497 637 3574 Unde
652 3499 748 3573 bene
773 3499 932 3573 Tullius:
959 3500 1046 3573 nihil
1071 3498 1171 3573 alind
1198 3507 1253 3575 est
1279 3500 1500 3594 eloquentia,
1528 3499 1596 3573 nisi

421 3618 568 3713 copiose
592 3620 748 3713 loquens
772 3618 958 3713 supientia,
992 3617 1039 3693 de
1071 3619 1177 3693 cuius
1208 3619 1361 3695 mirabili
1394 3620 1531 3695 virtute
1560 3624 1598 3695 et

422 3739 582 3834 potentin
617 3740 734 3814 multu
767 3739 973 3814 dictasunt
1002 3739 1040 3813 in
1070 3739 1204 3814 Inlerni
1229 3742 1445 3815 cantice.—
1461 3746 1595 3829 (incesto.

423 3858 488 3932 llic
513 3859 644 3933 ultimo
674 3866 784 3934 autor
813 3865 966 3956 apparat
997 3858 1243 3934 instininnum
1278 3860 1324 3935 ad
1358 3860 1596 3956 loquendum,

423 3998 641 4075 comparans
660 3981 782 4076 ipsum
799 3980 886 4076 soli3
904 3987 942 4055 et
958 3980 1177 4055 continuans
1192 3980 1288 4055 dicta
1305 3980 1476 4073 dicendis,
1494 3981 1596 4055 dicit:

428 4102 829 4186 monterutrulo
846 4104 920 4175 alto
936 4104 1097 4192 murima,
1118 4099 1221 4196 idest,
1244 4100 1427 4175 luminoso
1444 4100 1598 4196 spiritui,

359 4214 364 4223 ’
424 4223 484 4294 cte
494 4225 582 4313 prm
597 4225 733 4295 m'auea
745 4225 905 4315 portato,
922 4221 1082 4297 olierens
1110 4242 1163 4317 se,
1181 4224 1270 4295 unde
1287 4225 1355 4297 etto
1368 4224 1453 4316 sessi
1471 4224 1600 4295 lucente

417 4336 483 4434 pide
507 4346 604 4414 assai
627 4345 666 4416 di
689 4346 769 4434 puel
783 4345 835 4415 clt'
853 4346 907 4416 ell’
920 4364 997 4435 ero,
1015 4342 1150 4436 quiesi
1177 4348 1257 4417 emt
1274 4342 1392 4437 primo
1416 4341 1599 4415 luminosa

423 4460 517 4535 facto
543 4469 599 4537 est
624 4463 841 4538 luminosior
865 4464 993 4539 volens
1017 4484 1172 4537 narrare
1193 4463 1315 4538 inclite
1336 4468 1439 4559 gesta
1465 4483 1544 4557 suu,
1562 4470 1599 4539 et

422 4580 630 4655 multorum
656 4582 854 4656 illustrium
872 4604 1114 4657 romanorum
1136 4603 1160 4657 a
1186 4574 1352 4676 similist
1377 4603 1473 4657 come
1497 4584 1525 4657 ll
1546 4586 1603 4658 sot

423 4702 484 4773 cte
506 4704 540 4773 si
562 4704 638 4775 celo
661 4706 730 4794 epit
758 4706 870 4794 stessi,
895 4702 1011 4777 oculis
1037 4702 1242 4797 hominum,
1267 4724 1336 4796 per
1361 4710 1489 4796 troppo
1514 4706 1600 4795 luce,

424 4820 583 4917 propria,
601 4810 697 4898 conce
713 4827 739 4896 'l
760 4826 864 4897 caldo
880 4825 927 4895 tu
943 4843 1038 4914 rose,
1055 4821 1159 4916 idest,
1172 4824 1408 4920 consumpsit,
1426 4828 1457 4898 le
1474 4831 1599 4919 tempe-

487 5006 567 5150 (31ss
579 5009 730 5139 mn
745 5011 755 5061 t
769 5010 820 5062 duc
836 5010 969 5061 ulerisclri
984 5023 1032 5061 ron
1042 5008 1159 5101 ⁸supplile
1175 5010 1216 5061 dui
1230 5008 1318 5063 Codlcl
1334 5015 1349 5061 t
1364 5025 1379 5062 e
1395 5010 1511 5064 Rstenm
