4575 6842
707 966 775 1033 tro
1063 976 1269 1032 counurmr
1293 976 1513 1032 runonronu

701 1142 808 1197 suam
834 1120 1047 1196 transeundi
1072 1121 1119 1196 ad
1144 1120 1251 1195 istam
1277 1121 1464 1195 dominam
1487 1119 1686 1218 gratiosam
1705 1139 1771 1216 per
1792 1122 1876 1216 pul-

699 1243 898 1318 cerrimam
924 1242 1259 1339 comparationem:
1286 1248 1324 1317 et
1348 1241 1433 1316 dicit
1450 1241 1612 1316 breviter
1633 1241 1732 1337 quod
1748 1252 1875 1319 arctus

701 1362 802 1438 rivus
832 1383 941 1458 aquae
973 1363 1173 1459 impediens
1206 1361 1325 1458 ipsum
1356 1361 1412 1436 ire
1443 1361 1491 1436 ad
1523 1361 1631 1435 istam
1664 1381 1874 1438 amorosam

700 1482 900 1578 dominam,
922 1483 971 1558 ita
988 1483 1105 1557 lactans
1130 1488 1186 1557 est
1211 1481 1278 1556 sibi
1300 1501 1398 1555 nunc
1415 1480 1563 1557 odiosus
1583 1481 1677 1556 sicut
1701 1483 1790 1557 olim
1808 1504 1875 1558 an-

700 1609 833 1698 gustus
858 1623 986 1677 ramus
1011 1601 1125 1675 maris
1150 1602 1268 1676 lactus
1292 1607 1348 1676 est
1372 1601 1519 1676 odiosus
1545 1602 1723 1696 Leandro,
1749 1604 1875 1698 prohi-

702 1724 793 1800 bens
817 1723 885 1799 sibi
902 1744 1093 1798 accessum
1110 1724 1158 1799 ad
1171 1729 1334 1798 amatam
1353 1743 1470 1798 suam.
1488 1722 1543 1798 hd
1564 1723 1663 1817 quod
1682 1729 1737 1798 est
1756 1724 1876 1800 soien-

701 1843 791 1918 dum
817 1842 917 1938 quod
945 1843 1200 1938 Hellespontus
1231 1848 1286 1917 est
1318 1843 1502 1937 quoddam
1533 1843 1725 1917 brachium
1761 1843 1876 1919 maris

701 1971 900 2061 angustum
926 1985 993 2060 per
1019 1964 1087 2039 tria
1101 1965 1173 2059 ‚vel
1198 1963 1272 2039 duo
1299 1963 1478 2058 milliaria,
1500 1963 1599 2059 quod
1616 1965 1723 2041 hodie
1748 1967 1874 2062 appel·

701 2087 800 2160 latur
824 2084 1017 2159 brachium
1044 2085 1158 2160 sancti
1176 2084 1322 2181 Georgii
1348 2086 1396 2160 ab
1423 2105 1497 2162 una
1517 2085 1670 2160 ecclesia
1695 2085 1776 2160 eius
1801 2107 1875 2160 nou

701 2205 811 2302 longe
835 2226 858 2281 a
883 2203 1204 2300 Constantinopoli,
1231 2204 1394 2281 dividens
1419 2204 1543 2280 asiam
1568 2205 1616 2278 ab
1645 2206 1812 2300 Europa3
1838 2205 1876 2278 in

700 2324 806 2401 cuius
831 2344 906 2399 uno
930 2318 1249 2417 litorel'tsoilicet
1267 2331 1437 2420 exparte
1456 2324 1560 2418 Asiae,
1581 2331 1635 2399 est
1661 2324 1787 2413 civitas
1805 2344 1872 2400 vo·

699 2451 782 2520 cata
793 2444 961 2541 Abydos3
987 2444 1024 2518 in
1049 2445 1167 2520 altero
1189 2466 1280 2520 vero
1301 2465 1347 2520 ex
1365 2450 1470 2540 parte
1486 2444 1644 2540 Europae
1668 2452 1722 2520 est
1748 2445 1874 2520 civitas

701 2564 797 2640 dicta
822 2564 954 2638 Sestos.
981 2565 1035 2638 De
1060 2564 1207 2640 civitate
1224 2571 1351 2639 autem
1368 2564 1542 2661 Abydena
1560 2564 1626 2638 luit
1641 2564 1789 2660 juvenis
1806 2585 1874 2639 no-

703 2685 803 2760 mine
828 2685 1005 2779 Leander,
1031 2684 1095 2779 qui
1127 2685 1233 2760 nimis
1267 2685 1471 2761 inconsulte
1499 2685 1684 2760 adamavit
1714 2685 1874 2780 puellam

701 2804 852 2879 nomine
876 2804 974 2879 llero
1000 2803 1224 2880 habitantem
1252 2805 1290 2880 in
1315 2804 1430 2900 Sesto,
1448 2805 1495 2881 ad
1516 2826 1629 2900 quam
1656 2825 1753 2902 saepe
1778 2806 1874 2880 sole·

700 2924 763 2999 bat
789 2930 956 3019 tempore
980 2923 1096 2999 noctis
1120 2925 1278 3000 transire
1300 2925 1476 3000 natando:
1501 2925 1647 3000 tandem
1669 2913 1782 3002 semel
1804 2945 1874 3000 sae·

701 3043 824 3118 niente
847 3050 1064 3140 tempestate
1092 3043 1309 3119 submersus
1339 3045 1478 3120 eiectus
1512 3051 1568 3120 est
1597 3045 1644 3121 ad
1676 3045 1773 3138 litus,
1800 3065 1877 3141 quo

701 3164 780 3238 viso
804 3163 928 3238 infelix
957 3165 1055 3240 llero
1087 3171 1316 3240 mortuaest
1349 3185 1426 3260 prae
1454 3165 1592 3240 dolore.
1625 3165 1689 3239 Est
1722 3164 1875 3240 ulterius

700 3284 901 3379 sciendum,
920 3285 1018 3380 quod
1044 3290 1152 3380 poeta
1169 3285 1215 3360 ad
1234 3285 1408 3361 decorem
1427 3286 1484 3360 sui
1503 3292 1680 3362 tractatus
1700 3277 1873 3378 inserite)

701 3404 801 3479 aliud
828 3405 966 3480 lactum
993 3405 1112 3502 magis
1143 3406 1397 3499 memorabile,
1424 3406 1493 3501 ibi;
1528 3427 1612 3482 nam
1644 3407 1777 3482 Xerses
1808 3426 1876 3500 po·

702 3525 928 3600 tentissimus
953 3546 1019 3600 rex
1045 3545 1252 3622 persarum,
1270 3547 1356 3601 cum
1375 3526 1541 3602 exercitu
1559 3526 1815 3602 innumerabili
1837 3532 1873 3602 et

701 3644 843 3720 infinita
867 3646 984 3720 classe
1009 3646 1176 3721 transivit
1201 3646 1238 3720 iu
1263 3646 1455 3739 Graeciam,
1479 3647 1575 3721 lacto
1599 3653 1710 3741 ponte
1735 3667 1781 3722 ex
1809 3667 1877 3721 na-

701 3763 826 3858 ribus3
852 3763 979 3839 sedin
1004 3765 1107 3840 brevi
1134 3766 1251 3840 victus
1268 3757 1304 3859 (³)
1330 3773 1368 3841 et
1393 3767 1538 3863 lugiens
1565 3765 1703 3861 trepide
1730 3772 1874 3842 retran-

701 3883 785 3959 sivit
801 3885 1075 3981 Hellespontum
1093 3907 1179 3960 cum
1198 3887 1368 3962 navicula
1386 3886 1589 3983 piscatoria.
1607 3887 1713 3962 Nunc
1730 3887 1775 3962 ad
1793 3887 1875 3962 lite-

701 4025 796 4100 ram,
821 4006 906 4081 dicit
939 4012 1070 4102 poeta:
1089 4009 1140 4080 'u
1167 4009 1285 4100 fiume,
1316 4006 1462 4101 scilicet,
1496 4007 1676 4101 Lethaeus,
1711 4011 1743 4080 ci
1772 4011 1875 4102 socen

701 4131 836 4202 baum
861 4135 914 4200 tre
932 4129 1045 4222 posu,
1077 4127 1128 4202 ita
1158 4127 1188 4202 si
1223 4126 1349 4204 luisset
1382 4128 1431 4202 ita
1463 4127 1553 4202 levis
1585 4146 1752 4221 corpore,
1782 4127 1875 4201 sicut

700 4252 782 4322 erat
797 4246 935 4341 animo,
955 4252 1099 4342 poterat
1119 4247 1276 4322 transire
1292 4247 1338 4321 ad
1355 4265 1438 4322 eam
1457 4246 1622 4321 saltando
1640 4247 1699 4322 vel
1717 4246 1875 4322 natando

699 4388 768 4462 per
793 4376 869 4443 tres
894 4388 1024 4463 passus
1044 4366 1138 4442 sicut
1163 4367 1330 4443 Leander
1355 4387 1421 4463 per
1448 4367 1516 4442 tria
1542 4366 1723 4462 milliaria,
1749 4357 1785 4440 ld
1810 4388 1876 4441 oue

697 4481 807 4582 passo
831 4494 955 4580 Xerse,
985 4487 1081 4562 filius
1106 4487 1223 4581 llarii;
1256 4489 1403 4582 Xerses,
1435 4488 1527 4583 dieo,
1559 4508 1696 4561 ancora
1721 4491 1828 4582 sreuo
1852 4509 1877 4561 u

700 4612 775 4684 tutti
797 4611 939 4700 oraculi
962 4611 1093 4684 amnui.
1111 4609 1156 4683 Et
1182 4607 1241 4682 hio
1257 4614 1356 4703 nota,
1374 4607 1474 4703 quod
1495 4627 1584 4683 vere
1601 4595 1636 4700 (⁴)
1663 4607 1721 4682 hic
1742 4608 1877 4682 llerses

700 4735 757 4804 est
781 4736 1003 4824 perpetuum
1029 4729 1255 4824 exemplum,
1273 4729 1412 4804 habens
1439 4727 1639 4804 relraenare
1664 4727 1874 4823 superbiam

701 4854 892 4944 potentum
919 4848 1165 4945 regnantium.
1193 4848 1293 4924 Sicut
1318 4847 1417 4922 euim
1448 4848 1572 4922 scribit
1604 4847 1779 4940 lustinus,
1806 4846 1876 4922 mi-

765 5033 793 5092 u
808 5033 840 5083 E·
857 5031 947 5082 latere·
1367 5032 1394 5096 r)
1412 5038 1466 5096 ru,
1482 5033 1622 5084 intersero.

766 5108 795 5172 (·)
808 5109 840 5160 Ε.
856 5109 940 5160 rictus
955 5108 1106 5174 mulonem
1121 5108 1228 5174 trepide.
1367 5109 1395 5172 (⁸)
1411 5110 1442 5162 ll.
1459 5124 1519 5162 rere
1535 5111 1583 5162 iste
1599 5110 1657 5162 tulis
1674 5109 1776 5160 Xerses.
