4575 6842
723 938 793 1006 236
1078 947 1283 1005 couuuruu
1307 950 1528 1006 nunoanonn

722 1101 830 1188 poeta
865 1091 1020 1169 ostendit
1055 1094 1212 1188 qualiter
1249 1093 1360 1169 luerit
1390 1099 1536 1188 potatus
1567 1115 1666 1188 aqua
1698 1096 1888 1173 oblivionis

720 1222 757 1288 et
780 1214 983 1311 assignatus
1001 1213 1208 1289 virtutibus.
1223 1214 1315 1289 Dicit
1336 1235 1448 1311 ergo:
1475 1220 1527 1287 Lo
1551 1214 1641 1289 bellu
1665 1217 1800 1309 donna,
1818 1219 1888 1292 sci·

721 1332 814 1429 licet,
841 1334 1028 1427 blathildis,
1055 1338 1197 1427 amon,
1223 1334 1326 1429 idest,
1359 1333 1503 1429 aperuit
1531 1355 1583 1430 se,
1615 1339 1703 1410 nelle
1731 1338 1884 1433 braccio,

721 1454 855 1529 iaciens
880 1474 967 1530 eum
999 1454 1151 1551 dignum
1177 1455 1295 1551 gratia
1329 1462 1367 1529 et
1396 1475 1525 1529 amore
1555 1477 1624 1530 suo
1649 1456 1888 1552 familiariter,

720 1576 989 1649 uddrucciontmi
1004 1578 1042 1648 lu
1063 1580 1160 1668 testu,
1181 1574 1243 1648 ubi
1260 1575 1360 1671 viget
1380 1574 1570 1669 memoria,
1588 1598 1607 1649 e
1624 1580 1672 1651 mi
1686 1596 1888 1669 somnwrse,

721 1716 840 1790 usque
859 1696 905 1770 ad
925 1716 978 1788 os,
996 1717 1059 1769 ove
1078 1716 1253 1769 conuenae
1267 1698 1319 1768 clt'
1330 1698 1366 1768 io
1382 1699 1525 1787 tueque
1543 1699 1759 1791 modiolbbsi,
1784 1697 1886 1792 idest,
2008 1730 2015 1746 =

688 1833 691 1840 ·
721 1816 937 1891 imbiberem
950 1809 986 1908 (³)
1013 1815 1059 1891 de
1084 1836 1181 1910 aqua
1207 1815 1284 1909 illa3
1309 1822 1348 1889 ct
1371 1816 1513 1890 subdit:
1533 1819 1608 1889 indi
1631 1819 1680 1890 mi
1703 1820 1800 1908 tune,
1818 1817 1888 1892 sci·

660 2000 665 2011 .
720 1937 816 2031 licet,
841 1935 1018 2010 Mathildis
1047 1942 1172 2030 postea
1197 1936 1356 2012 extraxit
1381 1955 1443 2010 me
1467 1936 1514 2011 de
1538 1956 1636 2031 aqua
1652 1936 1724 2030 illa,
1742 1960 1761 2011 e
1777 1936 1887 2032 m'os—

718 2057 1133 2153 (daemomonum,
1165 2058 1282 2130 lotum
1311 2063 1349 2132 et
1379 2057 1596 2131 mundatum
1629 2058 1667 2131 iu
1697 2058 1757 2133 illa
1788 2078 1888 2153 aqua

719 2177 913 2273 purissima
939 2176 986 2251 ab
1011 2176 1111 2251 omni
1131 2176 1343 2271 impuritate
1359 2177 1546 2268 vitiorum,
1563 2181 1687 2253 denuo
1706 2182 1780 2251 allo
1796 2182 1889 2252 don-

719 2319 779 2391 zo,
808 2297 909 2391 idest,
927 2296 1126 2391 tripudium
1145 2302 1183 2371 et
1199 2296 1346 2391 iestum,
1364 2298 1451 2371 delle
1467 2304 1606 2389 quatuo
1624 2299 1719 2392 delle,
1735 2298 1888 2393 scilicet,

721 2418 899 2493 virtutum
926 2416 1136 2511 moralium,
1158 2438 1242 2511 quae
1259 2426 1366 2492 erant
1390 2438 1413 2492 a
1440 2424 1520 2492 rota
1546 2418 1705 2513 sinistra,
1725 2426 1761 2494 et
1783 2419 1887 2494 dicit:

718 2542 924 2612 enascunu
953 2541 1011 2612 del
1033 2538 1173 2611 bruccio
1206 2540 1255 2610 mi
1284 2558 1438 2632 copcrse,
1468 2538 1554 2632 quia
1587 2538 1725 2634 recepit
1757 2559 1818 2615 me
1849 2539 1886 2613 in

718 2662 879 2736 amicum
906 2666 943 2734 et
968 2660 1186 2735 servitorem
1210 2678 1332 2733 suum.
1347 2700 1396 2713 -
1410 2661 1487 2732 Noi.
1506 2659 1571 2735 llic
1588 2667 1696 2755 poeta
1716 2660 1888 2736 describit

717 2781 921 2856 orationem
943 2800 1054 2873 quam
1071 2778 1268 2853 cantabant
1283 2777 1354 2852 illae
1373 2786 1535 2872 quatuor
1552 2780 1701 2874 pulcrae,
1724 2800 1809 2873 quae
1832 2780 1887 2853 di·

717 2903 868 2977 cebant:
896 2902 965 2974 Noi
994 2902 1084 2973 dom
1108 2902 1168 2990 qui
1191 2902 1299 2994 niusa,
1324 2899 1427 2993 idest,
1453 2900 1532 2974 deae
1563 2900 1719 2974 iontium
1750 2901 1787 2974 in
1817 2900 1886 2975 ista

716 3023 829 3118 sylva,
856 3018 960 3113 quasi
986 3019 1125 3094 dicant:
1147 3039 1276 3093 sumus
1302 3020 1577 3116 peregrinantes
1593 3020 1629 3094 in
1648 3020 1715 3096 ista
1732 3018 1885 3097 ecclesia

717 3141 905 3233 militante,
931 3162 950 3213 c
979 3141 1037 3211 nel
1065 3141 1393 3231 detunctorum,
1418 3139 1665 3215 illuminantes
1691 3142 1884 3215 mundum.

716 3262 818 3337 Unde
843 3266 949 3356 poeta
977 3258 1078 3332 finxit
1104 3280 1144 3333 se
1171 3258 1294 3334 videre
1320 3260 1404 3333 istas
1430 3267 1591 3354 quatuor
1611 3261 1732 3336 stellas
1757 3262 1886 3338 lucen-

716 3390 770 3459 tes
795 3382 831 3456 in
859 3378 1032 3475 principio
1050 3378 1271 3475 purgatorii3
1293 3386 1329 3453 et
1349 3379 1487 3453 luimus
1503 3380 1551 3455 ab
1576 3380 1678 3455 initio
1698 3381 1886 3475 praedesti-

717 3510 821 3577 nutae.
847 3500 950 3576 Unde
975 3500 1079 3576 dicit:
1093 3502 1180 3592 prr'u
1195 3502 1256 3573 cde
1272 3503 1431 3574 Bcutricc
1451 3503 1666 3575 discendcsse
1682 3506 1721 3576 ol
1742 3506 1885 3595 mondo,

715 3622 851 3697 scilicet
875 3627 961 3695 ante
992 3620 1281 3694 incarnationem
1312 3620 1416 3695 verbi
1441 3620 1520 3714 Dei,
1551 3626 1685 3715 summo
1722 3626 1885 3697 ordinate

716 3763 742 3815 a
766 3745 809 3815 lei
828 3764 895 3837 per
918 3762 978 3814 suc
1003 3744 1143 3833 ancello,
1170 3740 1274 3835 quasi
1292 3740 1433 3816 dicant:
1455 3742 1593 3815 luimus
1610 3743 1646 3815 iu
1664 3764 1803 3839 genere
1820 3746 1888 3817 bo-

717 3863 857 3936 minum
884 3861 932 3935 ab
955 3860 1107 3955 antiquo
1126 3880 1193 3955 per
1214 3863 1331 3936 mulla
1348 3861 1482 3938 saecula
1502 3868 1588 3937 aute
1607 3862 1804 3958 Christum,
1822 3864 1886 3939 sed

715 3983 939 4079 imperfecte,
976 3982 1062 4076 quia
1097 3982 1386 4077 expectabamus
1409 3982 1499 4057 alias
1532 3989 1608 4058 tres
1642 3984 1887 4080 theologicas,

716 4103 814 4178 uude
830 4102 933 4177 dicit:
955 4105 1156 4191 maumonii,
1173 4101 1276 4195 idest,
1294 4102 1474 4176 ducemus
1492 4110 1539 4197 te,
1556 4101 1664 4195 *agli
1683 4106 1780 4178 occdi
1793 4108 1882 4197 suoi,

716 4224 819 4320 quasi
845 4223 958 4297 dicat:
987 4223 1291 4317 praesentabimus
1321 4213 1439 4315 gerg)
1471 4242 1598 4297 ooram
1628 4243 1693 4297 ea:
1724 4230 1762 4299 et
1791 4224 1886 4299 benc

715 4344 817 4418 dicit:
845 4342 931 4437 quia
956 4342 1075 4437 prima
1101 4362 1187 4436 pars
1212 4341 1403 4448 theologie
1427 4348 1484 4417 est
1506 4342 1683 4417 derebus
1702 4343 1885 4438 humanis,

715 4464 808 4539 sicut
833 4464 879 4539 de
903 4464 1100 4538 virtutibus
1125 4469 1163 4538 et
1188 4462 1364 4558 moribus,
1382 4463 1446 4538 sed
1462 4462 1534 4538 alia
1550 4485 1636 4558 pars
1657 4462 1811 4539 nobilior
1830 4472 1887 4539 est

714 4586 760 4661 de
784 4583 923 4660 divinis.
949 4584 1053 4659 Unde
1076 4582 1181 4659 dicit:
1200 4604 1259 4657 mo
1284 4586 1315 4657 le
1338 4589 1392 4657 tre
1415 4585 1453 4657 di
1476 4572 1526 4676 ld,
1545 4584 1691 4678 scilicet,
1708 4584 1790 4660 aliae
1810 4591 1887 4659 tres

714 4704 926 4801 pulcriores,
953 4706 1013 4778 cde
1037 4706 1156 4777 miron
1175 4698 1239 4797 pto
1258 4707 1454 4798 profundo,
1479 4703 1566 4799 quia
1591 4704 1715 4779 vident
1740 4705 1886 4779 occulta

714 4824 918 4918 divinitatis,
947 4827 1239 4916 oguzzerannoi
1272 4827 1355 4915 tuci,
1384 4824 1530 4919 scilicet,
1556 4825 1684 4899 oculos
1708 4830 1805 4919 tuos,
1831 4827 1889 4898 nel

789 5012 796 5041 ι

777 5015 805 5153 {¹}
820 5012 856 5141 Ue
868 5012 1017 5153 {immin
1032 5094 1041 5143 l
1056 5091 1106 5142 due
1122 5092 1254 5143 mtcrlscbl
1269 5104 1317 5143 son
1331 5092 1442 5157 moolito
1457 5092 1499 5143 dal
1515 5090 1609 5143 Codice
1626 5095 1681 5142 ¹1⁷.
