4575 6842
722 955 793 1024 378
1114 968 1320 1026 ιοιιιιιτιιιι
1345 969 1512 1024 annuerat

719 1114 839 1190 edicto
864 1113 1033 1209 principis
1051 1113 1189 1189 lactum
1207 1121 1275 1209 est,
1292 1113 1608 1210 appropinquante
1627 1119 1795 1209 tempore
1809 1134 1895 1208 par-

720 1240 792 1328 tuS,
814 1240 856 1308 ut
881 1234 1020 1309 nobiles
1047 1241 1227 1309 matronae
1246 1255 1292 1310 ex
1314 1241 1390 1308 tota
1411 1233 1530 1308 insula
1550 1239 1792 1328 vocarentur3
1813 1234 1897 1327 qui-

719 1354 791 1429 bus
816 1355 1057 1450 praesentibus
1083 1355 1153 1428 sub
1178 1354 1335 1430 tentorio
1364 1354 1462 1449 apud
1489 1355 1728 1449 l’anormum,
1757 1354 1896 1450 peperit

721 1473 883 1550 terribile
916 1481 1143 1568 monstrum,
1171 1474 1307 1549 seilicet
1336 1474 1563 1549 Fridericum
1587 1473 1617 1548 ll
1651 1475 1793 1548 hostem
1828 1473 1898 1547 im·

721 1595 937 1690 placabilem
968 1595 1142 1670 ecclesiae.
1177 1595 1282 1671 Unde
1319 1594 1537 1690 Fridericus,
1568 1595 1716 1690 quaudo
1752 1595 1896 1670 volebat

721 1718 845 1792 lacere
869 1717 1032 1792 solemne
1057 1723 1343 1810 sacramentum,
1370 1716 1528 1791 habebat
1551 1715 1598 1790 ‹le
1623 1735 1729 1790 more
1751 1714 1895 1791 dicere:

721 1839 793 1914 Per
819 1837 905 1911 illud
932 1837 1166 1930 miraculum,
1191 1858 1268 1930 qno
1300 1845 1421 1912 mater
1455 1858 1537 1912 mea
1567 1836 1695 1934 genuit
1723 1859 1794 1930 me,
1827 1858 1898 1934 ego

722 1957 773 2032 sic
798 1957 940 2032 faciam.
966 1958 1070 2032 Nune
1095 1956 1141 2032 ad
1167 1956 1310 2032 literam
1329 1957 1416 2031 dicit
1432 1956 1608 2031 l‘iclrarda
1625 1956 1697 2031 sie:
1723 1961 1757 2030 Ε
1779 1969 1897 2052 questo

715 2080 816 2150 auro
839 2080 1020 2171 splendor,
1040 2077 1248 2170 benedicit,
1266 2077 1352 2172 quia
1370 2077 1579 2153 Constantia
1598 2097 1646 2152 ex
1672 2077 1746 2150 alto
1767 2097 1895 2152 rerum

721 2198 882 2273 culmine
908 2197 1042 2272 ellulsit
1059 2197 1095 2270 in
1113 2205 1240 2271 nostro
1256 2198 1348 2272 orbe
1363 2197 1588 2291 occidentali,
1607 2197 1678 2272 lilia
1698 2197 1795 2294 regis
1816 2219 1898 2273 ma·

721 2318 796 2415 gni,
825 2339 919 2391 uxor
944 2317 1094 2392 maioris
1120 2317 1370 2413 imperatoris:
1389 2325 1427 2393 et
1451 2317 1481 2392 si
1507 2317 1574 2391 luit
1589 2317 1748 2414 gloriosa
1765 2319 1801 2392 in
1819 2325 1896 2394 ter-

723 2437 772 2512 ris
798 2437 934 2512 virtute
963 2443 1001 2512 et
1033 2437 1193 2532 putealia
1221 2459 1366 2535 magna,
1392 2447 1532 2532 quanto
1563 2437 1680 2531 magis
1710 2437 1748 2512 in
1777 2438 1899 2511 coelot

723 2561 783 2632 cte
808 2560 834 2632 a·
856 2561 888 2632 n·
912 2565 1047 2632 moseo
1071 2561 1170 2631 dello
1195 2561 1267 2632 mio
1291 2562 1412 2632 aestro
1438 2567 1556 2652 porte,
1581 2559 1725 2634 ratione
1750 2557 1898 2633 maioris

725 2679 883 2772 honoris,
910 2702 928 2752 e
952 2683 1012 2753 cllo
1026 2681 1229 2773 s'aceendc,
1252 2679 1355 2774 idest,
1375 2679 1603 2754 illuminatur
1628 2686 1666 2754 et
1690 2679 1899 2753 inllamma·

723 2805 798 2893 tur,
824 2802 862 2873 di
885 2806 969 2874 tulto
985 2802 1012 2871 'l
1034 2803 1124 2873 lurae
1148 2802 1241 2872 della
1271 2821 1379 2893 spero
1411 2807 1549 2890 nostro,
1579 2798 1681 2893 idest,
1711 2798 1898 2874 inlluenlia

592 2983 595 2990 .
723 2922 833 3014 luuae,
860 2921 964 3015 quasi
989 2919 1085 2996 dicat
1110 2922 1209 3015 quod
1236 2921 1302 2994 luit
1327 2941 1416 2996 vere
1446 2921 1517 2995 lilia
1548 2921 1646 2994 lunre
1676 2927 1777 2994 tanto
1803 2925 1898 2993 tem-

723 3060 814 3137 poro
834 3041 1023 3115 continens
1049 3048 1086 3114 et
1110 3061 1262 3114 servans
1281 3041 1696 3136 virginitaten13sorellu
1718 3044 1774 3135 [ιι,
1795 3040 1897 3134 idest,

725 3161 910 3255 monialis,
937 3168 974 3236 et
999 3161 1084 3236 lacit
1108 3182 1222 3234 unam
1250 3161 1572 3256 interpositionem,
1594 3161 1731 3254 diceus,
1747 3163 1896 3251 intende,

723 3287 765 3354 tu
792 3281 937 3375 Dentes,
962 3283 1001 3355 dt
1024 3277 1064 3354 se*
1085 3274 1139 3354 cio
1165 3283 1263 3354 clt’io
1280 3283 1358 3354 dico
1374 3284 1413 3354 di
1430 3302 1494 3375 mc,
1515 3281 1602 3375 quia
1628 3282 1755 3356 nolens
1772 3287 1811 3356 et
1831 3281 1897 3356 do-

722 3402 801 3476 lens
828 3406 943 3474 tracta
970 3400 1037 3474 luit
1062 3399 1108 3474 de
1133 3399 1229 3474 dulci
1247 3400 1426 3493 claustro;
1445 3401 1544 3475 unde
1563 3399 1668 3475 dicit:
1686 3423 1705 3474 e
1725 3393 1795 3473 cosi
1812 3403 1844 3475 le
1856 3403 1897 3493 [ιι

725 3523 822 3613 totto,
848 3520 943 3596 sicut
970 3521 1070 3613 milri,
1095 3525 1133 3595 cli
1157 3542 1246 3613 copo
1271 3522 1428 3595 cannara
1445 3524 1533 3595 delle
1552 3542 1656 3595 sacre
1671 3522 1791 3614 mode,
1810 3541 1896 3594 nam

722 3663 745 3716 a
771 3641 855 3718 velo
880 3641 941 3716 uili
967 3642 1014 3716 ad
1039 3642 1240 3738 pretiosum
1266 3641 1449 3734 diadema,
1474 3650 1512 3717 el
1536 3643 1584 3716 ab
1609 3662 1739 3738 aspera
1774 3643 1897 3717 tunica

723 3761 889 3836 transivit
914 3761 960 3836 ad
988 3782 1190 3857 purpuram
1219 3781 1362 3857 regum.
1376 3768 1512 3835 -Μιι,
1531 3764 1595 3836 llic
1615 3762 1792 3838 Piclrarda
1811 3782 1898 3837 nar·

725 3887 784 3956 rat
808 3883 1049 3956 constantiam
1083 3881 1194 3976 ipsius
1226 3881 1458 3975 Constantia,
1484 3882 1627 3957 dicens:
1654 3887 1718 3955 lla
1744 3885 1808 3975 poi
1837 3886 1898 3956 elle

719 4005 856 4096 purat
880 4005 1008 4076 mondo
1035 4005 1078 4096 [ιι
1110 4005 1252 4095 rivolta,
1281 4003 1341 4076 illa
1371 4002 1488 4098 virgo,
1513 4009 1638 4075 corclrn
1668 4023 1732 4075 suo
1763 4004 1894 4096 prodo,

724 4121 827 4216 idest,
848 4128 975 4196 votum
1002 4144 1112 4196 suurn
1130 4122 1396 4215 voluntarium,
1420 4143 1440 4194 e
1464 4130 1589 4195 contro
1608 4123 1725 4195 buono
1742 4143 1891 4216 usonzc,

589 4245 593 4253 “
724 4243 812 4337 quia
836 4248 965 4318 contra
990 4243 1101 4338 leges,
1127 4241 1290 4335 decreta,
1315 4249 1353 4317 et
1379 4262 1520 4336 mores3
1552 4242 1634 4317 ideo
1664 4243 1762 4317 male
1790 4242 1899 4318 cessit

724 4363 984 4459 sacerdotibus
1011 4384 1082 4436 non
1103 4368 1145 4457 [ιι
1169 4366 1233 4436 dol
1255 4365 1310 4437 oct
1332 4365 1391 4436 dcl
1411 4384 1499 4436 onor
1527 4365 1698 4454 piammoi
1725 4366 1896 4455 ιιιιοίοιιιι,

724 4482 811 4577 quia
836 4503 982 4577 semper
1009 4483 1045 4557 in
1070 4483 1196 4556 anirno
1222 4483 1372 4556 retinuit
1390 4481 1555 4557 habiturn
1579 4483 1834 4558 monasticum.
1855 4485 1898 4558 Et

723 4601 782 4677 hic
807 4608 892 4677 nota
919 4601 1018 4696 quod
1030 4602 1169 4697 judicio
1188 4622 1272 4677 meo
1291 4601 1466 4677 Piclrarcla
1486 4601 1631 4676 ridetur
1650 4603 1766 4700 magis
1783 4624 1900 4678 excu-

724 4721 835 4797 sanda
869 4744 982 4816 quam
1015 4723 1241 4816 Constantia3
1267 4722 1399 4817 primo,
1426 4723 1512 4816 quia
1538 4723 1746 4798 Constantia
1777 4725 1898 4800 vetula

725 4843 847 4918 virum
874 4861 949 4916 non
974 4850 1128 4917 noverat
1154 4862 1274 4935 usque
1299 4841 1336 4916 in
1360 4848 1609 4937 senectutem,
1636 4843 1703 4918 ista
1730 4863 1819 4918 vero
1835 4845 1899 4939 ju·

726 4963 881 5038 rencula
908 4968 987 5037 erat
1013 4963 1093 5037 viro
1118 4963 1302 5058 aptissima
1329 4961 1366 5035 in
1391 4963 1646 5038 florentissima
1677 4963 1805 5058 patria.
1833 4965 1899 5039 Se-

727 5083 860 5175 cundo,
878 5083 965 5176 quia
983 5089 1144 5158 mentem
1164 5083 1377 5158 firmaverat
1393 5083 1595 5159 diutissime
1611 5084 1648 5158 in
1666 5104 1735 5158 suo
1753 5083 1896 5181 habitu,
