4575 6842
806 982 946 1038 caurus
970 981 1165 1036 sncuuous.
1497 968 1567 1036 337

395 1128 495 1222 fuse,
522 1126 660 1203 sedhic
678 1134 784 1222 poeta
802 1146 940 1200 novum
958 1125 1150 1202 fabricavit
1166 1125 1352 1200 internum
1364 1119 1402 1218 (¹)
1420 1146 1569 1201 summo

395 1246 549 1322 artificio
574 1247 789 1322 mirabiliter
814 1246 985 1344 lingendo
1011 1266 1106 1321 nova
1132 1265 1271 1342 genera
1292 1246 1567 1341 suppliciorum.

394 1369 482 1456 Quis
507 1367 605 1442 enim
625 1387 789 1460 unquam
809 1365 950 1462 punivit
966 1366 1093 1442 decem
1112 1386 1251 1463 genera
1272 1365 1457 1440 fraudium
1474 1366 1569 1441 sicut

394 1489 496 1584 ipset
513 1487 595 1582 quis
611 1486 799 1583 descripsit
817 1488 927 1562 talem
944 1507 1098 1562 arenam
1117 1486 1365 1560 violentorum
1386 1506 1471 1560 cum
1490 1490 1566 1560 tam

395 1609 546 1684 dirersis
572 1608 713 1704 poenis‘l
733 1614 770 1682 ct
790 1609 875 1682 talia
893 1609 1021 1702 multa,
1040 1628 1124 1702 quae
1142 1628 1216 1681 non
1240 1605 1319 1681 sine
1344 1626 1478 1702 magna
1497 1604 1570 1678 uti·

395 1731 495 1804 litate
512 1735 550 1804 et
565 1728 804 1804 delectatione
819 1728 1049 1803 audientium
1068 1726 1230 1822 quotidie
1250 1728 1451 1823 leguntur:
1472 1725 1571 1799 unde

395 1848 525 1923 inferni
543 1848 635 1924 liber
655 1850 736 1945 plus
752 1848 862 1923 hahet
879 1849 979 1942 artis,
999 1855 1040 1923 ut
1058 1847 1146 1922 mihi
1171 1846 1328 1922 ridetur.
1347 1847 1440 1919 Nota
1456 1844 1567 1919 etiam

396 1969 495 2064 quod
519 1987 617 2063 aqua
642 1989 754 2062 quam
781 1973 890 2044 autor
916 1989 1014 2042 nunc
1036 1968 1156 2064 primo
1171 1967 1326 2041 assumit
1345 1985 1569 2062 percurren-

395 2090 480 2164 dam
516 2096 572 2165 est
601 2088 880 2185 profundissima
911 2089 1077 2164 omnium
1109 2105 1307 2182 aquarum,
1338 2094 1380 2161 ut
1412 2092 1569 2162 testatur

376 2211 633 2310 Augustinus.
665 2209 795 2285 Audivi
830 2217 953 2284 tamen
988 2208 1168 2302 quosdam
1204 2208 1365 2282 ridenter
1395 2207 1568 2300 diceutes,

397 2331 496 2424 quod
521 2330 714 2427 theologia,
741 2329 808 2402 nisi
836 2328 1000 2404 moderni
1033 2328 1193 2424 theologi
1226 2325 1470 2401 admiscerent
1500 2325 1567 2400 sihi

399 2449 675 2546 philosophiam,
694 2455 767 2523 tota
785 2455 899 2523 staret
923 2449 959 2522 in
981 2468 1095 2544 parvo
1116 2447 1208 2521 libro
1234 2446 1338 2542 parvi
1362 2445 1479 2542 pretii.
1498 2445 1569 2521 Sed

398 2570 626 2666 indignanter
644 2569 847 2664 respondeo
870 2567 968 2662 quod
996 2567 1103 2641 nimis
1124 2566 1357 2662 impudenter
1382 2565 1570 2640 mentiun-

400 2697 472 2784 tur,
491 2690 665 2785 quoniam
692 2690 727 2763 in
753 2690 855 2763 nulla
875 2689 1022 2764 scientia
1042 2687 1228 2763 invenitur
1248 2693 1322 2760 tam
1345 2687 1568 2760 immensum

396 2812 582 2904 volumen,
601 2809 695 2884 sicut
719 2809 832 2883 Biblia
859 2809 895 2882 in
920 2829 1024 2883 sacra
1051 2807 1221 2902 scientia,
1240 2807 1315 2880 imo
1332 2808 1426 2880 sorte
1444 2805 1480 2879 in
1497 2823 1569 2878 cae-

396 2930 484 3005 teris
509 2929 741 3006 facultatibus
775 2951 848 3004 non
878 2929 1063 3004 invenitur
1093 2936 1216 3004 tantus
1246 2947 1425 3001 numerus
1454 2926 1567 2999 libro-

399 3071 495 3144 rum,
521 3056 681 3143 quantus
707 3050 744 3123 in
768 3049 888 3123 diviua
915 3048 1107 3143 scriptura.
1131 3048 1220 3136 Quis
1253 3045 1351 3122 enirn
1382 3051 1503 3141 posset
1531 3045 1569 3118 in

397 3169 471 3243 vita
495 3175 638 3244 tantum
669 3170 805 3267 legere,
838 3176 1018 3263 quantum
1049 3167 1275 3264 Augustinus
1304 3166 1479 3260 scrihere,
1505 3164 1568 3259 qui

397 3290 495 3380 circa
520 3289 628 3365 mille.
645 3289 831 3365 volumina
864 3289 983 3383 edidit,
1015 3287 1080 3364 etsi
1119 3308 1194 3362 non
1224 3287 1365 3362 lecisset
1395 3286 1461 3360 uisi
1489 3307 1570 3361 ma-

398 3431 514 3508 gnum
541 3411 717 3486 volumen
734 3431 845 3506 super
862 3409 1106 3484 Psalteriumi
1124 3414 1165 3481 ut
1183 3407 1270 3481 nihil
1288 3407 1407 3481 dicam
1424 3406 1471 3481 de
1487 3407 1570 3481 Ori-

396 3551 493 3628 gene
519 3529 583 3625 qui
607 3530 725 3604 multa
745 3529 856 3604 millia
880 3529 973 3623 lecit,
996 3535 1034 3604 et
1058 3527 1105 3603 de
1129 3526 1209 3601 aliis
1234 3525 1391 3600 infinitis.
1413 3526 1456 3600 Et
1481 3526 1567 3620 quia

401 3657 520 3747 posset
552 3649 634 3743 quis
659 3670 850 3743 quaerere:
876 3649 975 3723 unde
1004 3648 1104 3723 venit
1130 3648 1196 3722 tihi
1227 3647 1381 3721 audacia
1414 3645 1570 3722 intrandi

398 3772 503 3846 istam
538 3791 710 3867 magnam
744 3773 908 3864 aquarn?
939 3768 1133 3864 respondet
1165 3773 1292 3842 autor:
1327 3767 1414 3861 quia
1449 3767 1569 3842 habeo

397 3892 493 3966 hona
516 3891 664 3984 auxilia,
691 3890 838 3984 scilicet,
864 3889 1028 3981 Palladis,
1046 3887 1219 3983 Apollinis
1239 3892 1277 3961 et
1296 3889 1496 3961 illusarum.
1515 3886 1569 3961 Ad

397 4012 496 4107 quod
521 4018 575 4087 est
600 4011 867 4107 praesciendum
893 4009 1003 4104 quod,
1030 4009 1124 4082 sicut
1153 4013 1253 4103 patet
1282 4008 1380 4102 apud
1405 4007 1569 4082 diversos

397 4139 558 4227 autores,
578 4132 739 4206 Minerva
757 4131 826 4204 luit
847 4129 992 4221 femina,
1010 4128 1117 4202 cuius
1134 4127 1239 4223 origo
1258 4127 1383 4223 ignota
1402 4125 1487 4218 iuit;
1507 4125 1570 4200 sed

398 4251 491 4326 dicta
518 4258 572 4327 est
596 4253 737 4346 absque
766 4257 886 4326 matre
915 4270 962 4324 ex
991 4248 1149 4324 cerehro
1178 4247 1277 4322 lovis
1307 4255 1392 4322 nata
1421 4252 1571 4341 propter

399 4373 479 4448 cius
503 4374 689 4448 coelestem
720 4371 954 4467 sapientiam;
981 4369 1079 4445 unde
1109 4375 1147 4444 et
1175 4375 1305 4443 vocata
1330 4373 1385 4441 est
1414 4365 1570 4460 Athena,

399 4493 502 4588 idest,
526 4493 753 4570 immortalis.
780 4493 865 4567 Haec
889 4511 1035 4586 semper
1061 4489 1167 4586 virgo
1184 4489 1250 4563 luit
1271 4487 1451 4563 inventrix
1473 4489 1571 4562 mul-

399 4621 523 4689 tarum
539 4612 701 4706 artium,
725 4633 809 4686 narn
835 4612 952 4706 prima
971 4610 1122 4706 'reperiit
1144 4609 1341 4683 lanificium
1360 4609 1570 4705 ignoratum

399 4741 506 4809 antea
533 4733 714 4826 omnihus,
741 4739 778 4807 et
809 4753 901 4827 opus
934 4731 1077 4807 texendi
1110 4730 1205 4804 mira
1234 4735 1315 4804 arte
1347 4729 1571 4824 composuit3

400 4854 584 4931 adinvenit
599 4844 635 4946 (²)
667 4851 786 4948 prima
812 4852 945 4927 olivam
979 4859 1017 4926 et
1055 4851 1126 4926 olei
1156 4849 1338 4944 liquorem
1369 4849 1572 4945 optimum3

461 5042 489 5105 (¹)
505 5041 536 5092 E.
553 5041 685 5092 infernum
701 5053 749 5091 suo
766 5040 873 5090 urtillcio
890 5053 1002 5089 summo.

463 5120 490 5181 (¹)
506 5120 537 5170 Ε.
554 5119 682 5170 adinvenit
698 5118 775 5169 etium
793 5117 875 5180 primu
892 5117 988 5168 olivum
1004 5120 1031 5167 et
1047 5115 1143 5166 oleum.

531 5225 568 5269 lv.
1411 5217 1439 5260 22
