4575 6842
792 974 931 1032 caurus
955 975 1180 1029 rnrensmus.
1499 964 1571 1030 207

397 1143 509 1198 uuam
537 1122 850 1218 comparationem
876 1121 1014 1197 claram
1033 1128 1069 1196 et
1090 1120 1289 1216 propriam,
1311 1120 1454 1196 dicens:
1472 1122 1571 1217 quod

396 1243 447 1318 ita
471 1244 593 1342 augeli
619 1242 739 1317 subito
766 1248 1012 1317 surrexerunt
1036 1241 1083 1316 de
1107 1240 1193 1337 biga
1219 1241 1266 1315 ad
1291 1248 1440 1316 cantum
1467 1244 1571 1318 Salo-

397 1364 528 1456 monis,
553 1363 647 1438 sicul
672 1361 757 1436 boni
785 1367 981 1457 resurgent
998 1361 1044 1436 de
1064 1361 1255 1456 sepultura
1279 1361 1326 1435 ad
1351 1383 1483 1436 sonum
1503 1385 1571 1438 an-

396 1483 479 1580 geli.
507 1482 599 1557 Dicit
622 1502 732 1577 ergo:
763 1484 880 1573 ceno,
906 1481 1051 1576 scilicet,
1078 1479 1212 1578 augeli,
1237 1487 1275 1555 et
1300 1482 1402 1576 ponit
1426 1481 1569 1556 finitum

398 1626 465 1701 pro
491 1602 642 1697 infinito,
675 1604 826 1677 ministri
848 1608 881 1675 ct
903 1605 1118 1694 messugptitr
1147 1604 1186 1676 di
1214 1604 1285 1676 otto
1314 1610 1448 1697 ebron,
1486 1602 1573 1697 quia

397 1723 519 1820 augeli
545 1729 631 1797 sunt
657 1722 757 1795 missi
781 1742 804 1796 a
830 1722 906 1795 Deo
932 1720 1151 1796 famulantes
1175 1721 1222 1816 ei,
1251 1724 1415 1814 nicom,
1441 1723 1488 1797 ad
1505 1744 1572 1797 ro-

397 1864 479 1919 cem
507 1842 596 1916 tanti
617 1842 725 1936 senis,
743 1840 890 1935 scilicet,
908 1840 1122 1934 Salomonis,
1141 1841 1227 1935 quia
1247 1840 1316 1914 luit
1332 1862 1446 1916 senex
1464 1846 1573 1917 rente

399 1970 436 2039 et
461 1961 648 2057 sapientia,
673 1964 712 2035 io
736 1982 777 2034 su
803 1963 840 2034 la
864 1963 985 2035 dimne
1009 1961 1188 2051 basterna,
1206 1961 1309 2056 idest,
1331 1982 1443 2056 super
1468 1962 1571 2035 iilum

397 2087 567 2157 sanctum
582 2075 618 2174 (¹)
633 2101 786 2156 currum
814 2080 977 2155 ecclesiae
994 2078 1070 2155 Dei.
1085 2080 1147 2155 Est
1163 2079 1262 2153 euim
1280 2080 1451 2155 basterna
1470 2081 1574 2156 rebi-

397 2202 525 2276 culum
559 2200 708 2295 itineris,
735 2200 786 2274 sic
816 2199 923 2293 dicta,
950 2198 1053 2292 quasi
1083 2204 1265 2293 resterna,
1292 2199 1378 2295 quia
1413 2200 1574 2276 restibus

400 2312 617 2412 mollibus(²)
643 2320 831 2413 sternitur,
845 2326 882 2395 et
899 2318 1080 2394 aduobus
1105 2319 1325 2394 animalibus
1351 2320 1520 2416 trabitur,
1534 2322 1572 2397 in

401 2462 476 2536 qua
502 2441 675 2517 mulieres
702 2440 840 2515 nobiles
869 2439 1104 2515 deseruntur:
1132 2446 1170 2516 et
1200 2440 1252 2515 sic
1278 2439 1361 2516 ride
1392 2447 1573 2535 quantum

401 2564 617 2657 metaphora
649 2560 694 2634 sit
726 2560 884 2656 propria,
918 2561 1006 2654 quia
1043 2560 1112 2636 ista
1150 2561 1235 2657 biga
1268 2561 1415 2637 ducitur
1446 2561 1485 2635 in
1515 2562 1575 2637 ria

402 2702 486 2776 quae
502 2672 539 2773 (³)
565 2681 823 2778 peregrinatur
848 2681 885 2754 in
911 2681 979 2756 ista
1003 2682 1091 2775 vita,
1116 2690 1155 2757 ei
1179 2682 1339 2755 trahitur
1354 2684 1402 2757 ab
1427 2682 1575 2758 animali

403 2802 564 2877 duarum
590 2808 821 2895 naturarum,
840 2807 876 2875 el
901 2808 958 2876 est
975 2802 1222 2897 multipliciter
1239 2802 1429 2897 adornata,
1446 2802 1483 2876 in
1501 2822 1576 2895 qua

402 2922 567 2997 defertur
601 2920 823 3001 nobilissima
855 2920 1014 3017 domina,
1043 2922 1180 2997 scilicet
1209 2922 1376 3018 Beatri13
1408 2922 1575 3016 ministri,

403 3042 495 3136 dico,
522 3045 627 3115 rotali
651 3044 746 3133 paoli
768 3044 783 3114 i
806 3042 896 3115 beati
918 3063 1096 3133 corperea
1121 3052 1255 3136 presto,
1284 3044 1417 3137 subito,
1443 3063 1576 3135 omma,

404 3162 506 3255 idest,
533 3160 696 3255 quilibet,
721 3162 760 3233 di
783 3182 849 3235 sua
872 3182 1041 3256 cavana,
1070 3163 1216 3257 scilicet,
1238 3164 1438 3258 sepultura,
1456 3166 1496 3237 ul
1508 3183 1577 3236 oo-

404 3284 543 3355 oirsimo
569 3282 701 3371 bando,
726 3281 829 3377 idest,
855 3281 985 3357 ultima
1010 3283 1069 3358 die
1089 3283 1216 3379 judicii
1245 3283 1393 3379 quaudo
1422 3284 1577 3380 angelus

402 3402 659 3497 proclamabit:
686 3404 824 3493 surpite
850 3406 991 3491 abortui,
1016 3410 1085 3479 etc.
1121 3407 1347 3497 olielnioodo,
1368 3405 1469 3509 idest,
1488 3425 1575 3479 cum

402 3522 538 3619 gaudio
564 3522 744 3597 canundo
770 3523 928 3617 alleluia,
950 3524 1049 3618 quod
1070 3545 1207 3599 nomen
1236 3525 1451 3600 hebraicum
1472 3531 1578 3600 sonat

403 3643 608 3717 secundum
635 3663 748 3717 unam
766 3643 1051 3738 expositionem:
1070 3648 1214 3718 Saluum
1237 3666 1291 3718 nte
1313 3651 1387 3740 sec,
1406 3648 1579 3739 Dominc3

364 3754 366 3761 ’
403 3764 503 3857 quod
529 3763 624 3839 bene
648 3764 822 3859 competit
846 3764 947 3859 ipsis;
968 3772 1006 3840 et
1025 3764 1121 3861 dicit,
1149 3767 1186 3838 ie
1212 3787 1294 3839 voce
1317 3770 1485 3858 nomam,
1506 3766 1577 3841 sci-

403 3883 498 3979 licet,
525 3906 548 3959 a
573 3904 741 3980 corpore,
774 3885 877 3979 quasi
902 3884 1009 3978 dicat,
1045 3886 1243 3981 resumptis
1258 3873 1295 3978 (⁴)
1322 3886 1470 3983 organis
1495 3907 1580 3962 cor-

403 4006 601 4100 poralibus,
632 4006 681 4079 ita
715 4005 815 4100 quod
828 3997 865 4098 (⁵)
893 4011 982 4080 tunc
1012 4006 1082 4080 erit
1112 4006 1317 4102 perlectior.
1344 4008 1388 4080 lit
1418 4007 1471 4081 sic
1495 4007 1580 4083 ride

256 4197 259 4203 .
407 4132 589 4221 quantum
619 4127 845 4221 comparatio
877 4126 923 4201 sit
954 4126 1102 4222 propria
1128 4147 1173 4202 ex
1200 4122 1300 4200 omni
1317 4116 1354 4220 (⁸)
1388 4133 1503 4223 parte,
1533 4126 1581 4203 de

406 4245 522 4320 beatis
547 4245 594 4320 ad
618 4246 780 4342 angelos,
816 4245 863 4321 de
887 4246 1058 4321 basterna
1090 4245 1136 4321 ad
1166 4266 1378 4342 cavernam,
1413 4247 1460 4322 de
1488 4268 1581 4322 voce

406 4364 526 4459 angeli
552 4365 598 4439 ad
624 4384 755 4440 rocem
785 4365 999 4440 Salomonis.
1012 4406 1062 4420 -
1079 4368 1177 4440 liciti.
1196 4366 1262 4440 Hic
1278 4373 1385 4463 poeta
1411 4367 1585 4442 describit

406 4483 526 4580 ipsum
542 4489 692 4560 cantum
705 4487 923 4581 angelorum
938 4506 1049 4580 super
1060 4486 1207 4561 laudem
1217 4486 1347 4583 gryphi
1358 4486 1581 4584 sivesponsi3

406 4610 445 4678 et
469 4603 554 4678 dicit
571 4604 731 4680 breviter
750 4605 848 4700 quod
865 4605 1033 4679 dicebant
1049 4605 1138 4680 illud
1154 4604 1252 4699 quod
1268 4604 1407 4680 dictum
1426 4607 1496 4681 luit
1514 4607 1582 4682 sibi

408 4726 445 4799 iu
470 4726 529 4801 die
554 4726 767 4801 Palmarum
792 4748 814 4800 a
840 4725 920 4800 liliis
936 4726 1047 4801 lsrael
1065 4726 1280 4803 testantibus
1297 4732 1334 4801 et
1351 4728 1582 4802 cantantibus

471 4949 500 5015 (¹)
516 4952 547 5003 E·
564 4964 579 5001 ο
596 4956 650 5013 1¹⁷.
667 4964 778 5004 naum.
949 4954 978 5015 r)
993 4954 1025 5005 u.
1041 4954 1188 5005 murrum.

472 5028 620 5093 itherus·
951 5030 1026 5095 riu.
1043 5032 1206 5095 unumne

473 5104 501 5167 i'l
518 5107 572 5167 ¹¹⁷,
588 5104 659 5170 quod
673 5118 725 5160 τοι
740 5112 804 5160 tuno
818 5110 884 5159 erat.
949 5106 977 5171 ω
992 5108 1025 5159 ll.
1041 5109 1162 5160 exomni
1176 5109 1217 5160 sui
1232 5113 1315 5173 parto,
1330 5108 1429 5161 scitiust
1443 5109 1477 5160 rie
1492 5110 1582 5161 bonde
