4575 6842
696 973 767 1048 lul
1056 945 1263 1046 cononum
1286 987 1506 1045 nunonnonn

693 1155 857 1228 cooeona
868 1137 928 1209 cte
947 1137 979 1209 si
997 1155 1128 1209 muooo
1139 1136 1256 1209 druna
1271 1137 1388 1208 muno
1403 1141 1492 1208 sotto
1512 1132 1673 1208 tonora
1680 1141 1870 1229 perpete,-

695 1258 775 1331 vult
799 1254 924 1331 dicere
948 1255 1048 1350 quod
1073 1245 1180 1330 tuntu'
1206 1261 1262 1331 est
1288 1255 1336 1329 ini
1365 1253 1523 1330 densitas
1553 1255 1744 1348 arborum,
1769 1255 1868 1349 quod

694 1397 743 1451 ex
768 1375 997 1451 connexione
1022 1395 1216 1450 ramorum
1243 1374 1333 1450 rodii
1358 1375 1445 1449 solis
1464 1375 1522 1450 vel
1548 1372 1648 1449 lune
1675 1381 1870 1470 penetrum

694 1517 769 1574 non
795 1503 970 1593 possunt3
996 1496 1096 1572 unde
1118 1496 1225 1572 dicit:
1242 1497 1303 1570 olto
1318 1499 1392 1570 moi
1409 1499 1562 1588 ronyiur
1577 1517 1651 1570 uon
1671 1499 1781 1570 loscio
1798 1499 1874 1570 sole

693 1621 754 1710 ici,
778 1615 825 1692 ne*
847 1621 943 1711 mnu,
970 1623 1009 1692 et
1033 1634 1100 1712 per
1124 1637 1354 1711 consequens
1375 1637 1443 1692 noc
1464 1617 1524 1692 die
1542 1637 1610 1692 neo
1626 1623 1734 1692 nocte
1750 1623 1868 1713 potest

695 1759 777 1814 esse
801 1736 850 1810 ibi
875 1738 940 1811 lux
955 1731 993 1828 (¹)
1020 1737 1194 1831 manime,
1213 1755 1281 1812 nec
1306 1735 1354 1810 ibi
1381 1742 1436 1812 est
1452 1737 1554 1812 color
1570 1739 1630 1813 vel
1657 1738 1783 1834 digus,
1803 1737 1866 1816 sed

695 1857 869 1934 continuo
895 1855 1115 1951 temperies:
1142 1856 1210 1930 istu
1237 1856 1335 1932 enlm
1361 1877 1460 1951 uquu
1485 1855 1622 1933 inducit
1647 1857 1866 1934 obliuionem

694 1983 943 2076 peccatorum.

770 2101 832 2171 Coi
852 2093 918 2190 pic.
945 2097 1016 2170 lstu
1041 2101 1098 2170 est
1121 2093 1284 2171 secunda
1313 2115 1398 2194 pars
1429 2097 1466 2172 ln
1498 2117 1572 2192 qua
1602 2104 1709 2193 poeto
1742 2104 1866 2173 nomer

693 2217 864 2294 describit
890 2217 1095 2291 mirabilem
1121 2217 1309 2292 dominum
1336 2236 1450 2313 quum
1480 2217 1616 2314 ceperit
1639 2217 1689 2292 ibi
1713 2225 1867 2294 cnuton-

693 2343 770 2414 tem
803 2342 839 2413 et
872 2338 981 2413 dones
1013 2336 1255 2433 colligentem.
1293 2337 1336 2411 Et
1367 2338 1414 2413 nd
1451 2338 1722 2436 intelligendam
1758 2339 1867 2434 plene

693 2457 800 2533 istum
825 2456 983 2532 nobilem
1002 2464 1158 2552 purtem,
1177 2458 1261 2532 volo
1278 2457 1399 2555 primo
1424 2466 1461 2534 te
1485 2465 1616 2534 noune
1641 2459 1740 2554 quod
1756 2467 1867 2534 auton

693 2599 793 2653 nunc
818 2578 974 2653 ostendit
999 2597 1040 2653 so
1065 2578 1191 2653 videno
1215 2578 1262 2654 de
1287 2578 1383 2656 lecto
1407 2579 1507 2655 illum
1533 2579 1732 2676 dominum,
1749 2595 1864 2674 quem

693 2698 865 2793 superius
890 2696 1048 2772 finxerat
1071 2717 1112 2772 se
1137 2697 1268 2772 vidisse
1294 2697 1330 2772 in
1356 2719 1486 2774 somno
1511 2698 1549 2773 in
1575 2699 1705 2775 eodem
1739 2698 1865 2774 habitu

693 2823 731 2893 et
756 2823 852 2891 actu.
879 2817 964 2890 llaec
990 2823 1045 2892 est
1069 2837 1161 2914 ergo
1186 2817 1369 2893 comitissa
1399 2818 1586 2914 diethildis,
1618 2839 1703 2913 quae
1732 2819 1864 2894 devota

692 2932 765 3011 filio
789 2935 886 3010 Petri
904 2956 971 3030 pro
989 2942 1109 3010 matre
1124 2936 1277 3011 ecclesia
1303 2957 1450 3034 semper
1475 2937 1521 3013 de
1546 2937 1710 3013 hostibus
1731 2936 1865 3012 trium·

691 3057 827 3153 pinevii.
853 3055 924 3130 lstu
949 3077 1040 3154 ergo
1065 3063 1216 3152 proptor
1241 3057 1494 3132 excellentiam
1527 3075 1605 3132 suae
1636 3058 1780 3131 virtutis
1810 3057 1865 3130 in-

692 3177 839 3252 ducitur
857 3177 926 3271 hic,
940 3183 983 3250 ut
998 3177 1129 3252 doceat
1147 3181 1184 3252 et
1200 3177 1366 3253 ostendut
1381 3177 1524 3253 unimus
1543 3185 1719 3275 purgatas
1735 3197 1864 3254 ascen·

693 3319 800 3371 suras
832 3297 879 3371 ud
908 3299 1058 3393 coelum,
1088 3304 1260 3394 oportere
1292 3295 1448 3372 transire
1480 3317 1545 3393 pen
1577 3298 1768 3374 ecclesium
1799 3297 1865 3373 Dei

693 3415 910 3494 militantem
937 3418 1120 3494 mediante
1145 3417 1376 3494 balneationo
1391 3418 1551 3492 duarum
1570 3439 1754 3513 uquarum
1780 3435 1865 3514 quie

692 3539 751 3614 llic
780 3539 1042 3634 inveniuntur3
1072 3540 1124 3615 sic
1154 3539 1243 3614 Guto
1261 3530 1299 3632 (¹)
1331 3539 1478 3634 ponitur
1509 3539 1546 3614 in
1583 3539 1733 3615 introitu
1771 3560 1864 3634 pur-

690 3658 822 3756 gatonii
855 3659 901 3732 ad
933 3658 1214 3754 pnaepnnondum
1251 3659 1393 3734 unimus
1423 3657 1469 3733 nd
1502 3679 1695 3734 ascensum
1733 3659 1864 3734 montis

690 3797 758 3875 pen
782 3779 957 3854 lotionem
983 3777 1098 3854 luciei.
1124 3779 1179 3853 dd
1196 3778 1341 3854 literam
1359 3797 1450 3875 ongo
1470 3779 1556 3854 dicit
1575 3785 1700 3876 pomo:
1725 3785 1786 3855 Coi
1803 3776 1865 3874 pie*

690 3903 824 3992 meletii,
850 3899 952 3994 idest,
979 3898 1123 3974 firmavi
1151 3919 1210 3974 me
1235 3899 1273 3974 in
1300 3898 1379 3995 ripu
1404 3897 1575 3996 fluminis,
1609 3904 1773 3994 epcooui
1796 3919 1863 3974 con

689 4024 741 4113 cli
762 4023 858 4095 occdi
873 4024 911 4095 di
927 4011 963 4095 ld
979 4023 1044 4094 dul
1055 4022 1252 4116 flumicello,
1274 4019 1419 4115 scilicet,
1438 4021 1638 4115 Lethaeum‚
1656 4039 1768 4116 quem
1782 4021 1862 4116 jum

690 4141 833 4216 vocavit
859 4142 994 4236 rivum,
1023 4161 1093 4235 per
1117 4144 1264 4233 mirare,
1285 4160 1372 4215 cum
1391 4141 1484 4235 deu,
1508 4143 1544 4214 lu
1560 4161 1657 4232 oran
1673 4145 1862 4216 ouriuzion

688 4263 727 4336 di
746 4264 878 4357 [recoli
901 4265 986 4353 mci,
1012 4261 1114 4357 idest,
1141 4261 1339 4336 virentium
1365 4281 1571 4356 rumorum,
1592 4262 1655 4358 qui
1682 4268 1786 4337 erunt
1805 4261 1861 4336 di·

549 4423 553 4440 =
688 4384 786 4459 versi
811 4383 849 4457 in
874 4384 1010 4478 colore,
1028 4381 1153 4477 odore,
1171 4387 1209 4457 et
1226 4401 1357 4478 supere
1376 4381 1586 4457 fructuum:
1604 4391 1643 4458 et
1659 4383 1739 4457 tulis
1760 4383 1861 4457 locus

547 4581 553 4615 2
687 4505 783 4581 bene
808 4505 977 4580 convenit
1003 4503 1145 4599 locuto3
1180 4503 1278 4577 uude
1308 4501 1411 4578 dicit:
1436 4523 1456 4576 c
1486 4495 1509 4576 d
1540 4506 1586 4576 m’
1599 4523 1757 4596 uppuruc
1788 4523 1861 4578 notu

687 4627 810 4699 donna
833 4628 967 4715 soletto,
993 4623 1094 4718 idest,
1121 4622 1301 4716 solitunlu3
1328 4628 1366 4697 et
1396 4640 1485 4698 vete
1517 4623 1584 4700 isu
1614 4625 1763 4700 domina
1788 4643 1861 4699 non

687 4744 815 4819 hebuit
840 4744 977 4819 socium
1010 4744 1048 4819 in
1078 4744 1180 4819 ltaliu
1208 4743 1286 4839 jum
1320 4747 1488 4838 tempore
1519 4741 1654 4840 multo3
1686 4743 1761 4820 imo
1793 4763 1861 4820 nec

688 4867 810 4940 vinum
836 4865 902 4940 sibi
928 4865 1084 4941 similem
1109 4865 1148 4938 ln
1172 4864 1321 4959 virtute,
1339 4867 1398 4938 ode
1417 4868 1449 4938 si
1467 4857 1528 4957 ota
1547 4867 1750 4960 contundo;
1774 4863 1861 4962 quid

751 5127 779 5193 (¹)
796 5128 849 5188 itt,
866 5125 913 5177 tm
927 5135 1029 5191 magns.
1105 5155 1108 5160 -
1281 5119 1309 5185 ι’)
1326 5121 1357 5175 r.
1372 5123 1438 5174 seut
1452 5123 1524 5176 cuo.
