<?xml version="1.0" encoding="UTF-8"?>
<!DOCTYPE html PUBLIC "-//W3C//DTD XHTML 1.0 Transitional//EN"
    "http://www.w3.org/TR/xhtml1/DTD/xhtml1-transitional.dtd">
<html xmlns="http://www.w3.org/1999/xhtml" xml:lang="en" lang="en">
 <head>
  <title>
</title>
<meta http-equiv="Content-Type" content="text/html;charset=utf-8" />
  <meta name='ocr-system' content='tesseract 3.04.00' />
  <meta name='ocr-capabilities' content='ocr_page ocr_carea ocr_par ocr_line ocrx_word'/>
</head>
<body>
  <div class='ocr_page' id='page_1' title='image "./comentumsuperda00unkngoog_0262.png"; bbox 0 0 4575 6842; ppageno 0'>
   <div class='ocr_carea' id='block_1_1' title="bbox 710 974 1518 1041">
    <p class='ocr_par' dir='ltr' id='par_1_1' title="bbox 710 974 1518 1041">
     <span class='ocr_line' id='line_1_1' title="bbox 710 974 1518 1041; baseline -0.001 -1"><span class='ocrx_word' id='word_1_1' title='bbox 710 974 781 1041; x_wconf 71' lang='lat' dir='ltr'>all</span> <span class='ocrx_word' id='word_1_2' title='bbox 925 986 929 991; x_wconf 90' lang='lat'>·</span> <span class='ocrx_word' id='word_1_3' title='bbox 1070 986 1274 1041; x_wconf 82' lang='lat' dir='ltr'>counnnuu</span> <span class='ocrx_word' id='word_1_4' title='bbox 1299 986 1518 1041; x_wconf 81' lang='lat' dir='ltr'>runcaronu</span> 
     </span>
    </p>
   </div>
   <div class='ocr_carea' id='block_1_2' title="bbox 708 1127 1935 4955">
    <p class='ocr_par' dir='ltr' id='par_1_2' title="bbox 708 1127 1935 4955">
     <span class='ocr_line' id='line_1_2' title="bbox 709 1127 1886 1225; baseline 0 -22"><span class='ocrx_word' id='word_1_5' title='bbox 709 1134 805 1223; x_wconf 83' lang='lat' dir='ltr'>zion,</span> <span class='ocrx_word' id='word_1_6' title='bbox 823 1130 969 1223; x_wconf 88' lang='lat' dir='ltr'>scilicet,</span> <span class='ocrx_word' id='word_1_7' title='bbox 987 1128 1079 1225; x_wconf 91' lang='lat' dir='ltr'>talis,</span> <span class='ocrx_word' id='word_1_8' title='bbox 1099 1132 1188 1203; x_wconf 86' lang='lat' dir='ltr'>clt&#39;a</span> <span class='ocrx_word' id='word_1_9' title='bbox 1215 1132 1320 1203; x_wconf 68' lang='lat' dir='ltr'>eodm</span> <span class='ocrx_word' id='word_1_10' title='bbox 1344 1127 1395 1221; x_wconf 66' lang='lat' dir='ltr'>dc,</span> <span class='ocrx_word' id='word_1_11' title='bbox 1415 1129 1518 1225; x_wconf 91' lang='lat' dir='ltr'>idest,</span> <span class='ocrx_word' id='word_1_12' title='bbox 1536 1130 1647 1223; x_wconf 88' lang='lat' dir='ltr'>quale</span> <span class='ocrx_word' id='word_1_13' title='bbox 1667 1135 1723 1204; x_wconf 90' lang='lat' dir='ltr'>est</span> <span class='ocrx_word' id='word_1_14' title='bbox 1742 1128 1886 1222; x_wconf 84' lang='lat' dir='ltr'>videre,</span> 
     </span>
     <span class='ocr_line' id='line_1_3' title="bbox 710 1244 1889 1344; baseline -0.001 -20"><span class='ocrx_word' id='word_1_15' title='bbox 710 1254 807 1341; x_wconf 79' lang='lat' dir='ltr'>nepti</span> <span class='ocrx_word' id='word_1_16' title='bbox 824 1253 931 1341; x_wconf 82' lang='lat' dir='ltr'>cccli,</span> <span class='ocrx_word' id='word_1_17' title='bbox 950 1249 1104 1324; x_wconf 90' lang='lat' dir='ltr'>alicuius</span> <span class='ocrx_word' id='word_1_18' title='bbox 1121 1248 1290 1343; x_wconf 92' lang='lat' dir='ltr'>bominis,</span> <span class='ocrx_word' id='word_1_19' title='bbox 1301 1270 1373 1342; x_wconf 82' lang='lat' dir='ltr'>pur</span> <span class='ocrx_word' id='word_1_20' title='bbox 1393 1244 1485 1343; x_wconf 71' lang='lat' dir='ltr'>teste‘,</span> <span class='ocrx_word' id='word_1_21' title='bbox 1501 1249 1603 1344; x_wconf 90' lang='lat' dir='ltr'>idest,</span> <span class='ocrx_word' id='word_1_22' title='bbox 1617 1255 1760 1324; x_wconf 87' lang='lat' dir='ltr'>tantum</span> <span class='ocrx_word' id='word_1_23' title='bbox 1779 1268 1889 1323; x_wconf 63' lang='lat' dir='ltr'>nunc,</span> 
     </span>
     <span class='ocr_line' id='line_1_4' title="bbox 709 1354 1890 1466; baseline 0 -23"><span class='ocrx_word' id='word_1_24' title='bbox 709 1374 866 1462; x_wconf 81' lang='lat' dir='ltr'>percossi</span> <span class='ocrx_word' id='word_1_25' title='bbox 890 1372 954 1444; x_wconf 88' lang='lat' dir='ltr'>dat</span> <span class='ocrx_word' id='word_1_26' title='bbox 977 1372 1062 1461; x_wconf 85' lang='lat' dir='ltr'>solo,</span> <span class='ocrx_word' id='word_1_27' title='bbox 1090 1370 1192 1464; x_wconf 89' lang='lat' dir='ltr'>idest,</span> <span class='ocrx_word' id='word_1_28' title='bbox 1226 1392 1248 1445; x_wconf 94' lang='lat' dir='ltr'>a</span> <span class='ocrx_word' id='word_1_29' title='bbox 1285 1370 1424 1446; x_wconf 90' lang='lat' dir='ltr'>lumine</span> <span class='ocrx_word' id='word_1_30' title='bbox 1454 1370 1576 1466; x_wconf 90' lang='lat' dir='ltr'>solari,</span> <span class='ocrx_word' id='word_1_31' title='bbox 1602 1354 1770 1463; x_wconf 69' lang='lat' dir='ltr'>monandi</span> <span class='ocrx_word' id='word_1_32' title='bbox 1794 1390 1890 1443; x_wconf 78' lang='lat' dir='ltr'>esser</span> 
     </span>
     <span class='ocr_line' id='line_1_5' title="bbox 715 1488 1889 1586; baseline -0.003 -22"><span class='ocrx_word' id='word_1_33' title='bbox 715 1494 764 1564; x_wconf 84' lang='lat' dir='ltr'>mi</span> <span class='ocrx_word' id='word_1_34' title='bbox 784 1496 839 1586; x_wconf 79' lang='lat' dir='ltr'>lec</span> <span class='ocrx_word' id='word_1_35' title='bbox 862 1512 977 1565; x_wconf 83' lang='lat' dir='ltr'>sanzo</span> <span class='ocrx_word' id='word_1_36' title='bbox 1003 1494 1038 1564; x_wconf 87' lang='lat' dir='ltr'>lo</span> <span class='ocrx_word' id='word_1_37' title='bbox 1066 1494 1167 1581; x_wconf 73' lang='lat' dir='ltr'>outa,</span> <span class='ocrx_word' id='word_1_38' title='bbox 1184 1488 1287 1582; x_wconf 90' lang='lat' dir='ltr'>idest,</span> <span class='ocrx_word' id='word_1_39' title='bbox 1305 1488 1410 1583; x_wconf 83' lang='lat' dir='ltr'>quasi</span> <span class='ocrx_word' id='word_1_40' title='bbox 1431 1490 1631 1564; x_wconf 82' lang='lat' dir='ltr'>cxcaecavit</span> <span class='ocrx_word' id='word_1_41' title='bbox 1647 1510 1725 1585; x_wconf 86' lang='lat' dir='ltr'>me;</span> <span class='ocrx_word' id='word_1_42' title='bbox 1744 1509 1804 1561; x_wconf 87' lang='lat' dir='ltr'>ma</span> <span class='ocrx_word' id='word_1_43' title='bbox 1824 1492 1889 1582; x_wconf 83' lang='lat' dir='ltr'>poi</span> 
     </span>
     <span class='ocr_line' id='line_1_6' title="bbox 711 1604 1885 1705; baseline -0.003 -20"><span class='ocrx_word' id='word_1_44' title='bbox 711 1604 762 1685; x_wconf 86' lang='lat' dir='ltr'>clt’</span> <span class='ocrx_word' id='word_1_45' title='bbox 774 1614 814 1685; x_wconf 85' lang='lat' dir='ltr'>ot</span> <span class='ocrx_word' id='word_1_46' title='bbox 833 1632 936 1705; x_wconf 88' lang='lat' dir='ltr'>poco,</span> <span class='ocrx_word' id='word_1_47' title='bbox 959 1610 1106 1705; x_wconf 86' lang='lat' dir='ltr'>scilicet,</span> <span class='ocrx_word' id='word_1_48' title='bbox 1124 1609 1343 1703; x_wconf 79' lang='lat' dir='ltr'>sensibilem,</span> <span class='ocrx_word' id='word_1_49' title='bbox 1361 1609 1464 1702; x_wconf 88' lang='lat' dir='ltr'>idest,</span> <span class='ocrx_word' id='word_1_50' title='bbox 1481 1608 1527 1683; x_wconf 92' lang='lat' dir='ltr'>ad</span> <span class='ocrx_word' id='word_1_51' title='bbox 1545 1607 1775 1704; x_wconf 77' lang='lat' dir='ltr'>splendorem</span> <span class='ocrx_word' id='word_1_52' title='bbox 1793 1608 1885 1682; x_wconf 92' lang='lat' dir='ltr'>alia-</span> 
     </span>
     <span class='ocr_line' id='line_1_7' title="bbox 714 1728 1883 1824; baseline -0.003 -20"><span class='ocrx_word' id='word_1_53' title='bbox 714 1732 798 1805; x_wconf 83' lang='lat' dir='ltr'>r&#39;um</span> <span class='ocrx_word' id='word_1_54' title='bbox 831 1730 1130 1823; x_wconf 90' lang='lat' dir='ltr'>substantiarum,</span> <span class='ocrx_word' id='word_1_55' title='bbox 1169 1728 1313 1819; x_wconf 73' lang='lat' dir='ltr'>dotto,</span> <span class='ocrx_word' id='word_1_56' title='bbox 1345 1728 1480 1803; x_wconf 89' lang='lat' dir='ltr'>scilicet</span> <span class='ocrx_word' id='word_1_57' title='bbox 1517 1746 1635 1823; x_wconf 77' lang='lat' dir='ltr'>meno,</span> <span class='ocrx_word' id='word_1_58' title='bbox 1669 1730 1883 1824; x_wconf 81' lang='lat' dir='ltr'>risormosot,</span> 
     </span>
     <span class='ocr_line' id='line_1_8' title="bbox 714 1848 1884 1945; baseline -0.003 -21"><span class='ocrx_word' id='word_1_59' title='bbox 714 1850 800 1944; x_wconf 87' lang='lat' dir='ltr'>quia</span> <span class='ocrx_word' id='word_1_60' title='bbox 834 1851 892 1925; x_wconf 88' lang='lat' dir='ltr'>illa</span> <span class='ocrx_word' id='word_1_61' title='bbox 927 1848 1162 1925; x_wconf 84' lang='lat' dir='ltr'>obumbratio</span> <span class='ocrx_word' id='word_1_62' title='bbox 1196 1848 1280 1923; x_wconf 90' lang='lat' dir='ltr'>solis</span> <span class='ocrx_word' id='word_1_63' title='bbox 1315 1849 1480 1943; x_wconf 83' lang='lat' dir='ltr'>recessit3</span> <span class='ocrx_word' id='word_1_64' title='bbox 1507 1856 1545 1924; x_wconf 90' lang='lat' dir='ltr'>et</span> <span class='ocrx_word' id='word_1_65' title='bbox 1569 1848 1720 1945; x_wconf 82' lang='lat' dir='ltr'>corrigit</span> <span class='ocrx_word' id='word_1_66' title='bbox 1746 1849 1884 1923; x_wconf 90' lang='lat' dir='ltr'>dictum</span> 
     </span>
     <span class='ocr_line' id='line_1_9' title="bbox 715 1968 1888 2067; baseline -0.003 -23"><span class='ocrx_word' id='word_1_67' title='bbox 715 1992 824 2045; x_wconf 91' lang='lat' dir='ltr'>suum</span> <span class='ocrx_word' id='word_1_68' title='bbox 844 1992 910 2067; x_wconf 92' lang='lat' dir='ltr'>per</span> <span class='ocrx_word' id='word_1_69' title='bbox 929 1972 1092 2045; x_wconf 91' lang='lat' dir='ltr'>colorem</span> <span class='ocrx_word' id='word_1_70' title='bbox 1111 1968 1174 2064; x_wconf 90' lang='lat' dir='ltr'>qui</span> <span class='ocrx_word' id='word_1_71' title='bbox 1192 1969 1324 2043; x_wconf 91' lang='lat' dir='ltr'>dicitur</span> <span class='ocrx_word' id='word_1_72' title='bbox 1340 1970 1531 2063; x_wconf 89' lang='lat' dir='ltr'>correctio,</span> <span class='ocrx_word' id='word_1_73' title='bbox 1545 1969 1686 2045; x_wconf 88' lang='lat' dir='ltr'>dicens:</span> <span class='ocrx_word' id='word_1_74' title='bbox 1702 1975 1738 2045; x_wconf 81' lang='lat' dir='ltr'>to</span> <span class='ocrx_word' id='word_1_75' title='bbox 1753 1973 1831 2044; x_wconf 79' lang='lat' dir='ltr'>dico</span> <span class='ocrx_word' id='word_1_76' title='bbox 1848 1973 1888 2042; x_wconf 83' lang='lat' dir='ltr'>ct</span> 
     </span>
     <span class='ocr_line' id='line_1_10' title="bbox 708 2081 1882 2187; baseline -0.003 -22"><span class='ocrx_word' id='word_1_77' title='bbox 708 2113 813 2187; x_wconf 88' lang='lat' dir='ltr'>poco,</span> <span class='ocrx_word' id='word_1_78' title='bbox 843 2110 916 2165; x_wconf 92' lang='lat' dir='ltr'>non</span> <span class='ocrx_word' id='word_1_79' title='bbox 937 2090 1022 2184; x_wconf 90' lang='lat' dir='ltr'>quia</span> <span class='ocrx_word' id='word_1_80' title='bbox 1046 2090 1175 2164; x_wconf 91' lang='lat' dir='ltr'>lumen</span> <span class='ocrx_word' id='word_1_81' title='bbox 1191 2088 1346 2163; x_wconf 92' lang='lat' dir='ltr'>aliarum</span> <span class='ocrx_word' id='word_1_82' title='bbox 1365 2089 1654 2164; x_wconf 91' lang='lat' dir='ltr'>substantiarum</span> <span class='ocrx_word' id='word_1_83' title='bbox 1675 2096 1770 2165; x_wconf 91' lang='lat' dir='ltr'>esset</span> <span class='ocrx_word' id='word_1_84' title='bbox 1787 2088 1834 2163; x_wconf 91' lang='lat' dir='ltr'>ibi</span> <span class='ocrx_word' id='word_1_85' title='bbox 1845 2081 1882 2181; x_wconf 83' lang='lat'>(¹)</span> 
     </span>
     <span class='ocr_line' id='line_1_11' title="bbox 715 2208 1885 2304; baseline -0.002 -18"><span class='ocrx_word' id='word_1_86' title='bbox 715 2210 912 2304; x_wconf 92' lang='lat' dir='ltr'>modicum,</span> <span class='ocrx_word' id='word_1_87' title='bbox 931 2208 993 2284; x_wconf 91' lang='lat' dir='ltr'>sed</span> <span class='ocrx_word' id='word_1_88' title='bbox 1016 2231 1082 2301; x_wconf 87' lang='lat' dir='ltr'>per</span> <span class='ocrx_word' id='word_1_89' title='bbox 1098 2212 1241 2301; x_wconf 82' lang='lat' dir='ltr'>rispetto</span> <span class='ocrx_word' id='word_1_90' title='bbox 1258 2212 1297 2281; x_wconf 89' lang='lat' dir='ltr'>ol</span> <span class='ocrx_word' id='word_1_91' title='bbox 1312 2212 1417 2284; x_wconf 86' lang='lat' dir='ltr'>molto</span> <span class='ocrx_word' id='word_1_92' title='bbox 1434 2210 1602 2302; x_wconf 68' lang='lat' dir='ltr'>seroibte,</span> <span class='ocrx_word' id='word_1_93' title='bbox 1620 2210 1723 2304; x_wconf 89' lang='lat' dir='ltr'>idest,</span> <span class='ocrx_word' id='word_1_94' title='bbox 1740 2210 1786 2285; x_wconf 86' lang='lat' dir='ltr'>ad</span> <span class='ocrx_word' id='word_1_95' title='bbox 1805 2230 1885 2284; x_wconf 92' lang='lat' dir='ltr'>ma-</span> 
     </span>
     <span class='ocr_line' id='line_1_12' title="bbox 714 2328 1886 2429; baseline -0.002 -25"><span class='ocrx_word' id='word_1_96' title='bbox 714 2350 830 2429; x_wconf 81' lang='lat' dir='ltr'>gnum</span> <span class='ocrx_word' id='word_1_97' title='bbox 856 2328 1087 2425; x_wconf 84' lang='lat' dir='ltr'>splendorem</span> <span class='ocrx_word' id='word_1_98' title='bbox 1119 2328 1305 2424; x_wconf 77' lang='lat' dir='ltr'>beatricis,</span> <span class='ocrx_word' id='word_1_99' title='bbox 1331 2331 1435 2421; x_wconf 83' lang='lat' dir='ltr'>unde,</span> <span class='ocrx_word' id='word_1_100' title='bbox 1461 2330 1564 2424; x_wconf 91' lang='lat' dir='ltr'>idest,</span> <span class='ocrx_word' id='word_1_101' title='bbox 1589 2350 1612 2404; x_wconf 93' lang='lat' dir='ltr'>a</span> <span class='ocrx_word' id='word_1_102' title='bbox 1639 2350 1728 2425; x_wconf 91' lang='lat' dir='ltr'>quo,</span> <span class='ocrx_word' id='word_1_103' title='bbox 1752 2332 1802 2403; x_wconf 84' lang='lat' dir='ltr'>mi</span> <span class='ocrx_word' id='word_1_104' title='bbox 1830 2332 1886 2402; x_wconf 87' lang='lat' dir='ltr'>ri-</span> 
     </span>
     <span class='ocr_line' id='line_1_13' title="bbox 716 2448 1886 2545; baseline -0.001 -21"><span class='ocrx_word' id='word_1_105' title='bbox 716 2453 871 2524; x_wconf 76' lang='lat' dir='ltr'>moseia</span> <span class='ocrx_word' id='word_1_106' title='bbox 896 2453 1018 2545; x_wconf 76' lang='lat' dir='ltr'>sorza,</span> <span class='ocrx_word' id='word_1_107' title='bbox 1046 2448 1132 2542; x_wconf 88' lang='lat' dir='ltr'>quia</span> <span class='ocrx_word' id='word_1_108' title='bbox 1162 2449 1374 2545; x_wconf 87' lang='lat' dir='ltr'>compulsus</span> <span class='ocrx_word' id='word_1_109' title='bbox 1403 2448 1451 2523; x_wconf 92' lang='lat' dir='ltr'>ab</span> <span class='ocrx_word' id='word_1_110' title='bbox 1484 2448 1552 2523; x_wconf 91' lang='lat' dir='ltr'>illis</span> <span class='ocrx_word' id='word_1_111' title='bbox 1582 2450 1799 2525; x_wconf 87' lang='lat' dir='ltr'>dominabus</span> <span class='ocrx_word' id='word_1_112' title='bbox 1824 2468 1886 2523; x_wconf 88' lang='lat' dir='ltr'>re·</span> 
     </span>
     <span class='ocr_line' id='line_1_14' title="bbox 717 2570 1885 2664; baseline -0.001 -18"><span class='ocrx_word' id='word_1_113' title='bbox 717 2572 817 2647; x_wconf 90' lang='lat' dir='ltr'>movi</span> <span class='ocrx_word' id='word_1_114' title='bbox 835 2571 954 2646; x_wconf 90' lang='lat' dir='ltr'>visum</span> <span class='ocrx_word' id='word_1_115' title='bbox 972 2592 993 2644; x_wconf 91' lang='lat' dir='ltr'>a</span> <span class='ocrx_word' id='word_1_116' title='bbox 1015 2570 1194 2664; x_wconf 87' lang='lat' dir='ltr'>Beatrice,</span> <span class='ocrx_word' id='word_1_117' title='bbox 1213 2576 1254 2643; x_wconf 91' lang='lat' dir='ltr'>ut</span> <span class='ocrx_word' id='word_1_118' title='bbox 1269 2570 1498 2664; x_wconf 71' lang='lat' dir='ltr'>praedicitur:</span> <span class='ocrx_word' id='word_1_119' title='bbox 1521 2578 1559 2645; x_wconf 90' lang='lat' dir='ltr'>et</span> <span class='ocrx_word' id='word_1_120' title='bbox 1577 2570 1773 2647; x_wconf 91' lang='lat' dir='ltr'>benedicit</span> <span class='ocrx_word' id='word_1_121' title='bbox 1798 2570 1885 2664; x_wconf 88' lang='lat' dir='ltr'>quia</span> 
     </span>
     <span class='ocr_line' id='line_1_15' title="bbox 716 2689 1885 2784; baseline -0.003 -17"><span class='ocrx_word' id='word_1_122' title='bbox 716 2692 799 2767; x_wconf 86' lang='lat' dir='ltr'>licet</span> <span class='ocrx_word' id='word_1_123' title='bbox 824 2692 950 2765; x_wconf 90' lang='lat' dir='ltr'>lumen</span> <span class='ocrx_word' id='word_1_124' title='bbox 975 2690 1131 2764; x_wconf 88' lang='lat' dir='ltr'>aliarum</span> <span class='ocrx_word' id='word_1_125' title='bbox 1160 2689 1447 2764; x_wconf 90' lang='lat' dir='ltr'>substantiarum</span> <span class='ocrx_word' id='word_1_126' title='bbox 1473 2712 1558 2784; x_wconf 84' lang='lat' dir='ltr'>quae</span> <span class='ocrx_word' id='word_1_127' title='bbox 1584 2692 1632 2765; x_wconf 96' lang='lat' dir='ltr'>ibi</span> <span class='ocrx_word' id='word_1_128' title='bbox 1659 2697 1764 2767; x_wconf 89' lang='lat' dir='ltr'>erant</span> <span class='ocrx_word' id='word_1_129' title='bbox 1788 2698 1885 2766; x_wconf 91' lang='lat' dir='ltr'>esset</span> 
     </span>
     <span class='ocr_line' id='line_1_16' title="bbox 717 2810 1886 2908; baseline 0 -23"><span class='ocrx_word' id='word_1_130' title='bbox 717 2817 905 2908; x_wconf 84' lang='lat' dir='ltr'>magnum,</span> <span class='ocrx_word' id='word_1_131' title='bbox 923 2816 1048 2885; x_wconf 86' lang='lat' dir='ltr'>tamen</span> <span class='ocrx_word' id='word_1_132' title='bbox 1074 2810 1267 2885; x_wconf 84' lang='lat' dir='ltr'>videbatur</span> <span class='ocrx_word' id='word_1_133' title='bbox 1291 2830 1449 2905; x_wconf 90' lang='lat' dir='ltr'>parvum</span> <span class='ocrx_word' id='word_1_134' title='bbox 1469 2819 1635 2907; x_wconf 88' lang='lat' dir='ltr'>respectu</span> <span class='ocrx_word' id='word_1_135' title='bbox 1655 2812 1806 2887; x_wconf 79' lang='lat' dir='ltr'>maximi</span> <span class='ocrx_word' id='word_1_136' title='bbox 1826 2810 1886 2885; x_wconf 92' lang='lat' dir='ltr'>lu·</span> 
     </span>
     <span class='ocr_line' id='line_1_17' title="bbox 715 2930 1886 3025; baseline 0.001 -19"><span class='ocrx_word' id='word_1_137' title='bbox 715 2932 822 3007; x_wconf 92' lang='lat' dir='ltr'>minis</span> <span class='ocrx_word' id='word_1_138' title='bbox 848 2931 1032 3024; x_wconf 88' lang='lat' dir='ltr'>Beatricis,</span> <span class='ocrx_word' id='word_1_139' title='bbox 1052 2930 1137 3025; x_wconf 90' lang='lat' dir='ltr'>quia</span> <span class='ocrx_word' id='word_1_140' title='bbox 1156 2931 1231 3025; x_wconf 87' lang='lat' dir='ltr'>ipsa</span> <span class='ocrx_word' id='word_1_141' title='bbox 1250 2936 1305 3004; x_wconf 87' lang='lat' dir='ltr'>est</span> <span class='ocrx_word' id='word_1_142' title='bbox 1322 2950 1406 3025; x_wconf 86' lang='lat' dir='ltr'>quae</span> <span class='ocrx_word' id='word_1_143' title='bbox 1422 2930 1485 3004; x_wconf 87' lang='lat' dir='ltr'>dat</span> <span class='ocrx_word' id='word_1_144' title='bbox 1502 2930 1699 3008; x_wconf 89' lang='lat' dir='ltr'>intellectui</span> <span class='ocrx_word' id='word_1_145' title='bbox 1722 2934 1886 3007; x_wconf 89' lang='lat' dir='ltr'>humano</span> 
     </span>
     <span class='ocr_line' id='line_1_18' title="bbox 715 3050 1885 3148; baseline 0 -21"><span class='ocrx_word' id='word_1_146' title='bbox 715 3072 827 3127; x_wconf 90' lang='lat' dir='ltr'>omno</span> <span class='ocrx_word' id='word_1_147' title='bbox 859 3054 986 3126; x_wconf 93' lang='lat' dir='ltr'>lumen</span> <span class='ocrx_word' id='word_1_148' title='bbox 1016 3052 1091 3145; x_wconf 87' lang='lat' dir='ltr'>Dei,</span> <span class='ocrx_word' id='word_1_149' title='bbox 1123 3052 1355 3148; x_wconf 81' lang='lat' dir='ltr'>angelornm,</span> <span class='ocrx_word' id='word_1_150' title='bbox 1388 3050 1581 3147; x_wconf 87' lang='lat' dir='ltr'>virtutum,</span> <span class='ocrx_word' id='word_1_151' title='bbox 1607 3052 1790 3128; x_wconf 91' lang='lat' dir='ltr'>donorum</span> <span class='ocrx_word' id='word_1_152' title='bbox 1816 3060 1885 3128; x_wconf 88' lang='lat' dir='ltr'>etc.</span> 
     </span>
     <span class='ocr_line' id='line_1_19' title="bbox 716 3170 1885 3268; baseline 0.001 -22"><span class='ocrx_word' id='word_1_153' title='bbox 716 3174 792 3246; x_wconf 93' lang='lat' dir='ltr'>imo</span> <span class='ocrx_word' id='word_1_154' title='bbox 804 3171 968 3246; x_wconf 88' lang='lat' dir='ltr'>Christus</span> <span class='ocrx_word' id='word_1_155' title='bbox 982 3170 1123 3245; x_wconf 83' lang='lat' dir='ltr'>relucet</span> <span class='ocrx_word' id='word_1_156' title='bbox 1140 3170 1244 3245; x_wconf 92' lang='lat' dir='ltr'>nobis</span> <span class='ocrx_word' id='word_1_157' title='bbox 1262 3170 1299 3244; x_wconf 91' lang='lat' dir='ltr'>in</span> <span class='ocrx_word' id='word_1_158' title='bbox 1316 3171 1450 3245; x_wconf 87' lang='lat' dir='ltr'>chartis</span> <span class='ocrx_word' id='word_1_159' title='bbox 1467 3192 1583 3246; x_wconf 81' lang='lat' dir='ltr'>sacrae</span> <span class='ocrx_word' id='word_1_160' title='bbox 1603 3172 1803 3268; x_wconf 85' lang='lat' dir='ltr'>scripturae.</span> <span class='ocrx_word' id='word_1_161' title='bbox 1826 3172 1885 3247; x_wconf 91' lang='lat' dir='ltr'>Sic</span> 
     </span>
     <span class='ocr_line' id='line_1_20' title="bbox 716 3292 1887 3388; baseline 0 -20"><span class='ocrx_word' id='word_1_162' title='bbox 716 3313 807 3388; x_wconf 85' lang='lat' dir='ltr'>ergo</span> <span class='ocrx_word' id='word_1_163' title='bbox 833 3292 1066 3386; x_wconf 82' lang='lat' dir='ltr'>reformatus,</span> <span class='ocrx_word' id='word_1_164' title='bbox 1092 3294 1165 3365; x_wconf 83' lang='lat' dir='ltr'>vidi</span> <span class='ocrx_word' id='word_1_165' title='bbox 1189 3294 1222 3365; x_wconf 93' lang='lat' dir='ltr'>to</span> <span class='ocrx_word' id='word_1_166' title='bbox 1247 3294 1404 3382; x_wconf 69' lang='lat' dir='ltr'>plumoso</span> <span class='ocrx_word' id='word_1_167' title='bbox 1433 3296 1588 3387; x_wconf 71' lang='lat' dir='ltr'>escroto,</span> <span class='ocrx_word' id='word_1_168' title='bbox 1617 3293 1764 3369; x_wconf 92' lang='lat' dir='ltr'>illorum</span> <span class='ocrx_word' id='word_1_169' title='bbox 1791 3294 1887 3368; x_wconf 90' lang='lat' dir='ltr'>mili-</span> 
     </span>
     <span class='ocr_line' id='line_1_21' title="bbox 717 3413 1887 3509; baseline 0.004 -23"><span class='ocrx_word' id='word_1_170' title='bbox 717 3413 884 3509; x_wconf 87' lang='lat' dir='ltr'>tantium,</span> <span class='ocrx_word' id='word_1_171' title='bbox 914 3414 1040 3485; x_wconf 70' lang='lat' dir='ltr'>rivolto</span> <span class='ocrx_word' id='word_1_172' title='bbox 1070 3415 1125 3486; x_wconf 86' lang='lat' dir='ltr'>sut</span> <span class='ocrx_word' id='word_1_173' title='bbox 1158 3413 1297 3485; x_wconf 70' lang='lat' dir='ltr'>bruccio</span> <span class='ocrx_word' id='word_1_174' title='bbox 1328 3414 1458 3507; x_wconf 84' lang='lat' dir='ltr'>destro,</span> <span class='ocrx_word' id='word_1_175' title='bbox 1504 3414 1590 3507; x_wconf 90' lang='lat' dir='ltr'>quia</span> <span class='ocrx_word' id='word_1_176' title='bbox 1619 3415 1665 3489; x_wconf 93' lang='lat' dir='ltr'>ad</span> <span class='ocrx_word' id='word_1_177' title='bbox 1696 3416 1887 3491; x_wconf 78' lang='lat' dir='ltr'>dexteram</span> 
     </span>
     <span class='ocr_line' id='line_1_22' title="bbox 715 3520 1889 3632; baseline 0.003 -24"><span class='ocrx_word' id='word_1_178' title='bbox 715 3540 858 3629; x_wconf 84' lang='lat' dir='ltr'>parbem</span> <span class='ocrx_word' id='word_1_179' title='bbox 884 3552 924 3606; x_wconf 90' lang='lat' dir='ltr'>se</span> <span class='ocrx_word' id='word_1_180' title='bbox 950 3534 1196 3626; x_wconf 88' lang='lat' dir='ltr'>revolverant,</span> <span class='ocrx_word' id='word_1_181' title='bbox 1222 3554 1241 3605; x_wconf 89' lang='lat' dir='ltr'>e</span> <span class='ocrx_word' id='word_1_182' title='bbox 1266 3536 1437 3619; x_wconf 74' lang='lat' dir='ltr'>urnorot,</span> <span class='ocrx_word' id='word_1_183' title='bbox 1461 3520 1594 3608; x_wconf 67' lang='lat' dir='ltr'>&#39;versus</span> <span class='ocrx_word' id='word_1_184' title='bbox 1621 3536 1814 3632; x_wconf 86' lang='lat' dir='ltr'>orientem,</span> <span class='ocrx_word' id='word_1_185' title='bbox 1831 3541 1889 3611; x_wconf 90' lang='lat' dir='ltr'>cot</span> 
     </span>
     <span class='ocr_line' id='line_1_23' title="bbox 714 3652 1886 3753; baseline 0.005 -27"><span class='ocrx_word' id='word_1_186' title='bbox 714 3655 800 3743; x_wconf 87' lang='lat' dir='ltr'>sote,</span> <span class='ocrx_word' id='word_1_187' title='bbox 825 3652 970 3746; x_wconf 90' lang='lat' dir='ltr'>scilicet,</span> <span class='ocrx_word' id='word_1_188' title='bbox 997 3673 1087 3727; x_wconf 90' lang='lat' dir='ltr'>vero</span> <span class='ocrx_word' id='word_1_189' title='bbox 1113 3652 1282 3748; x_wconf 83' lang='lat' dir='ltr'>sensibili,</span> <span class='ocrx_word' id='word_1_190' title='bbox 1309 3656 1349 3725; x_wconf 88' lang='lat' dir='ltr'>at</span> <span class='ocrx_word' id='word_1_191' title='bbox 1372 3657 1477 3744; x_wconf 89' lang='lat' dir='ltr'>ootto,</span> <span class='ocrx_word' id='word_1_192' title='bbox 1504 3653 1608 3748; x_wconf 87' lang='lat' dir='ltr'>idest,</span> <span class='ocrx_word' id='word_1_193' title='bbox 1634 3662 1720 3729; x_wconf 89' lang='lat' dir='ltr'>ante</span> <span class='ocrx_word' id='word_1_194' title='bbox 1743 3658 1886 3753; x_wconf 81' lang='lat' dir='ltr'>taciem,</span> 
     </span>
     <span class='ocr_line' id='line_1_24' title="bbox 716 3768 1888 3871; baseline 0.004 -23"><span class='ocrx_word' id='word_1_195' title='bbox 716 3797 735 3848; x_wconf 86' lang='lat' dir='ltr'>e</span> <span class='ocrx_word' id='word_1_196' title='bbox 753 3796 819 3847; x_wconf 86' lang='lat' dir='ltr'>con</span> <span class='ocrx_word' id='word_1_197' title='bbox 837 3777 867 3847; x_wconf 87' lang='lat' dir='ltr'>te</span> <span class='ocrx_word' id='word_1_198' title='bbox 883 3781 964 3847; x_wconf 78' lang='lat' dir='ltr'>setta</span> <span class='ocrx_word' id='word_1_199' title='bbox 976 3777 1129 3867; x_wconf 70' lang='lat' dir='ltr'>domum,</span> <span class='ocrx_word' id='word_1_200' title='bbox 1148 3774 1249 3868; x_wconf 91' lang='lat' dir='ltr'>idest,</span> <span class='ocrx_word' id='word_1_201' title='bbox 1268 3793 1353 3847; x_wconf 90' lang='lat' dir='ltr'>cum</span> <span class='ocrx_word' id='word_1_202' title='bbox 1373 3779 1514 3869; x_wconf 90' lang='lat' dir='ltr'>septem</span> <span class='ocrx_word' id='word_1_203' title='bbox 1531 3775 1732 3851; x_wconf 87' lang='lat' dir='ltr'>luminibus</span> <span class='ocrx_word' id='word_1_204' title='bbox 1745 3768 1783 3871; x_wconf 75' lang='lat'>(¹)</span> <span class='ocrx_word' id='word_1_205' title='bbox 1800 3782 1888 3853; x_wconf 82' lang='lat' dir='ltr'>can&#39;-</span> 
     </span>
     <span class='ocr_line' id='line_1_25' title="bbox 716 3888 1888 3987; baseline 0.004 -20"><span class='ocrx_word' id='word_1_206' title='bbox 716 3888 963 3968; x_wconf 81' lang='lat' dir='ltr'>delubrorum.</span> <span class='ocrx_word' id='word_1_207' title='bbox 976 3934 1025 3947; x_wconf 89' lang='lat'>-</span> <span class='ocrx_word' id='word_1_208' title='bbox 1040 3898 1151 3965; x_wconf 78' lang='lat' dir='ltr'>Come.</span> <span class='ocrx_word' id='word_1_209' title='bbox 1171 3893 1235 3967; x_wconf 89' lang='lat' dir='ltr'>llic</span> <span class='ocrx_word' id='word_1_210' title='bbox 1252 3899 1359 3987; x_wconf 86' lang='lat' dir='ltr'>poeta</span> <span class='ocrx_word' id='word_1_211' title='bbox 1377 3892 1548 3968; x_wconf 87' lang='lat' dir='ltr'>describit</span> <span class='ocrx_word' id='word_1_212' title='bbox 1566 3895 1832 3974; x_wconf 87' lang='lat' dir='ltr'>revolutionem</span> <span class='ocrx_word' id='word_1_213' title='bbox 1851 3906 1888 3973; x_wconf 89' lang='lat' dir='ltr'>et</span> 
     </span>
     <span class='ocr_line' id='line_1_26' title="bbox 717 4014 1888 4113; baseline 0.005 -26"><span class='ocrx_word' id='word_1_214' title='bbox 717 4014 964 4090; x_wconf 90' lang='lat' dir='ltr'>reversionem</span> <span class='ocrx_word' id='word_1_215' title='bbox 997 4014 1180 4089; x_wconf 85' lang='lat' dir='ltr'>exercitus</span> <span class='ocrx_word' id='word_1_216' title='bbox 1210 4033 1277 4108; x_wconf 92' lang='lat' dir='ltr'>per</span> <span class='ocrx_word' id='word_1_217' title='bbox 1308 4033 1420 4087; x_wconf 92' lang='lat' dir='ltr'>unam</span> <span class='ocrx_word' id='word_1_218' title='bbox 1455 4017 1768 4110; x_wconf 86' lang='lat' dir='ltr'>comparationem</span> <span class='ocrx_word' id='word_1_219' title='bbox 1801 4038 1888 4113; x_wconf 88' lang='lat' dir='ltr'>pro-</span> 
     </span>
     <span class='ocr_line' id='line_1_27' title="bbox 715 4120 1888 4230; baseline 0.003 -23"><span class='ocrx_word' id='word_1_220' title='bbox 715 4134 845 4230; x_wconf 89' lang='lat' dir='ltr'>priam,</span> <span class='ocrx_word' id='word_1_221' title='bbox 872 4153 955 4227; x_wconf 86' lang='lat' dir='ltr'>quae</span> <span class='ocrx_word' id='word_1_222' title='bbox 980 4133 1141 4209; x_wconf 88' lang='lat' dir='ltr'>breviter</span> <span class='ocrx_word' id='word_1_223' title='bbox 1166 4138 1237 4207; x_wconf 91' lang='lat' dir='ltr'>stat</span> <span class='ocrx_word' id='word_1_224' title='bbox 1262 4132 1298 4207; x_wconf 94' lang='lat' dir='ltr'>in</span> <span class='ocrx_word' id='word_1_225' title='bbox 1330 4134 1411 4229; x_wconf 91' lang='lat' dir='ltr'>boc,</span> <span class='ocrx_word' id='word_1_226' title='bbox 1442 4134 1541 4227; x_wconf 87' lang='lat' dir='ltr'>quod</span> <span class='ocrx_word' id='word_1_227' title='bbox 1574 4134 1669 4210; x_wconf 90' lang='lat' dir='ltr'>sicut</span> <span class='ocrx_word' id='word_1_228' title='bbox 1697 4120 1739 4210; x_wconf 87' lang='lat' dir='ltr'>in</span> <span class='ocrx_word' id='word_1_229' title='bbox 1764 4144 1888 4211; x_wconf 92' lang='lat' dir='ltr'>muta-</span> 
     </span>
     <span class='ocr_line' id='line_1_28' title="bbox 717 4251 1887 4350; baseline 0.002 -22"><span class='ocrx_word' id='word_1_230' title='bbox 717 4252 815 4328; x_wconf 92' lang='lat' dir='ltr'>tione</span> <span class='ocrx_word' id='word_1_231' title='bbox 829 4253 1012 4328; x_wconf 85' lang='lat' dir='ltr'>exercitus</span> <span class='ocrx_word' id='word_1_232' title='bbox 1025 4254 1226 4327; x_wconf 87' lang='lat' dir='ltr'>volvuntur</span> <span class='ocrx_word' id='word_1_233' title='bbox 1239 4251 1391 4350; x_wconf 85' lang='lat' dir='ltr'>insignia</span> <span class='ocrx_word' id='word_1_234' title='bbox 1405 4260 1443 4328; x_wconf 92' lang='lat' dir='ltr'>et</span> <span class='ocrx_word' id='word_1_235' title='bbox 1455 4260 1530 4327; x_wconf 90' lang='lat' dir='ltr'>tota</span> <span class='ocrx_word' id='word_1_236' title='bbox 1543 4255 1641 4330; x_wconf 91' lang='lat' dir='ltr'>acies</span> <span class='ocrx_word' id='word_1_237' title='bbox 1656 4262 1887 4333; x_wconf 89' lang='lat' dir='ltr'>armatorum</span> 
     </span>
     <span class='ocr_line' id='line_1_29' title="bbox 717 4374 1888 4469; baseline 0.003 -19"><span class='ocrx_word' id='word_1_238' title='bbox 717 4380 914 4469; x_wconf 90' lang='lat' dir='ltr'>antequam</span> <span class='ocrx_word' id='word_1_239' title='bbox 949 4374 1065 4449; x_wconf 90' lang='lat' dir='ltr'>ultimi</span> <span class='ocrx_word' id='word_1_240' title='bbox 1091 4379 1323 4468; x_wconf 85' lang='lat' dir='ltr'>moveantur,</span> <span class='ocrx_word' id='word_1_241' title='bbox 1352 4374 1402 4449; x_wconf 91' lang='lat' dir='ltr'>ita</span> <span class='ocrx_word' id='word_1_242' title='bbox 1437 4396 1537 4450; x_wconf 92' lang='lat' dir='ltr'>nunc</span> <span class='ocrx_word' id='word_1_243' title='bbox 1566 4382 1641 4450; x_wconf 89' lang='lat' dir='ltr'>tota</span> <span class='ocrx_word' id='word_1_244' title='bbox 1673 4377 1799 4453; x_wconf 88' lang='lat' dir='ltr'>militia</span> <span class='ocrx_word' id='word_1_245' title='bbox 1828 4374 1888 4453; x_wconf 81' lang='lat' dir='ltr'>iila</span> 
     </span>
     <span class='ocr_line' id='line_1_30' title="bbox 718 4493 1889 4590; baseline 0.001 -20"><span class='ocrx_word' id='word_1_246' title='bbox 718 4502 798 4571; x_wconf 88' lang='lat' dir='ltr'>erat</span> <span class='ocrx_word' id='word_1_247' title='bbox 824 4494 990 4570; x_wconf 84' lang='lat' dir='ltr'>revoluta</span> <span class='ocrx_word' id='word_1_248' title='bbox 1017 4514 1102 4568; x_wconf 91' lang='lat' dir='ltr'>cum</span> <span class='ocrx_word' id='word_1_249' title='bbox 1129 4493 1373 4568; x_wconf 89' lang='lat' dir='ltr'>luminaribus</span> <span class='ocrx_word' id='word_1_250' title='bbox 1394 4501 1593 4590; x_wconf 86' lang='lat' dir='ltr'>antequam</span> <span class='ocrx_word' id='word_1_251' title='bbox 1611 4516 1745 4571; x_wconf 91' lang='lat' dir='ltr'>currus</span> <span class='ocrx_word' id='word_1_252' title='bbox 1766 4496 1889 4572; x_wconf 88' lang='lat' dir='ltr'>ilecte-</span> 
     </span>
     <span class='ocr_line' id='line_1_31' title="bbox 718 4614 1892 4713; baseline 0.001 -22"><span class='ocrx_word' id='word_1_253' title='bbox 718 4623 832 4691; x_wconf 89' lang='lat' dir='ltr'>retur.</span> <span class='ocrx_word' id='word_1_254' title='bbox 859 4614 952 4689; x_wconf 89' lang='lat' dir='ltr'>Dicit</span> <span class='ocrx_word' id='word_1_255' title='bbox 969 4634 1077 4712; x_wconf 79' lang='lat' dir='ltr'>ergo:</span> <span class='ocrx_word' id='word_1_256' title='bbox 1099 4616 1220 4705; x_wconf 81' lang='lat' dir='ltr'>Qoetto</span> <span class='ocrx_word' id='word_1_257' title='bbox 1239 4617 1384 4706; x_wconf 68' lang='lat' dir='ltr'>milicia,</span> <span class='ocrx_word' id='word_1_258' title='bbox 1406 4614 1508 4709; x_wconf 87' lang='lat' dir='ltr'>idest,</span> <span class='ocrx_word' id='word_1_259' title='bbox 1529 4637 1620 4712; x_wconf 82' lang='lat' dir='ltr'>gens</span> <span class='ocrx_word' id='word_1_260' title='bbox 1637 4616 1814 4713; x_wconf 88' lang='lat' dir='ltr'>militaris,</span> <span class='ocrx_word' id='word_1_261' title='bbox 1835 4618 1892 4692; x_wconf 87' lang='lat' dir='ltr'>det</span> 
     </span>
     <span class='ocr_line' id='line_1_32' title="bbox 717 4720 1888 4832; baseline -0.001 -20"><span class='ocrx_word' id='word_1_262' title='bbox 717 4742 834 4812; x_wconf 80' lang='lat' dir='ltr'>celeste</span> <span class='ocrx_word' id='word_1_263' title='bbox 861 4720 986 4828; x_wconf 80' lang='lat' dir='ltr'>repno,</span> <span class='ocrx_word' id='word_1_264' title='bbox 1013 4736 1074 4809; x_wconf 91' lang='lat' dir='ltr'>cui</span> <span class='ocrx_word' id='word_1_265' title='bbox 1103 4734 1234 4809; x_wconf 91' lang='lat' dir='ltr'>militat</span> <span class='ocrx_word' id='word_1_266' title='bbox 1264 4756 1332 4831; x_wconf 92' lang='lat' dir='ltr'>pro</span> <span class='ocrx_word' id='word_1_267' title='bbox 1364 4734 1563 4831; x_wconf 87' lang='lat' dir='ltr'>triumpho,</span> <span class='ocrx_word' id='word_1_268' title='bbox 1595 4740 1655 4811; x_wconf 82' lang='lat' dir='ltr'>cde</span> <span class='ocrx_word' id='word_1_269' title='bbox 1682 4741 1888 4832; x_wconf 81' lang='lat' dir='ltr'>precedcoa,</span> 
     </span>
     <span class='ocr_line' id='line_1_33' title="bbox 718 4847 1935 4955; baseline -0.001 -23"><span class='ocrx_word' id='word_1_270' title='bbox 718 4854 821 4950; x_wconf 89' lang='lat' dir='ltr'>idest,</span> <span class='ocrx_word' id='word_1_271' title='bbox 846 4856 964 4931; x_wconf 89' lang='lat' dir='ltr'>iverat</span> <span class='ocrx_word' id='word_1_272' title='bbox 989 4858 1074 4929; x_wconf 91' lang='lat' dir='ltr'>ante</span> <span class='ocrx_word' id='word_1_273' title='bbox 1099 4876 1186 4929; x_wconf 91' lang='lat' dir='ltr'>cum</span> <span class='ocrx_word' id='word_1_274' title='bbox 1211 4855 1467 4951; x_wconf 89' lang='lat' dir='ltr'>luminaribus,</span> <span class='ocrx_word' id='word_1_275' title='bbox 1493 4857 1629 4934; x_wconf 91' lang='lat' dir='ltr'>scilicet</span> <span class='ocrx_word' id='word_1_276' title='bbox 1653 4858 1778 4955; x_wconf 82' lang='lat' dir='ltr'>viginti</span> <span class='ocrx_word' id='word_1_277' title='bbox 1796 4847 1890 4953; x_wconf 84' lang='lat' dir='ltr'>qua·</span> <span class='ocrx_word' id='word_1_278' title='bbox 1931 4874 1935 4878; x_wconf 74' lang='grc'><em>’</em></span> 
     </span>
    </p>
   </div>
   <div class='ocr_carea' id='block_1_3' title="bbox 782 5112 1665 5179">
    <p class='ocr_par' dir='ltr' id='par_1_3' title="bbox 782 5112 1665 5179">
     <span class='ocr_line' id='line_1_34' title="bbox 782 5112 1665 5179; baseline -0.007 -6"><span class='ocrx_word' id='word_1_279' title='bbox 782 5112 810 5177; x_wconf 76' lang='lat' dir='ltr'>b</span> <span class='ocrx_word' id='word_1_280' title='bbox 827 5114 858 5165; x_wconf 78' lang='lat' dir='ltr'>E·</span> <span class='ocrx_word' id='word_1_281' title='bbox 875 5118 942 5164; x_wconf 73' lang='lat' dir='ltr'>eon</span> <span class='ocrx_word' id='word_1_282' title='bbox 958 5114 1014 5165; x_wconf 73' lang='lat' dir='ltr'>sibi·</span> <span class='ocrx_word' id='word_1_283' title='bbox 1395 5114 1422 5179; x_wconf 83' lang='lat'>(¹)</span> <span class='ocrx_word' id='word_1_284' title='bbox 1438 5116 1470 5165; x_wconf 79' lang='lat' dir='ltr'>n.</span> <span class='ocrx_word' id='word_1_285' title='bbox 1487 5116 1665 5167; x_wconf 71' lang='lat' dir='ltr'>rumnmnun</span> 
     </span>
    </p>
   </div>
   <div class='ocr_carea' id='block_1_4' title="bbox 0 0 2293 6836">
    <p class='ocr_par' dir='ltr' id='par_1_4' title="bbox 0 0 2293 6836">
     <span class='ocr_line' id='line_1_35' title="bbox 0 0 2293 6836; baseline 0 0"><span class='ocrx_word' id='word_1_286' title='bbox 0 0 2293 6836; x_wconf 95' lang='lat' dir='ltr'> </span> 
     </span>
    </p>
   </div>
  </div>
 </body>
</html>
