4575 6842
700 957 769 1024 178
1033 965 1240 1022 oonrnrorr
1265 966 1486 1022 ronocronrr

696 1120 808 1203 voto,
826 1111 928 1206 idest,
940 1131 1007 1186 aer
1028 1111 1187 1186 resolvat
1204 1111 1240 1184 in
1258 1111 1412 1207 pluvias,
1425 1131 1520 1184 come
1533 1115 1638 1204 fiome
1654 1113 1870 1205 adaequata

696 1235 845 1326 opcrde
865 1235 958 1324 lena,
975 1230 1077 1325 idest,
1095 1231 1193 1307 vires
1210 1230 1337 1326 recipit
1359 1237 1396 1306 et
1416 1229 1548 1306 amittit
1573 1251 1639 1326 per
1665 1230 1871 1308 incremen-

697 1361 777 1427 tum
809 1360 847 1428 et
875 1353 1167 1428 decrementum.
1201 1352 1244 1426 Et
1282 1351 1339 1427 hic
1372 1357 1460 1424 nota
1490 1351 1589 1444 quod
1623 1354 1871 1428 communiter

697 1473 847 1548 flumina
873 1478 910 1548 et
936 1473 1053 1546 sontes
1077 1477 1262 1567 augentur
1288 1471 1323 1544 in
1350 1471 1480 1566 pluviis
1512 1478 1550 1545 et
1582 1471 1800 1546 minuuntur
1833 1473 1870 1547 in

698 1594 877 1687 siccitate;
904 1593 968 1670 sed
992 1614 1104 1668 causa
1130 1591 1381 1667 indeficientia
1406 1597 1462 1666 est
1486 1592 1533 1665 ab
1558 1611 1697 1666 oceano
1723 1593 1786 1686 qui
1816 1601 1870 1668 eat

700 1716 867 1811 proprius
893 1715 995 1788 locus
1021 1733 1217 1806 aquarum.
1244 1713 1320 1786 Hoc
1344 1719 1470 1786 autem
1499 1732 1571 1785 non
1598 1713 1726 1786 accidit
1745 1713 1782 1786 in
1800 1713 1870 1787 tiu-

701 1836 799 1910 mine
832 1835 918 1929 isto;
950 1834 1048 1908 unde
1075 1832 1180 1906 dicit:
1215 1853 1274 1904 ma
1306 1853 1393 1924 ecce,
1419 1830 1487 1904 ista
1519 1851 1628 1927 aqua,
1653 1835 1692 1906 dt
1719 1835 1870 1926 fontano

697 1959 1088 2048 semermemque
1119 1953 1272 2038 scaturit
1287 1944 1323 2044 (¹)
1355 1953 1402 2026 de
1431 1951 1544 2026 solida
1574 1959 1690 2046 petra,
1721 1973 1795 2028 non
1824 1955 1871 2030 de

698 2095 810 2170 specu
824 2094 1035 2169 cavernosa,
1050 2075 1178 2167 quales
1197 2072 1431 2167 reperiuntur
1448 2072 1694 2147 communiter
1709 2073 1744 2146 in
1763 2093 1870 2147 mon-

700 2195 808 2288 tione,
834 2195 871 2268 in
888 2195 1022 2290 quibus
1039 2193 1132 2267 fiunt
1151 2192 1379 2288 receptacula
1398 2213 1544 2288 magna,
1562 2192 1624 2266 uhi
1645 2199 1700 2266 est
1721 2193 1871 2268 thesau-

701 2337 765 2389 rus
790 2321 828 2389 et
848 2315 950 2408 copia
968 2334 1153 2409 aquarum
1172 2315 1395 2405 muitarum
1413 2312 1512 2386 unde
1533 2313 1780 2386 communiter
1800 2315 1870 2387 iiu-

701 2435 799 2508 mina
825 2456 848 2508 a
874 2433 1059 2507 montibus
1083 2432 1267 2506 oriuntur.
1295 2433 1337 2505 Et
1362 2431 1465 2508 dicit:
1485 2433 1558 2521 cde,
1578 2431 1681 2526 idest,
1699 2433 1762 2527 qui
1780 2432 1871 2522 fons,

699 2557 877 2647 riprende,
904 2555 1005 2649 idest,
1040 2554 1176 2628 iterum
1206 2553 1312 2648 capit,
1345 2561 1455 2644 tonte,
1486 2552 1631 2646 scilicet,
1661 2573 1781 2648 aquea,
1811 2555 1875 2628 dai

701 2679 797 2748 oolcr
822 2679 861 2749 di
885 2679 967 2764 Dio,
993 2675 1095 2767 idest,
1112 2673 1232 2748 divina
1261 2674 1562 2769 voluntateque
1582 2681 1638 2748 ost
1658 2672 1872 2769 profundior

700 2815 840 2870 occano
869 2815 1014 2891 magno,
1040 2797 1160 2885 quont'
1173 2797 1253 2885 eila,
1280 2793 1381 2887 idest,
1409 2799 1588 2888 quantum
1618 2815 1727 2887 aqua,
1754 2815 1872 2884 versa,

700 2915 803 3008 idest,
821 2914 973 2988 effundit
989 2906 1039 3008 (²),
1065 2922 1190 3006 operta
1215 2916 1263 2987 da
1288 2915 1357 2986 duo
1376 2917 1497 3006 porti;
1522 2933 1607 3005 quae
1632 2913 1768 2988 scilicet
1793 2914 1873 2988 eiii-

701 3037 749 3111 cit
773 3037 849 3110 duo
873 3035 1017 3110 diversa
1043 3034 1208 3127 domina,
1226 3034 1272 3109 de
1290 3034 1424 3129 quibus
1441 3033 1562 3107 statim
1585 3033 1738 3107 subiicit.
1752 3039 1874 3107 -Da

701 3165 830 3248 questa.
858 3155 922 3229 liic
948 3154 1123 3229 Mathiidis
1149 3153 1318 3228 describit
1343 3161 1547 3246 utrumque
1572 3153 1727 3228 flurium
1752 3175 1774 3228 a
1799 3154 1873 3230 vir-

702 3283 781 3352 tute
807 3275 962 3348 mirabili
988 3279 1025 3348 et
1052 3274 1200 3347 nomine
1225 3273 1465 3348 convenienti.
1484 3273 1555 3348 lsta
1581 3273 1678 3348 enim
1705 3273 1780 3348 duo
1805 3273 1875 3347 tiu·

702 3398 801 3472 mina
815 3395 978 3492 opposita
992 3395 1127 3469 habent
1143 3393 1307 3469 diversas
1319 3394 1551 3488 operationes
1567 3395 1614 3470 ad
1633 3416 1748 3469 unum
1765 3394 1874 3469 tinem

702 3519 909 3594 tendentes:
936 3536 1034 3609 aqua
1060 3515 1158 3589 enim
1185 3515 1295 3588 nnius
1314 3520 1435 3610 potata
1453 3515 1538 3591 iacit
1554 3514 1715 3590 oblivisci
1735 3516 1873 3590 maium

702 3637 955 3734 preteritum
980 3636 1097 3710 altera
1122 3655 1213 3709 vero
1238 3640 1507 3708 commemorat
1533 3636 1670 3709 bonum
1697 3642 1735 3708 et
1759 3635 1876 3708 viviti-

702 3764 763 3833 cat
788 3757 951 3831 virtutes.
979 3755 1071 3830 Dicit
1095 3775 1205 3850 ergo:
1233 3759 1293 3828 Do
1325 3762 1443 3846 questa
1468 3761 1586 3847 parte,
1615 3754 1761 3850 scilicet,
1788 3754 1876 3829 sini·

703 3885 791 3972 stra,
818 3879 879 3951 ubi
912 3885 966 3952 est
997 3877 1121 3969 Lethe,
1152 3878 1326 3965 discendo,
1355 3875 1501 3969 scilicet,
1533 3896 1643 3969 aqua,
1673 3897 1739 3949 coo
1772 3871 1876 3968 virini,

704 3999 807 4091 idest,
833 4019 918 4072 cum
946 4003 1046 4072 tanta
1071 3995 1230 4091 potentia
1252 4001 1289 4069 et
1310 3995 1456 4089 virtuto,
1477 3998 1538 4070 cde
1554 3999 1657 4088 toytie
1681 4000 1789 4070 aimari
1805 4019 1878 4071 nw-

704 4121 821 4191 moria
844 4121 900 4192 det
916 4125 1082 4210 peccam
1108 4119 1192 4191 doit
1205 4119 1313 4207 aetra,
1340 4116 1486 4211 scilicet,
1512 4124 1617 4212 parte
1645 4117 1786 4211 dextra,
1814 4117 1877 4191 ubi

705 4245 760 4314 est
785 4239 925 4331 Eunoe,
950 4241 987 4311 to
1011 4240 1132 4325 rende,
1159 4236 1304 4330 scilicet,
1335 4235 1449 4331 ipsam
1482 4237 1712 4331 memoriam,
1746 4241 1880 4331 d'oqm'

705 4361 772 4432 den
794 4361 893 4451 sotto.
920 4359 964 4430 Et
989 4357 1040 4433 sic
1066 4357 1149 4430 vide
1174 4356 1272 4450 quod
1297 4355 1372 4430 duo
1392 4363 1483 4451 ‚sunt
1509 4357 1712 4432 necessaria
1740 4358 1878 4432 homini

706 4478 866 4554 tendenti
905 4478 952 4552 ad
991 4477 1218 4552 ieiicitatem:
1257 4475 1377 4570 primo
1411 4475 1544 4552 obiivio
1579 4477 1677 4571 maii,
1702 4477 1751 4551 ita
1778 4479 1876 4573 quod
1979 4463 1983 4472 ’

707 4598 864 4693 amplius
890 4619 963 4671 non
990 4597 1112 4671 veniat
1140 4595 1178 4670 in
1208 4603 1369 4670 mentem
1403 4594 1483 4670 eius
1515 4615 1685 4691 peccare3
1717 4597 1879 4674 secundo

708 4717 886 4792 memoria
911 4717 1009 4809 honi,
1034 4737 1119 4811 qoae
1146 4736 1218 4792 non
1244 4716 1430 4810 permittat
1462 4715 1579 4811 ipsum
1610 4717 1768 4812 amptius
1793 4739 1879 4814 pec·

707 4857 804 4912 care.
831 4836 875 4909 Et
900 4837 1063 4910 nominat
1088 4836 1165 4931 ipsa
1190 4835 1354 4930 flumina,
1371 4835 1514 4910 dicens:
1537 4839 1665 4928 quino,
1689 4837 1878 4932 sciliceta

770 5096 799 5159 (¹)
815 5095 846 5146 E.
861 5098 1010 5148 mturitur.
1129 5121 1133 5130 ·
1259 5098 1286 5160 (¹)
1303 5098 1334 5149 E.
1350 5097 1499 5149 effunditur.
1599 5137 1605 5159 ,
