4575 6842
700 938 770 1012 182
1055 947 1262 1006 munusuu
1287 950 1507 1006 nunonuomi

696 1116 790 1189 rem,
804 1101 1100 1191 recognoverunt
1110 1094 1343 1191 Hypsypilem
1357 1093 1547 1170 audientes
1564 1094 1746 1170 nominari
1759 1096 1868 1170 lem-

696 1238 769 1296 non
796 1216 963 1312 patriam,
989 1220 1027 1292 et
1052 1214 1254 1290 Thoantem
1286 1236 1413 1309 avum,
1438 1221 1477 1290 et
1506 1235 1573 1310 per
1607 1215 1729 1292 media
1762 1236 1867 1296 armo

696 1343 847 1414 tuentes
879 1335 997 1424 ambo
1023 1341 1182 1410 matrem
1216 1335 1372 1412 vicissim
1404 1334 1635 1430 amplexibus
1667 1342 1705 1410 et
1734 1334 1868 1411 osculis

695 1457 904 1554 (eligebant.
933 1456 997 1530 llla
1014 1475 1104 1529 vero
1124 1455 1244 1549 primo
1259 1447 1296 1547 (¹)
1322 1455 1440 1530 stabat
1458 1455 1494 1528 in
1511 1476 1656 1548 saxum,
1674 1455 1760 1550 quia
1779 1455 1867 1530 nihil

694 1578 849 1658 credere
872 1581 1036 1671 poterat3
1052 1575 1118 1650 sed
1143 1576 1290 1650 tandem
1309 1595 1575 1672 reoognosoens
1593 1597 1659 1671 per
1676 1575 1800 1650 omnia
1817 1573 1867 1649 si·

693 1719 768 1795 gna
793 1698 888 1792 ipsos
904 1695 1040 1770 similes
1059 1694 1180 1770 Iasoni
1198 1715 1279 1770 esse
1297 1694 1388 1770 lilios
1404 1716 1491 1770 suos
1508 1716 1585 1789 prae
1601 1695 1737 1792 gaudio
1757 1694 1867 1791 eoepit

695 1819 794 1892 llere
820 1817 924 1891 Nunc
940 1814 987 1890 ad
1005 1815 1167 1909 literam3
1184 1815 1270 1890 dicit
1288 1821 1413 1912 poeta:
1437 1819 1504 1892 Tul
1518 1820 1567 1890 mi
1579 1819 1644 1912 sed
1653 1819 1701 1908 io,
1718 1816 1865 1910 scilieet,

693 1934 1020 2033 gratulabundum,
1040 1938 1136 2026 quali
1160 1938 1192 2008 si
1212 1939 1270 2030 ser
1290 1937 1374 2010 duni
1387 1939 1476 2028 fiad,
1493 1936 1639 2031 scilicet,
1657 1935 1805 2010 OEneus
1827 1941 1865 2010 et

694 2058 823 2149 Thoas,
840 2075 866 2127 a
882 2057 1021 2129 vaoeder
1038 2057 1075 2127 la
1092 2058 1229 2146 madre,
1247 2054 1392 2150 scilicet,
1410 2057 1655 2153 llypsypilem,
1681 2059 1773 2130 uella
1798 2057 1865 2128 ln·-

692 2180 795 2255 stiziu
818 2179 857 2250 di
881 2178 1053 2268 dictarum
1083 2181 1233 2272 propter
1263 2182 1423 2251 mortem
1459 2176 1521 2252 tilii
1550 2176 1607 2252 sui
1636 2175 1862 2252 Archemori.

692 2299 737 2372 lit
761 2303 847 2371 nota
868 2296 963 2370 bene
983 2300 1164 2389 quantum
1182 2297 1261 2372 haeo
1279 2295 1407 2371 nobilis
1424 2297 1649 2393 temperatio
1669 2297 1763 2372 bene
1781 2295 1866 2370 iacit

691 2416 739 2494 ad
755 2417 993 2514 propositum.
1012 2416 1114 2491 Siout
1136 2417 1235 2492 euim
1263 2416 1325 2492 lilii
1353 2418 1564 2514 Hypsypiles
1588 2418 1715 2514 repleti
1731 2417 1865 2516 gaudio

692 2559 829 2634 magno
855 2536 1018 2612 videntes
1043 2542 1200 2610 matrem
1229 2537 1356 2612 vivere
1380 2542 1418 2612 et
1442 2537 1601 2614 evasisse
1624 2559 1648 2612 a
1673 2543 1774 2612 tanto
1800 2557 1865 2632 pe-

693 2657 821 2751 riculo,
835 2677 947 2751 quam
961 2677 1036 2730 non
1048 2656 1150 2751 prins
1167 2648 1492 2753 cognomenante),
1508 2663 1667 2733 ruerunt
1683 2657 1720 2730 in
1738 2656 1863 2732 oscula

692 2784 730 2854 et
745 2777 937 2872 amplexus
953 2774 1045 2870 eins,
1062 2776 1113 2850 ita
1130 2797 1229 2852 nuuc
1246 2784 1353 2872 poeta
1371 2775 1497 2853 videns
1513 2776 1731 2870 (luidonem,
1748 2796 1861 2871 quem

690 2903 799 2974 vocat
828 2903 971 2993 patrem
1001 2918 1112 2972 suum
1142 2896 1302 2972 evasisse
1330 2917 1353 2974 a
1385 2897 1549 2992 peniculo
1579 2897 1723 2992 interni,
1749 2917 1862 2992 quem

690 3018 863 3097 credebat
891 3017 1118 3111 damnatum,
1150 3019 1312 3112 repletus
1340 3016 1476 3113 gaudio
1507 3017 1654 3093 volebat
1687 3036 1798 3092 ruere
1824 3015 1862 3093 in

689 3136 882 3233 amplexus
909 3143 948 3214 et
977 3138 1114 3231 oscula
1141 3137 1208 3212 nisi
1238 3137 1331 3234 ἰςιιίε
1361 3137 1546 3214 vetuisset.
1579 3137 1682 3214 Unde
1712 3138 1863 3214 restrin-

688 3279 781 3354 gens
792 3257 1116 3353 comparationem,
1131 3257 1235 3332 dicit:
1249 3279 1309 3334 mu
1324 3280 1398 3334 uon
1414 3280 1439 3331 a
1455 3266 1552 3334 uno
1567 3261 1728 3350 insarno,
1742 3279 1862 3354 quan-

689 3387 770 3456 tum
798 3379 858 3474 illi,
885 3379 972 3473 quia
998 3399 1071 3454 non
1096 3379 1165 3453 luit
1190 3381 1375 3456 osculatus
1401 3379 1460 3456 vel
1484 3379 1678 3476 amplexus
1705 3401 1793 3454 eum
1815 3381 1861 3454 ti·-

690 3519 796 3574 more
826 3499 939 3596 ignis3
968 3499 1028 3574 vel
1056 3498 1138 3573 vult
1166 3498 1309 3574 dcere:
1341 3521 1414 3575 non
1447 3507 1573 3576 tamen
1605 3499 1733 3576 credas
1761 3499 1861 3594 quod

690 3639 763 3696 non
787 3618 899 3692 luerit
920 3617 1037 3693 maior
1053 3618 1176 3693 letitia
1196 3626 1235 3696 et
1253 3618 1426 3696 festivitas
1446 3618 1526 3694 liliis
1543 3620 1668 3696 videre
1688 3625 1857 3693 matrem.

689 3741 733 3814 Et
747 3739 908 3835 assignat
924 3759 1075 3814 causam
1095 3745 1207 3814 tantae
1223 3740 1489 3837 gratulationis,
1506 3739 1650 3816 diceus:
1669 3740 1778 3816 talem
1798 3759 1861 3816 mo

687 3860 768 3954 ieci,
793 3862 935 3952 quondo
957 3862 980 3932 i’
993 3861 1210 3934 adi'uomur
1233 3881 1271 3936 se
1294 3868 1402 3935 stesso
1426 3863 1589 3953 dpadre
1613 3863 1697 3951 mio,
1713 3859 1860 3952 seilicet,

686 3980 890 4060 (luidonem
917 4001 1029 4075 quem
1054 3987 1164 4056 vocat
1183 3987 1326 4076 patrem
1347 4002 1458 4057 suum
1478 3981 1621 4060 ratione
1637 3981 1765 4076 aetatis,
1783 3979 1859 4058 vir-

687 4103 774 4178 tutis
798 4108 836 4177 et
860 4100 1040 4195 soientiae3
1061 4123 1081 4174 e
1104 4103 1198 4194 deuii
1214 4104 1299 4176 alut
1317 4104 1397 4176 mim
1415 4103 1583 4193 minden,
1607 4100 1770 4196 loquitur
1786 4101 1859 4177 un·

688 4224 831 4317 militer,
862 4225 935 4314 ote,
961 4221 1065 4317 idest,
1091 4222 1156 4316 qui
1180 4221 1340 4302 maiores
1366 4222 1451 4318 mei,
1476 4244 1587 4298 usuro
1606 4225 1696 4296 rime
1714 4224 1858 4298 elamor

685 4346 777 4422 dolel
800 4363 819 4416 e
843 4344 1037 4434 kyoiudra,
1062 4343 1168 4436 quasi
1193 4342 1290 4419 dicat
1315 4349 1443 4438 poeta:
1470 4362 1545 4421 nou
1574 4342 1712 4418 mirum
1738 4341 1767 4414 si
1793 4340 1858 4423 18-

686 4471 784 4542 tatus
809 4485 891 4538 snm
917 4464 965 4538 de
988 4463 1108 4539 salute
1122 4462 1309 4559 (luidonis,
1326 4464 1390 4558 qui
1412 4463 1478 4548 luit
1498 4463 1604 4557 quasi
1625 4461 1773 4557 quidam
1792 4481 1858 4556 ld*

685 4592 743 4660 ter
766 4585 841 4659 mei
865 4591 903 4659 et
928 4583 1087 4661 aliorum
1112 4584 1307 4661 dieitorum
1328 4582 1523 4663 meliorum
1542 4603 1614 4660 me
1634 4583 1676 4658 Et
1692 4582 1744 4660 de
1761 4582 1857 4670 mul·

686 4713 766 4781 tum
784 4707 941 4781 honorat
957 4705 1067 4780 istum
1085 4705 1290 4785 Gnidooem
1307 4705 1375 4800 hic,
1389 4725 1474 4786 eum
1493 4704 1577 4784 alihi
1595 4703 1858 4800 supradixerit

685 4825 784 4921 quod
809 4826 949 4921 expulit
970 4826 1018 4902 de
1037 4826 1123 4903 uido
1144 4833 1348 4920 utrumque
1364 4825 1579 4903 (luidonem.
1599 4825 1644 4901 lit
1659 4823 1856 4919 oonnludil,

746 5086 774 5146 (¹)
789 5084 821 5134 lt.
836 5095 852 5133 e
869 5084 1268 5149 ¹1⁷,prlnulalsntntuxnm
1416 5080 1492 5145 (¹21³,
1509 5081 1736 5148 mmmm
