<?xml version="1.0" encoding="UTF-8"?>
<!DOCTYPE html PUBLIC "-//W3C//DTD XHTML 1.0 Transitional//EN"
    "http://www.w3.org/TR/xhtml1/DTD/xhtml1-transitional.dtd">
<html xmlns="http://www.w3.org/1999/xhtml" xml:lang="en" lang="en">
 <head>
  <title>
</title>
<meta http-equiv="Content-Type" content="text/html;charset=utf-8" />
  <meta name='ocr-system' content='tesseract 3.04.00' />
  <meta name='ocr-capabilities' content='ocr_page ocr_carea ocr_par ocr_line ocrx_word'/>
</head>
<body>
  <div class='ocr_page' id='page_1' title='image "./comentumsuperda00unkngoog_0164.png"; bbox 0 0 4575 6842; ppageno 0'>
   <div class='ocr_carea' id='block_1_1' title="bbox 699 963 1505 1030">
    <p class='ocr_par' dir='ltr' id='par_1_1' title="bbox 699 963 1505 1030">
     <span class='ocr_line' id='line_1_1' title="bbox 699 963 1505 1030; baseline -0.005 0"><span class='ocrx_word' id='word_1_1' title='bbox 699 963 769 1030; x_wconf 83' lang='grc'>118</span> <span class='ocrx_word' id='word_1_2' title='bbox 1054 971 1259 1028; x_wconf 86' lang='lat' dir='ltr'>cnunuruu</span> <span class='ocrx_word' id='word_1_3' title='bbox 1284 973 1505 1028; x_wconf 79' lang='lat' dir='ltr'>runenronu</span> 
     </span>
    </p>
   </div>
   <div class='ocr_carea' id='block_1_2' title="bbox 685 1116 1868 3500">
    <p class='ocr_par' dir='ltr' id='par_1_2' title="bbox 685 1116 1868 3500">
     <span class='ocr_line' id='line_1_2' title="bbox 695 1116 1867 1212; baseline 0.004 -20"><span class='ocrx_word' id='word_1_4' title='bbox 695 1117 790 1212; x_wconf 81' lang='lat' dir='ltr'>liter,</span> <span class='ocrx_word' id='word_1_5' title='bbox 808 1116 881 1192; x_wconf 88' lang='lat' dir='ltr'>rita</span> <span class='ocrx_word' id='word_1_6' title='bbox 902 1116 1025 1191; x_wconf 84' lang='lat' dir='ltr'>brevis</span> <span class='ocrx_word' id='word_1_7' title='bbox 1051 1123 1117 1211; x_wconf 81' lang='lat' dir='ltr'>est,</span> <span class='ocrx_word' id='word_1_8' title='bbox 1142 1124 1181 1192; x_wconf 87' lang='lat' dir='ltr'>et</span> <span class='ocrx_word' id='word_1_9' title='bbox 1205 1139 1307 1192; x_wconf 91' lang='lat' dir='ltr'>mors</span> <span class='ocrx_word' id='word_1_10' title='bbox 1332 1118 1572 1212; x_wconf 64' lang='lat' dir='ltr'>propinquam</span> <span class='ocrx_word' id='word_1_11' title='bbox 1594 1119 1779 1195; x_wconf 86' lang='lat' dir='ltr'>modicum</span> <span class='ocrx_word' id='word_1_12' title='bbox 1806 1142 1867 1197; x_wconf 92' lang='lat' dir='ltr'>re-</span> 
     </span>
     <span class='ocr_line' id='line_1_3' title="bbox 694 1237 1868 1333; baseline 0.005 -23"><span class='ocrx_word' id='word_1_13' title='bbox 694 1243 765 1311; x_wconf 87' lang='lat' dir='ltr'>stat</span> <span class='ocrx_word' id='word_1_14' title='bbox 794 1237 841 1312; x_wconf 86' lang='lat' dir='ltr'>de</span> <span class='ocrx_word' id='word_1_15' title='bbox 871 1244 1038 1332; x_wconf 86' lang='lat' dir='ltr'>ternpore</span> <span class='ocrx_word' id='word_1_16' title='bbox 1062 1257 1246 1331; x_wconf 88' lang='lat' dir='ltr'>concesso,</span> <span class='ocrx_word' id='word_1_17' title='bbox 1277 1237 1370 1333; x_wconf 90' lang='lat' dir='ltr'>ideo,</span> <span class='ocrx_word' id='word_1_18' title='bbox 1402 1259 1475 1310; x_wconf 81' lang='lat' dir='ltr'>uon</span> <span class='ocrx_word' id='word_1_19' title='bbox 1505 1241 1537 1310; x_wconf 81' lang='lat' dir='ltr'>u’</span> <span class='ocrx_word' id='word_1_20' title='bbox 1551 1247 1736 1330; x_wconf 65' lang='lat' dir='ltr'>mutate,</span> <span class='ocrx_word' id='word_1_21' title='bbox 1764 1261 1868 1316; x_wconf 89' lang='lat' dir='ltr'>more</span> 
     </span>
     <span class='ocr_line' id='line_1_4' title="bbox 694 1357 1868 1454; baseline 0.003 -20"><span class='ocrx_word' id='word_1_22' title='bbox 694 1359 779 1434; x_wconf 83' lang='lat' dir='ltr'>rani</span> <span class='ocrx_word' id='word_1_23' title='bbox 804 1357 965 1453; x_wconf 85' lang='lat' dir='ltr'>viatoris,</span> <span class='ocrx_word' id='word_1_24' title='bbox 990 1379 1052 1431; x_wconf 84' lang='lat' dir='ltr'>ma</span> <span class='ocrx_word' id='word_1_25' title='bbox 1077 1361 1226 1432; x_wconf 75' lang='lat' dir='ltr'>rmdintc</span> <span class='ocrx_word' id='word_1_26' title='bbox 1253 1361 1281 1430; x_wconf 82' lang='lat' dir='ltr'>il</span> <span class='ocrx_word' id='word_1_27' title='bbox 1303 1378 1427 1452; x_wconf 84' lang='lat' dir='ltr'>passo,</span> <span class='ocrx_word' id='word_1_28' title='bbox 1457 1357 1559 1454; x_wconf 86' lang='lat' dir='ltr'>idest,</span> <span class='ocrx_word' id='word_1_29' title='bbox 1585 1360 1650 1436; x_wconf 89' lang='lat' dir='ltr'>sed</span> <span class='ocrx_word' id='word_1_30' title='bbox 1682 1368 1868 1438; x_wconf 87' lang='lat' dir='ltr'>maturate</span> 
     </span>
     <span class='ocr_line' id='line_1_5' title="bbox 693 1477 1868 1576; baseline 0.005 -24"><span class='ocrx_word' id='word_1_31' title='bbox 693 1499 876 1576; x_wconf 81' lang='lat' dir='ltr'>gressum,</span> <span class='ocrx_word' id='word_1_32' title='bbox 895 1499 966 1552; x_wconf 88' lang='lat' dir='ltr'>non</span> <span class='ocrx_word' id='word_1_33' title='bbox 985 1477 1092 1552; x_wconf 81' lang='lat' dir='ltr'>tacite</span> <span class='ocrx_word' id='word_1_34' title='bbox 1109 1497 1252 1552; x_wconf 88' lang='lat' dir='ltr'>moram</span> <span class='ocrx_word' id='word_1_35' title='bbox 1278 1477 1315 1552; x_wconf 94' lang='lat' dir='ltr'>in</span> <span class='ocrx_word' id='word_1_36' title='bbox 1341 1477 1460 1573; x_wconf 87' lang='lat' dir='ltr'>primo</span> <span class='ocrx_word' id='word_1_37' title='bbox 1486 1479 1611 1556; x_wconf 87' lang='lat' dir='ltr'>limine</span> <span class='ocrx_word' id='word_1_38' title='bbox 1633 1481 1727 1556; x_wconf 84' lang='lat' dir='ltr'>berti</span> <span class='ocrx_word' id='word_1_39' title='bbox 1747 1503 1868 1558; x_wconf 85' lang='lat' dir='ltr'>arnec-</span> 
     </span>
     <span class='ocr_line' id='line_1_6' title="bbox 694 1600 1864 1696; baseline 0.001 -22"><span class='ocrx_word' id='word_1_40' title='bbox 694 1600 843 1694; x_wconf 82' lang='lat' dir='ltr'>nissimi,</span> <span class='ocrx_word' id='word_1_41' title='bbox 861 1606 992 1672; x_wconf 81' lang='lat' dir='ltr'>mcntre</span> <span class='ocrx_word' id='word_1_42' title='bbox 1015 1601 1076 1671; x_wconf 82' lang='lat' dir='ltr'>cte</span> <span class='ocrx_word' id='word_1_43' title='bbox 1099 1601 1306 1672; x_wconf 65' lang='lat' dir='ltr'>ducemne</span> <span class='ocrx_word' id='word_1_44' title='bbox 1321 1620 1393 1672; x_wconf 82' lang='lat' dir='ltr'>nnn</span> <span class='ocrx_word' id='word_1_45' title='bbox 1415 1602 1443 1672; x_wconf 84' lang='lat' dir='ltr'>s&#39;</span> <span class='ocrx_word' id='word_1_46' title='bbox 1457 1619 1608 1692; x_wconf 71' lang='lat' dir='ltr'>anama,</span> <span class='ocrx_word' id='word_1_47' title='bbox 1626 1602 1731 1696; x_wconf 90' lang='lat' dir='ltr'>quasi</span> <span class='ocrx_word' id='word_1_48' title='bbox 1748 1601 1864 1677; x_wconf 88' lang='lat' dir='ltr'>dicat:</span> 
     </span>
     <span class='ocr_line' id='line_1_7' title="bbox 692 1719 1863 1817; baseline 0.002 -23"><span class='ocrx_word' id='word_1_49' title='bbox 692 1725 891 1815; x_wconf 79' lang='lat' dir='ltr'>antequam</span> <span class='ocrx_word' id='word_1_50' title='bbox 911 1723 1300 1794; x_wconf 72' lang='lat' dir='ltr'>recrescat-nnuc.</span> <span class='ocrx_word' id='word_1_51' title='bbox 1319 1720 1424 1795; x_wconf 91' lang='lat' dir='ltr'>Nunc</span> <span class='ocrx_word' id='word_1_52' title='bbox 1441 1726 1548 1815; x_wconf 89' lang='lat' dir='ltr'>poeta</span> <span class='ocrx_word' id='word_1_53' title='bbox 1560 1719 1731 1797; x_wconf 83' lang='lat' dir='ltr'>describit</span> <span class='ocrx_word' id='word_1_54' title='bbox 1748 1722 1863 1817; x_wconf 82' lang='lat' dir='ltr'>ipsam</span> 
     </span>
     <span class='ocr_line' id='line_1_8' title="bbox 692 1833 1862 1936; baseline 0.001 -21"><span class='ocrx_word' id='word_1_55' title='bbox 692 1841 789 1915; x_wconf 80' lang='lat' dir='ltr'>riam</span> <span class='ocrx_word' id='word_1_56' title='bbox 821 1860 888 1936; x_wconf 88' lang='lat' dir='ltr'>per</span> <span class='ocrx_word' id='word_1_57' title='bbox 922 1859 1034 1933; x_wconf 90' lang='lat' dir='ltr'>quam</span> <span class='ocrx_word' id='word_1_58' title='bbox 1067 1833 1369 1934; x_wconf 63' lang='lat' dir='ltr'>perveneruntd)</span> <span class='ocrx_word' id='word_1_59' title='bbox 1403 1840 1451 1914; x_wconf 89' lang='lat' dir='ltr'>ad</span> <span class='ocrx_word' id='word_1_60' title='bbox 1481 1861 1671 1914; x_wconf 91' lang='lat' dir='ltr'>summum</span> <span class='ocrx_word' id='word_1_61' title='bbox 1709 1841 1862 1936; x_wconf 88' lang='lat' dir='ltr'>montis;</span> 
     </span>
     <span class='ocr_line' id='line_1_9' title="bbox 691 1959 1861 2055; baseline 0.002 -21"><span class='ocrx_word' id='word_1_62' title='bbox 691 1961 791 2036; x_wconf 92' lang='lat' dir='ltr'>unde</span> <span class='ocrx_word' id='word_1_63' title='bbox 816 1960 899 2035; x_wconf 80' lang='lat' dir='ltr'>voto</span> <span class='ocrx_word' id='word_1_64' title='bbox 925 1966 961 2034; x_wconf 90' lang='lat' dir='ltr'>te</span> <span class='ocrx_word' id='word_1_65' title='bbox 986 1959 1044 2032; x_wconf 89' lang='lat' dir='ltr'>bic</span> <span class='ocrx_word' id='word_1_66' title='bbox 1070 1966 1209 2052; x_wconf 86' lang='lat' dir='ltr'>nutare,</span> <span class='ocrx_word' id='word_1_67' title='bbox 1227 1959 1326 2052; x_wconf 88' lang='lat' dir='ltr'>quud</span> <span class='ocrx_word' id='word_1_68' title='bbox 1345 1966 1451 2055; x_wconf 88' lang='lat' dir='ltr'>poeta</span> <span class='ocrx_word' id='word_1_69' title='bbox 1469 1968 1676 2054; x_wconf 87' lang='lat' dir='ltr'>noster-per</span> <span class='ocrx_word' id='word_1_70' title='bbox 1698 1967 1861 2036; x_wconf 86' lang='lat' dir='ltr'>mentem</span> 
     </span>
     <span class='ocr_line' id='line_1_10' title="bbox 692 2078 1862 2178; baseline 0.002 -24"><span class='ocrx_word' id='word_1_71' title='bbox 692 2080 826 2178; x_wconf 82' lang='lat' dir='ltr'>figurat</span> <span class='ocrx_word' id='word_1_72' title='bbox 852 2079 954 2153; x_wconf 88' lang='lat' dir='ltr'>nobis</span> <span class='ocrx_word' id='word_1_73' title='bbox 979 2078 1186 2153; x_wconf 87' lang='lat' dir='ltr'>subiectum</span> <span class='ocrx_word' id='word_1_74' title='bbox 1206 2078 1361 2173; x_wconf 89' lang='lat' dir='ltr'>virtutis,</span> <span class='ocrx_word' id='word_1_75' title='bbox 1380 2079 1466 2172; x_wconf 90' lang='lat' dir='ltr'>quia</span> <span class='ocrx_word' id='word_1_76' title='bbox 1485 2099 1591 2154; x_wconf 86' lang='lat' dir='ltr'>mens</span> <span class='ocrx_word' id='word_1_77' title='bbox 1608 2081 1675 2156; x_wconf 88' lang='lat' dir='ltr'>iste</span> <span class='ocrx_word' id='word_1_78' title='bbox 1695 2087 1750 2156; x_wconf 86' lang='lat' dir='ltr'>est</span> <span class='ocrx_word' id='word_1_79' title='bbox 1765 2081 1862 2156; x_wconf 87' lang='lat' dir='ltr'>altus</span> 
     </span>
     <span class='ocr_line' id='line_1_11' title="bbox 690 2197 1862 2295; baseline 0 -21"><span class='ocrx_word' id='word_1_80' title='bbox 690 2200 737 2274; x_wconf 93' lang='lat' dir='ltr'>ad</span> <span class='ocrx_word' id='word_1_81' title='bbox 762 2200 911 2292; x_wconf 87' lang='lat' dir='ltr'>coelum,</span> <span class='ocrx_word' id='word_1_82' title='bbox 936 2204 991 2272; x_wconf 85' lang='lat' dir='ltr'>est</span> <span class='ocrx_word' id='word_1_83' title='bbox 1022 2197 1214 2291; x_wconf 89' lang='lat' dir='ltr'>rotundus,</span> <span class='ocrx_word' id='word_1_84' title='bbox 1240 2219 1262 2272; x_wconf 91' lang='lat' dir='ltr'>a</span> <span class='ocrx_word' id='word_1_85' title='bbox 1294 2199 1468 2293; x_wconf 87' lang='lat' dir='ltr'>principio</span> <span class='ocrx_word' id='word_1_86' title='bbox 1500 2221 1620 2295; x_wconf 84' lang='lat' dir='ltr'>asper,</span> <span class='ocrx_word' id='word_1_87' title='bbox 1645 2201 1681 2274; x_wconf 92' lang='lat' dir='ltr'>in</span> <span class='ocrx_word' id='word_1_88' title='bbox 1714 2221 1862 2274; x_wconf 87' lang='lat' dir='ltr'>summo</span> 
     </span>
     <span class='ocr_line' id='line_1_12' title="bbox 689 2320 1862 2414; baseline -0.002 -18"><span class='ocrx_word' id='word_1_89' title='bbox 689 2342 879 2414; x_wconf 85' lang='lat' dir='ltr'>amoenns3</span> <span class='ocrx_word' id='word_1_90' title='bbox 904 2324 941 2394; x_wconf 90' lang='lat' dir='ltr'>et</span> <span class='ocrx_word' id='word_1_91' title='bbox 967 2339 1096 2393; x_wconf 89' lang='lat' dir='ltr'>omnes</span> <span class='ocrx_word' id='word_1_92' title='bbox 1120 2320 1255 2393; x_wconf 79' lang='lat' dir='ltr'>animae</span> <span class='ocrx_word' id='word_1_93' title='bbox 1280 2320 1540 2394; x_wconf 87' lang='lat' dir='ltr'>salvandorum</span> <span class='ocrx_word' id='word_1_94' title='bbox 1566 2327 1663 2396; x_wconf 90' lang='lat' dir='ltr'>stant</span> <span class='ocrx_word' id='word_1_95' title='bbox 1686 2321 1743 2396; x_wconf 90' lang='lat' dir='ltr'>vel</span> <span class='ocrx_word' id='word_1_96' title='bbox 1764 2321 1862 2395; x_wconf 89' lang='lat' dir='ltr'>ince-</span> 
     </span>
     <span class='ocr_line' id='line_1_13' title="bbox 689 2439 1862 2538; baseline 0.003 -24"><span class='ocrx_word' id='word_1_97' title='bbox 689 2440 781 2514; x_wconf 89' lang='lat' dir='ltr'>dunt</span> <span class='ocrx_word' id='word_1_98' title='bbox 797 2439 892 2513; x_wconf 90' lang='lat' dir='ltr'>circa</span> <span class='ocrx_word' id='word_1_99' title='bbox 911 2445 1074 2513; x_wconf 88' lang='lat' dir='ltr'>montem</span> <span class='ocrx_word' id='word_1_100' title='bbox 1091 2446 1257 2533; x_wconf 88' lang='lat' dir='ltr'>petentes</span> <span class='ocrx_word' id='word_1_101' title='bbox 1274 2440 1388 2534; x_wconf 85' lang='lat' dir='ltr'>ipsam</span> <span class='ocrx_word' id='word_1_102' title='bbox 1411 2440 1586 2516; x_wconf 86' lang='lat' dir='ltr'>virtutem</span> <span class='ocrx_word' id='word_1_103' title='bbox 1605 2442 1757 2518; x_wconf 84' lang='lat' dir='ltr'>diversis</span> <span class='ocrx_word' id='word_1_104' title='bbox 1773 2461 1862 2538; x_wconf 81' lang='lat' dir='ltr'>gra·</span> 
     </span>
     <span class='ocr_line' id='line_1_14' title="bbox 688 2559 1860 2656; baseline 0.001 -21"><span class='ocrx_word' id='word_1_105' title='bbox 688 2561 806 2654; x_wconf 90' lang='lat' dir='ltr'>dibus,</span> <span class='ocrx_word' id='word_1_106' title='bbox 832 2559 895 2634; x_wconf 87' lang='lat' dir='ltr'>sed</span> <span class='ocrx_word' id='word_1_107' title='bbox 922 2580 1126 2653; x_wconf 83' lang='lat' dir='ltr'>numquam</span> <span class='ocrx_word' id='word_1_108' title='bbox 1154 2559 1346 2634; x_wconf 83' lang='lat' dir='ltr'>inveniunt</span> <span class='ocrx_word' id='word_1_109' title='bbox 1371 2561 1500 2656; x_wconf 89' lang='lat' dir='ltr'>ipsam,</span> <span class='ocrx_word' id='word_1_110' title='bbox 1518 2562 1585 2636; x_wconf 87' lang='lat' dir='ltr'>nisi</span> <span class='ocrx_word' id='word_1_111' title='bbox 1604 2563 1733 2638; x_wconf 84' lang='lat' dir='ltr'>ultime</span> <span class='ocrx_word' id='word_1_112' title='bbox 1759 2571 1860 2638; x_wconf 90' lang='lat' dir='ltr'>tran-</span> 
     </span>
     <span class='ocr_line' id='line_1_15' title="bbox 688 2680 1860 2779; baseline 0.003 -24"><span class='ocrx_word' id='word_1_113' title='bbox 688 2681 757 2756; x_wconf 89' lang='lat' dir='ltr'>sito</span> <span class='ocrx_word' id='word_1_114' title='bbox 783 2681 851 2755; x_wconf 83' lang='lat' dir='ltr'>ista</span> <span class='ocrx_word' id='word_1_115' title='bbox 876 2681 971 2777; x_wconf 85' lang='lat' dir='ltr'>igne.</span> <span class='ocrx_word' id='word_1_116' title='bbox 998 2680 1084 2755; x_wconf 89' lang='lat' dir='ltr'>ldeo</span> <span class='ocrx_word' id='word_1_117' title='bbox 1108 2681 1204 2755; x_wconf 94' lang='lat' dir='ltr'>bene</span> <span class='ocrx_word' id='word_1_118' title='bbox 1229 2687 1336 2776; x_wconf 84' lang='lat' dir='ltr'>poeta</span> <span class='ocrx_word' id='word_1_119' title='bbox 1358 2702 1456 2756; x_wconf 91' lang='lat' dir='ltr'>nunc</span> <span class='ocrx_word' id='word_1_120' title='bbox 1473 2681 1645 2758; x_wconf 80' lang='lat' dir='ltr'>describit</span> <span class='ocrx_word' id='word_1_121' title='bbox 1671 2683 1766 2758; x_wconf 88' lang='lat' dir='ltr'>riam</span> <span class='ocrx_word' id='word_1_122' title='bbox 1794 2705 1860 2779; x_wconf 92' lang='lat' dir='ltr'>per</span> 
     </span>
     <span class='ocr_line' id='line_1_16' title="bbox 688 2801 1860 2897; baseline 0.003 -22"><span class='ocrx_word' id='word_1_123' title='bbox 688 2823 801 2897; x_wconf 91' lang='lat' dir='ltr'>quam</span> <span class='ocrx_word' id='word_1_124' title='bbox 815 2801 963 2876; x_wconf 82' lang='lat' dir='ltr'>intrarit</span> <span class='ocrx_word' id='word_1_125' title='bbox 975 2807 1152 2894; x_wconf 90' lang='lat' dir='ltr'>muntem,</span> <span class='ocrx_word' id='word_1_126' title='bbox 1163 2801 1309 2876; x_wconf 87' lang='lat' dir='ltr'>dimissa</span> <span class='ocrx_word' id='word_1_127' title='bbox 1324 2803 1482 2896; x_wconf 89' lang='lat' dir='ltr'>cornice,</span> <span class='ocrx_word' id='word_1_128' title='bbox 1496 2823 1562 2896; x_wconf 90' lang='lat' dir='ltr'>per</span> <span class='ocrx_word' id='word_1_129' title='bbox 1575 2824 1689 2896; x_wconf 86' lang='lat' dir='ltr'>quam</span> <span class='ocrx_word' id='word_1_130' title='bbox 1702 2803 1860 2879; x_wconf 90' lang='lat' dir='ltr'>diuam-</span> 
     </span>
     <span class='ocr_line' id='line_1_17' title="bbox 686 2915 1859 3018; baseline 0.002 -22"><span class='ocrx_word' id='word_1_131' title='bbox 686 2923 890 2998; x_wconf 82' lang='lat' dir='ltr'>butaverat.</span> <span class='ocrx_word' id='word_1_132' title='bbox 905 2922 990 2996; x_wconf 88' lang='lat' dir='ltr'>ideo</span> <span class='ocrx_word' id='word_1_133' title='bbox 1006 2921 1110 2996; x_wconf 90' lang='lat' dir='ltr'>dicit:</span> <span class='ocrx_word' id='word_1_134' title='bbox 1125 2925 1245 2996; x_wconf 67' lang='lat' dir='ltr'>naua</span> <span class='ocrx_word' id='word_1_135' title='bbox 1260 2915 1351 2996; x_wconf 82' lang='lat' dir='ltr'>satia</span> <span class='ocrx_word' id='word_1_136' title='bbox 1373 2925 1409 2996; x_wconf 83' lang='lat' dir='ltr'>la</span> <span class='ocrx_word' id='word_1_137' title='bbox 1426 2927 1485 2996; x_wconf 83' lang='lat' dir='ltr'>vta</span> <span class='ocrx_word' id='word_1_138' title='bbox 1497 2945 1566 3016; x_wconf 86' lang='lat' dir='ltr'>per</span> <span class='ocrx_word' id='word_1_139' title='bbox 1581 2932 1681 2998; x_wconf 82' lang='lat' dir='ltr'>cntra</span> <span class='ocrx_word' id='word_1_140' title='bbox 1697 2927 1859 3018; x_wconf 73' lang='lat' dir='ltr'>deesse,</span> 
     </span>
     <span class='ocr_line' id='line_1_18' title="bbox 686 3043 1860 3140; baseline 0.002 -22"><span class='ocrx_word' id='word_1_141' title='bbox 686 3044 767 3118; x_wconf 88' lang='lat' dir='ltr'>talis</span> <span class='ocrx_word' id='word_1_142' title='bbox 792 3051 848 3118; x_wconf 88' lang='lat' dir='ltr'>est</span> <span class='ocrx_word' id='word_1_143' title='bbox 874 3051 973 3118; x_wconf 86' lang='lat' dir='ltr'>recte</span> <span class='ocrx_word' id='word_1_144' title='bbox 999 3043 1056 3116; x_wconf 82' lang='lat' dir='ltr'>ria</span> <span class='ocrx_word' id='word_1_145' title='bbox 1083 3043 1238 3136; x_wconf 88' lang='lat' dir='ltr'>virtutis,</span> <span class='ocrx_word' id='word_1_146' title='bbox 1265 3065 1367 3116; x_wconf 85' lang='lat' dir='ltr'>verse</span> <span class='ocrx_word' id='word_1_147' title='bbox 1391 3046 1443 3118; x_wconf 83' lang='lat' dir='ltr'>tal</span> <span class='ocrx_word' id='word_1_148' title='bbox 1466 3052 1584 3136; x_wconf 86' lang='lat' dir='ltr'>partc,</span> <span class='ocrx_word' id='word_1_149' title='bbox 1617 3045 1763 3140; x_wconf 82' lang='lat' dir='ltr'>scilicet,</span> <span class='ocrx_word' id='word_1_150' title='bbox 1795 3066 1860 3120; x_wconf 88' lang='lat' dir='ltr'>oc·</span> 
     </span>
     <span class='ocr_line' id='line_1_19' title="bbox 685 3156 1855 3257; baseline 0.002 -19"><span class='ocrx_word' id='word_1_151' title='bbox 685 3165 878 3257; x_wconf 83' lang='lat' dir='ltr'>ridentem,</span> <span class='ocrx_word' id='word_1_152' title='bbox 904 3165 1003 3235; x_wconf 81' lang='lat' dir='ltr'>cb’io</span> <span class='ocrx_word' id='word_1_153' title='bbox 1028 3165 1178 3253; x_wconf 76' lang='lat' dir='ltr'>toptteva</span> <span class='ocrx_word' id='word_1_154' title='bbox 1202 3166 1216 3236; x_wconf 83' lang='lat' dir='ltr'>i</span> <span class='ocrx_word' id='word_1_155' title='bbox 1238 3166 1347 3254; x_wconf 66' lang='lat' dir='ltr'>rapui</span> <span class='ocrx_word' id='word_1_156' title='bbox 1371 3166 1429 3238; x_wconf 83' lang='lat' dir='ltr'>dcl</span> <span class='ocrx_word' id='word_1_157' title='bbox 1452 3167 1508 3237; x_wconf 86' lang='lat' dir='ltr'>soi</span> <span class='ocrx_word' id='word_1_158' title='bbox 1521 3167 1644 3238; x_wconf 82' lang='lat' dir='ltr'>cb&#39;cra</span> <span class='ocrx_word' id='word_1_159' title='bbox 1669 3156 1731 3257; x_wconf 72' lang='lat' dir='ltr'>qut</span> <span class='ocrx_word' id='word_1_160' title='bbox 1748 3168 1855 3257; x_wconf 83' lang='lat' dir='ltr'>iusso,</span> 
     </span>
     <span class='ocr_line' id='line_1_20' title="bbox 685 3273 1858 3376; baseline 0.003 -19"><span class='ocrx_word' id='word_1_161' title='bbox 685 3283 723 3357; x_wconf 89' lang='lat' dir='ltr'>in</span> <span class='ocrx_word' id='word_1_162' title='bbox 752 3303 923 3358; x_wconf 89' lang='lat' dir='ltr'>occasum</span> <span class='ocrx_word' id='word_1_163' title='bbox 940 3273 991 3376; x_wconf 78' lang='lat'>(²),</span> <span class='ocrx_word' id='word_1_164' title='bbox 1016 3284 1164 3356; x_wconf 80' lang='lat' dir='ltr'>dinanzi</span> <span class='ocrx_word' id='word_1_165' title='bbox 1194 3303 1218 3354; x_wconf 86' lang='lat' dir='ltr'>a</span> <span class='ocrx_word' id='word_1_166' title='bbox 1248 3303 1315 3373; x_wconf 86' lang='lat' dir='ltr'>me,</span> <span class='ocrx_word' id='word_1_167' title='bbox 1349 3284 1630 3360; x_wconf 84' lang='lat' dir='ltr'>reverberantes</span> <span class='ocrx_word' id='word_1_168' title='bbox 1660 3285 1696 3360; x_wconf 92' lang='lat' dir='ltr'>in</span> <span class='ocrx_word' id='word_1_169' title='bbox 1727 3285 1858 3362; x_wconf 79' lang='lat' dir='ltr'>taciem</span> 
     </span>
     <span class='ocr_line' id='line_1_21' title="bbox 686 3401 1858 3500; baseline 0.002 -22"><span class='ocrx_word' id='word_1_170' title='bbox 686 3425 820 3479; x_wconf 89' lang='lat' dir='ltr'>meam.</span> <span class='ocrx_word' id='word_1_171' title='bbox 848 3405 891 3477; x_wconf 90' lang='lat' dir='ltr'>Et</span> <span class='ocrx_word' id='word_1_172' title='bbox 918 3401 1032 3499; x_wconf 82' lang='lat' dir='ltr'>tangit</span> <span class='ocrx_word' id='word_1_173' title='bbox 1058 3402 1171 3497; x_wconf 90' lang='lat' dir='ltr'>ipsam</span> <span class='ocrx_word' id='word_1_174' title='bbox 1199 3403 1476 3478; x_wconf 84' lang='lat' dir='ltr'>declinationem</span> <span class='ocrx_word' id='word_1_175' title='bbox 1502 3405 1598 3499; x_wconf 87' lang='lat' dir='ltr'>selis,</span> <span class='ocrx_word' id='word_1_176' title='bbox 1615 3406 1756 3500; x_wconf 80' lang='lat' dir='ltr'>dicens,</span> <span class='ocrx_word' id='word_1_177' title='bbox 1774 3429 1794 3480; x_wconf 84' lang='lat' dir='ltr'>e</span> <span class='ocrx_word' id='word_1_178' title='bbox 1809 3410 1858 3481; x_wconf 87' lang='lat' dir='ltr'>tc-</span> 
     </span>
    </p>
   </div>
   <div class='ocr_carea' id='block_1_3' title="bbox 621 3524 1990 3978">
    <p class='ocr_par' dir='ltr' id='par_1_3' title="bbox 621 3524 1990 3978">
     <span class='ocr_line' id='line_1_22' title="bbox 685 3524 1858 3620; baseline 0.001 -21"><span class='ocrx_word' id='word_1_179' title='bbox 685 3546 825 3600; x_wconf 84' lang='lat' dir='ltr'>vammo</span> <span class='ocrx_word' id='word_1_180' title='bbox 857 3527 872 3597; x_wconf 84' lang='lat' dir='ltr'>i</span> <span class='ocrx_word' id='word_1_181' title='bbox 903 3527 1008 3615; x_wconf 71' lang='lat' dir='ltr'>sappi</span> <span class='ocrx_word' id='word_1_182' title='bbox 1035 3527 1073 3597; x_wconf 80' lang='lat' dir='ltr'>di</span> <span class='ocrx_word' id='word_1_183' title='bbox 1096 3526 1202 3616; x_wconf 83' lang='lat' dir='ltr'>perdi</span> <span class='ocrx_word' id='word_1_184' title='bbox 1229 3525 1400 3615; x_wconf 76' lang='lat' dir='ltr'>scaptiae,</span> <span class='ocrx_word' id='word_1_185' title='bbox 1433 3524 1538 3618; x_wconf 88' lang='lat' dir='ltr'>quasi</span> <span class='ocrx_word' id='word_1_186' title='bbox 1572 3524 1677 3620; x_wconf 90' lang='lat' dir='ltr'>dicat,</span> <span class='ocrx_word' id='word_1_187' title='bbox 1704 3525 1858 3602; x_wconf 79' lang='lat' dir='ltr'>fecimus</span> 
     </span>
     <span class='ocr_line' id='line_1_23' title="bbox 621 3625 1990 3742; baseline 0.001 -24"><span class='ocrx_word' id='word_1_188' title='bbox 621 3625 624 3632; x_wconf 40' lang='lat'>¹</span> <span class='ocrx_word' id='word_1_189' title='bbox 685 3665 822 3742; x_wconf 88' lang='lat' dir='ltr'>paucos</span> <span class='ocrx_word' id='word_1_190' title='bbox 847 3665 974 3739; x_wconf 91' lang='lat' dir='ltr'>passus</span> <span class='ocrx_word' id='word_1_191' title='bbox 1000 3663 1066 3738; x_wconf 89' lang='lat' dir='ltr'>per</span> <span class='ocrx_word' id='word_1_192' title='bbox 1090 3643 1228 3738; x_wconf 80' lang='lat' dir='ltr'>gradus</span> <span class='ocrx_word' id='word_1_193' title='bbox 1254 3642 1349 3717; x_wconf 86' lang='lat' dir='ltr'>itlius</span> <span class='ocrx_word' id='word_1_194' title='bbox 1374 3644 1481 3718; x_wconf 81' lang='lat' dir='ltr'>scaiae</span> <span class='ocrx_word' id='word_1_195' title='bbox 1516 3652 1638 3740; x_wconf 70' lang='lat' dir='ltr'>rectae,</span> <span class='ocrx_word' id='word_1_196' title='bbox 1664 3649 1724 3720; x_wconf 83' lang='lat' dir='ltr'>cte</span> <span class='ocrx_word' id='word_1_197' title='bbox 1741 3649 1767 3720; x_wconf 83' lang='lat' dir='ltr'>’l</span> <span class='ocrx_word' id='word_1_198' title='bbox 1788 3650 1857 3738; x_wconf 77' lang='lat' dir='ltr'>sol,</span> <span class='ocrx_word' id='word_1_199' title='bbox 1987 3663 1990 3672; x_wconf 85' lang='grc'><strong>’</strong></span> 
     </span>
     <span class='ocr_line' id='line_1_24' title="bbox 684 3762 1856 3861; baseline 0 -22"><span class='ocrx_word' id='word_1_200' title='bbox 684 3765 831 3857; x_wconf 83' lang='lat' dir='ltr'>scilicet,</span> <span class='ocrx_word' id='word_1_201' title='bbox 857 3764 894 3836; x_wconf 93' lang='lat' dir='ltr'>iu</span> <span class='ocrx_word' id='word_1_202' title='bbox 920 3764 1026 3837; x_wconf 85' lang='lat' dir='ltr'>tertia</span> <span class='ocrx_word' id='word_1_203' title='bbox 1055 3762 1126 3856; x_wconf 87' lang='lat' dir='ltr'>die,</span> <span class='ocrx_word' id='word_1_204' title='bbox 1152 3767 1333 3837; x_wconf 82' lang='lat' dir='ltr'>sentimmo</span> <span class='ocrx_word' id='word_1_205' title='bbox 1362 3784 1504 3857; x_wconf 81' lang='lat' dir='ltr'>carcar,</span> <span class='ocrx_word' id='word_1_206' title='bbox 1537 3766 1640 3860; x_wconf 87' lang='lat' dir='ltr'>idest,</span> <span class='ocrx_word' id='word_1_207' title='bbox 1666 3767 1856 3861; x_wconf 77' lang='lat' dir='ltr'>codncnri3</span> 
     </span>
     <span class='ocr_line' id='line_1_25' title="bbox 684 3882 1857 3978; baseline 0.002 -18"><span class='ocrx_word' id='word_1_208' title='bbox 684 3905 770 3960; x_wconf 88' lang='lat' dir='ltr'>nam</span> <span class='ocrx_word' id='word_1_209' title='bbox 796 3883 849 3958; x_wconf 88' lang='lat' dir='ltr'>sol</span> <span class='ocrx_word' id='word_1_210' title='bbox 875 3882 1021 3958; x_wconf 88' lang='lat' dir='ltr'>videtur</span> <span class='ocrx_word' id='word_1_211' title='bbox 1044 3903 1215 3977; x_wconf 86' lang='lat' dir='ltr'>quaerere</span> <span class='ocrx_word' id='word_1_212' title='bbox 1240 3883 1404 3977; x_wconf 89' lang='lat' dir='ltr'>quietem</span> <span class='ocrx_word' id='word_1_213' title='bbox 1422 3885 1570 3978; x_wconf 85' lang='lat' dir='ltr'>quande</span> <span class='ocrx_word' id='word_1_214' title='bbox 1591 3887 1727 3962; x_wconf 86' lang='lat' dir='ltr'>recedit</span> <span class='ocrx_word' id='word_1_215' title='bbox 1748 3907 1857 3962; x_wconf 88' lang='lat' dir='ltr'>ano·</span> 
     </span>
    </p>
   </div>
   <div class='ocr_carea' id='block_1_4' title="bbox 683 4001 1858 4943">
    <p class='ocr_par' dir='ltr' id='par_1_4' title="bbox 683 4001 1858 4943">
     <span class='ocr_line' id='line_1_26' title="bbox 683 4001 1858 4100; baseline 0 -20"><span class='ocrx_word' id='word_1_216' title='bbox 683 4005 739 4080; x_wconf 91' lang='lat' dir='ltr'>bis</span> <span class='ocrx_word' id='word_1_217' title='bbox 762 4004 808 4078; x_wconf 93' lang='lat' dir='ltr'>ad</span> <span class='ocrx_word' id='word_1_218' title='bbox 840 4001 1048 4097; x_wconf 75' lang='lat' dir='ltr'>antipodes,</span> <span class='ocrx_word' id='word_1_219' title='bbox 1074 4008 1107 4076; x_wconf 88' lang='lat' dir='ltr'>ct</span> <span class='ocrx_word' id='word_1_220' title='bbox 1128 4006 1164 4076; x_wconf 83' lang='lat' dir='ltr'>io</span> <span class='ocrx_word' id='word_1_221' title='bbox 1195 4025 1214 4074; x_wconf 88' lang='lat' dir='ltr'>c</span> <span class='ocrx_word' id='word_1_222' title='bbox 1244 4005 1270 4076; x_wconf 74' lang='lat' dir='ltr'>b·</span> <span class='ocrx_word' id='word_1_223' title='bbox 1296 4006 1376 4078; x_wconf 83' lang='lat' dir='ltr'>mici</span> <span class='ocrx_word' id='word_1_224' title='bbox 1405 4007 1521 4095; x_wconf 76' lang='lat' dir='ltr'>sappi,</span> <span class='ocrx_word' id='word_1_225' title='bbox 1553 4003 1657 4100; x_wconf 87' lang='lat' dir='ltr'>idest,</span> <span class='ocrx_word' id='word_1_226' title='bbox 1689 4007 1749 4080; x_wconf 88' lang='lat' dir='ltr'>atii</span> <span class='ocrx_word' id='word_1_227' title='bbox 1781 4006 1858 4080; x_wconf 83' lang='lat' dir='ltr'>due</span> 
     </span>
     <span class='ocr_line' id='line_1_27' title="bbox 683 4123 1856 4223; baseline 0.003 -26"><span class='ocrx_word' id='word_1_228' title='bbox 683 4131 801 4223; x_wconf 82' lang='lat' dir='ltr'>puetae</span> <span class='ocrx_word' id='word_1_229' title='bbox 826 4142 999 4219; x_wconf 82' lang='lat' dir='ltr'>sagaces:</span> <span class='ocrx_word' id='word_1_230' title='bbox 1024 4124 1096 4197; x_wconf 91' lang='lat' dir='ltr'>boc</span> <span class='ocrx_word' id='word_1_231' title='bbox 1119 4129 1247 4198; x_wconf 89' lang='lat' dir='ltr'>autern</span> <span class='ocrx_word' id='word_1_232' title='bbox 1274 4123 1467 4218; x_wconf 84' lang='lat' dir='ltr'>sensimus,</span> <span class='ocrx_word' id='word_1_233' title='bbox 1489 4146 1557 4216; x_wconf 82' lang='lat' dir='ltr'>per</span> <span class='ocrx_word' id='word_1_234' title='bbox 1582 4127 1753 4218; x_wconf 72' lang='lat' dir='ltr'>tomba,</span> <span class='ocrx_word' id='word_1_235' title='bbox 1771 4146 1856 4202; x_wconf 53' lang='lat' dir='ltr'>cur*</span> 
     </span>
     <span class='ocr_line' id='line_1_28' title="bbox 683 4221 1853 4346; baseline -0.001 -27"><span class='ocrx_word' id='word_1_236' title='bbox 683 4246 782 4344; x_wconf 89' lang='lat' dir='ltr'>poris</span> <span class='ocrx_word' id='word_1_237' title='bbox 807 4245 892 4339; x_wconf 92' lang='lat' dir='ltr'>mei,</span> <span class='ocrx_word' id='word_1_238' title='bbox 910 4264 995 4338; x_wconf 82' lang='lat' dir='ltr'>quae</span> <span class='ocrx_word' id='word_1_239' title='bbox 1011 4252 1092 4318; x_wconf 88' lang='lat' dir='ltr'>erat</span> <span class='ocrx_word' id='word_1_240' title='bbox 1110 4221 1197 4317; x_wconf 60' lang='lat' dir='ltr'>tu&#39;nc</span> <span class='ocrx_word' id='word_1_241' title='bbox 1215 4242 1321 4317; x_wconf 89' lang='lat' dir='ltr'>valde</span> <span class='ocrx_word' id='word_1_242' title='bbox 1339 4244 1458 4340; x_wconf 83' lang='lat' dir='ltr'>ionga,</span> <span class='ocrx_word' id='word_1_243' title='bbox 1476 4246 1536 4346; x_wconf 76' lang='lat' dir='ltr'>cde</span> <span class='ocrx_word' id='word_1_244' title='bbox 1551 4247 1583 4318; x_wconf 82' lang='lat' dir='ltr'>si</span> <span class='ocrx_word' id='word_1_245' title='bbox 1598 4267 1731 4340; x_wconf 66' lang='lat' dir='ltr'>metue,</span> <span class='ocrx_word' id='word_1_246' title='bbox 1750 4245 1853 4340; x_wconf 85' lang='lat' dir='ltr'>idest,</span> 
     </span>
     <span class='ocr_line' id='line_1_29' title="bbox 684 4363 1855 4458; baseline -0.003 -15"><span class='ocrx_word' id='word_1_247' title='bbox 684 4367 842 4443; x_wconf 77' lang='lat' dir='ltr'>extincta</span> <span class='ocrx_word' id='word_1_248' title='bbox 869 4376 924 4442; x_wconf 91' lang='lat' dir='ltr'>est</span> <span class='ocrx_word' id='word_1_249' title='bbox 940 4372 978 4440; x_wconf 90' lang='lat' dir='ltr'>et</span> <span class='ocrx_word' id='word_1_250' title='bbox 994 4364 1155 4457; x_wconf 86' lang='lat' dir='ltr'>evanuit,</span> <span class='ocrx_word' id='word_1_251' title='bbox 1174 4367 1298 4456; x_wconf 75' lang='lat' dir='ltr'>deno,</span> <span class='ocrx_word' id='word_1_252' title='bbox 1320 4363 1466 4458; x_wconf 78' lang='lat' dir='ltr'>scilicet,</span> <span class='ocrx_word' id='word_1_253' title='bbox 1484 4371 1564 4458; x_wconf 85' lang='lat' dir='ltr'>pest</span> <span class='ocrx_word' id='word_1_254' title='bbox 1582 4387 1653 4440; x_wconf 90' lang='lat' dir='ltr'>rne.</span> <span class='ocrx_word' id='word_1_255' title='bbox 1672 4367 1715 4440; x_wconf 85' lang='lat' dir='ltr'>Et</span> <span class='ocrx_word' id='word_1_256' title='bbox 1730 4373 1855 4442; x_wconf 68' lang='lat' dir='ltr'>nden-</span> 
     </span>
     <span class='ocr_line' id='line_1_30' title="bbox 683 4485 1851 4582; baseline -0.003 -18"><span class='ocrx_word' id='word_1_257' title='bbox 683 4489 735 4564; x_wconf 86' lang='lat' dir='ltr'>dit</span> <span class='ocrx_word' id='word_1_258' title='bbox 759 4487 846 4582; x_wconf 87' lang='lat' dir='ltr'>quid</span> <span class='ocrx_word' id='word_1_259' title='bbox 871 4486 1024 4561; x_wconf 86' lang='lat' dir='ltr'>iecerint</span> <span class='ocrx_word' id='word_1_260' title='bbox 1039 4505 1125 4559; x_wconf 90' lang='lat' dir='ltr'>cum</span> <span class='ocrx_word' id='word_1_261' title='bbox 1144 4505 1219 4560; x_wconf 90' lang='lat' dir='ltr'>non</span> <span class='ocrx_word' id='word_1_262' title='bbox 1236 4489 1383 4580; x_wconf 80' lang='lat' dir='ltr'>possent</span> <span class='ocrx_word' id='word_1_263' title='bbox 1398 4485 1556 4580; x_wconf 79' lang='lat' dir='ltr'>amptius</span> <span class='ocrx_word' id='word_1_264' title='bbox 1574 4487 1773 4562; x_wconf 89' lang='lat' dir='ltr'>ascendere</span> <span class='ocrx_word' id='word_1_265' title='bbox 1789 4487 1851 4564; x_wconf 87' lang='lat' dir='ltr'>ad·</span> 
     </span>
     <span class='ocr_line' id='line_1_31' title="bbox 684 4605 1850 4701; baseline -0.003 -17"><span class='ocrx_word' id='word_1_266' title='bbox 684 4608 853 4684; x_wconf 81' lang='lat' dir='ltr'>veniente</span> <span class='ocrx_word' id='word_1_267' title='bbox 879 4613 996 4699; x_wconf 89' lang='lat' dir='ltr'>nocte,</span> <span class='ocrx_word' id='word_1_268' title='bbox 1023 4605 1110 4700; x_wconf 89' lang='lat' dir='ltr'>quia</span> <span class='ocrx_word' id='word_1_269' title='bbox 1135 4606 1329 4700; x_wconf 83' lang='lat' dir='ltr'>elegerunt</span> <span class='ocrx_word' id='word_1_270' title='bbox 1354 4605 1421 4680; x_wconf 91' lang='lat' dir='ltr'>sibi</span> <span class='ocrx_word' id='word_1_271' title='bbox 1447 4607 1572 4680; x_wconf 90' lang='lat' dir='ltr'>locum</span> <span class='ocrx_word' id='word_1_272' title='bbox 1596 4607 1641 4682; x_wconf 83' lang='lat' dir='ltr'>nd</span> <span class='ocrx_word' id='word_1_273' title='bbox 1669 4606 1850 4701; x_wconf 61' lang='lat' dir='ltr'>quietemq</span> 
     </span>
     <span class='ocr_line' id='line_1_32' title="bbox 684 4727 1854 4822; baseline -0.003 -18"><span class='ocrx_word' id='word_1_274' title='bbox 684 4729 783 4804; x_wconf 90' lang='lat' dir='ltr'>unde</span> <span class='ocrx_word' id='word_1_275' title='bbox 806 4727 909 4802; x_wconf 86' lang='lat' dir='ltr'>dicit:</span> <span class='ocrx_word' id='word_1_276' title='bbox 936 4749 955 4800; x_wconf 88' lang='lat' dir='ltr'>e</span> <span class='ocrx_word' id='word_1_277' title='bbox 979 4730 1119 4800; x_wconf 68' lang='lat' dir='ltr'>amma</span> <span class='ocrx_word' id='word_1_278' title='bbox 1143 4728 1182 4800; x_wconf 83' lang='lat' dir='ltr'>dt</span> <span class='ocrx_word' id='word_1_279' title='bbox 1200 4729 1261 4800; x_wconf 81' lang='lat' dir='ltr'>aci</span> <span class='ocrx_word' id='word_1_280' title='bbox 1276 4727 1368 4800; x_wconf 81' lang='lat' dir='ltr'>d’an</span> <span class='ocrx_word' id='word_1_281' title='bbox 1392 4730 1511 4817; x_wconf 75' lang='lat' dir='ltr'>prado</span> <span class='ocrx_word' id='word_1_282' title='bbox 1524 4731 1598 4820; x_wconf 79' lang='lat' dir='ltr'>[cce</span> <span class='ocrx_word' id='word_1_283' title='bbox 1614 4731 1707 4819; x_wconf 66' lang='grc'><strong>11110,</strong></span> <span class='ocrx_word' id='word_1_284' title='bbox 1724 4729 1761 4802; x_wconf 92' lang='lat' dir='ltr'>in</span> <span class='ocrx_word' id='word_1_285' title='bbox 1779 4749 1854 4822; x_wconf 80' lang='lat' dir='ltr'>que</span> 
     </span>
     <span class='ocr_line' id='line_1_33' title="bbox 684 4837 1854 4943; baseline 0 -21"><span class='ocrx_word' id='word_1_286' title='bbox 684 4849 915 4943; x_wconf 79' lang='lat' dir='ltr'>quiescerent</span> <span class='ocrx_word' id='word_1_287' title='bbox 938 4867 1004 4942; x_wconf 93' lang='lat' dir='ltr'>per</span> <span class='ocrx_word' id='word_1_288' title='bbox 1019 4837 1056 4937; x_wconf 75' lang='lat'>(³)</span> <span class='ocrx_word' id='word_1_289' title='bbox 1082 4853 1242 4939; x_wconf 85' lang='lat' dir='ltr'>nectem,</span> <span class='ocrx_word' id='word_1_290' title='bbox 1268 4849 1356 4937; x_wconf 75' lang='lat' dir='ltr'>prta</span> <span class='ocrx_word' id='word_1_291' title='bbox 1380 4848 1440 4919; x_wconf 83' lang='lat' dir='ltr'>cte</span> <span class='ocrx_word' id='word_1_292' title='bbox 1456 4849 1491 4918; x_wconf 82' lang='lat' dir='ltr'>’a</span> <span class='ocrx_word' id='word_1_293' title='bbox 1517 4853 1597 4922; x_wconf 82' lang='lat' dir='ltr'>tutte</span> <span class='ocrx_word' id='word_1_294' title='bbox 1622 4851 1653 4922; x_wconf 78' lang='lat' dir='ltr'>tc</span> <span class='ocrx_word' id='word_1_295' title='bbox 1675 4869 1737 4922; x_wconf 83' lang='lat' dir='ltr'>suc</span> <span class='ocrx_word' id='word_1_296' title='bbox 1755 4853 1854 4940; x_wconf 80' lang='lat' dir='ltr'>parti</span> 
     </span>
    </p>
   </div>
   <div class='ocr_carea' id='block_1_5' title="bbox 745 5036 1594 5176">
    <p class='ocr_par' dir='ltr' id='par_1_5' title="bbox 745 5036 1594 5176">
     <span class='ocr_line' id='line_1_34' title="bbox 745 5036 1263 5098; baseline -0.01 -10"><span class='ocrx_word' id='word_1_297' title='bbox 745 5037 772 5098; x_wconf 85' lang='lat'>(¹)</span> <span class='ocrx_word' id='word_1_298' title='bbox 788 5036 813 5086; x_wconf 86' lang='lat' dir='ltr'>S.</span> <span class='ocrx_word' id='word_1_299' title='bbox 829 5049 844 5085; x_wconf 87' lang='lat' dir='ltr'>e</span> <span class='ocrx_word' id='word_1_300' title='bbox 862 5039 915 5095; x_wconf 86' lang='grc'><strong>111,</strong></span> <span class='ocrx_word' id='word_1_301' title='bbox 933 5041 1059 5086; x_wconf 81' lang='lat' dir='ltr'>venerunt</span> <span class='ocrx_word' id='word_1_302' title='bbox 1074 5037 1107 5085; x_wconf 81' lang='lat' dir='ltr'>ad</span> <span class='ocrx_word' id='word_1_303' title='bbox 1122 5047 1263 5086; x_wconf 79' lang='lat' dir='ltr'>summum.</span> 
     </span>
     <span class='ocr_line' id='line_1_35' title="bbox 746 5109 1594 5176; baseline -0.029 10"><span class='ocrx_word' id='word_1_304' title='bbox 746 5113 773 5174; x_wconf 57' lang='grc' dir='ltr'>(Ἴ</span> <span class='ocrx_word' id='word_1_305' title='bbox 790 5111 820 5161; x_wconf 72' lang='grc' dir='ltr'>Ε·</span> <span class='ocrx_word' id='word_1_306' title='bbox 837 5112 864 5160; x_wconf 60' lang='grc' dir='ltr'>ίη</span> <span class='ocrx_word' id='word_1_307' title='bbox 880 5124 982 5162; x_wconf 71' lang='lat'>⁰⁰⁶⁸⁸¹¹·</span> <span class='ocrx_word' id='word_1_308' title='bbox 1210 5109 1237 5172; x_wconf 79' lang='lat'>(⁸)</span> <span class='ocrx_word' id='word_1_309' title='bbox 1253 5114 1308 5172; x_wconf 85' lang='grc'><strong>111,</strong></span> <span class='ocrx_word' id='word_1_310' title='bbox 1324 5124 1371 5174; x_wconf 85' lang='lat' dir='ltr'>per</span> <span class='ocrx_word' id='word_1_311' title='bbox 1386 5113 1470 5162; x_wconf 71' lang='lat' dir='ltr'>noctis</span> <span class='ocrx_word' id='word_1_312' title='bbox 1486 5118 1594 5176; x_wconf 79' lang='lat' dir='ltr'>renrpm.</span> 
     </span>
    </p>
   </div>
   <div class='ocr_carea' id='block_1_6' title="bbox 0 0 2292 6842">
    <p class='ocr_par' dir='ltr' id='par_1_6' title="bbox 0 0 2292 6842">
     <span class='ocr_line' id='line_1_36' title="bbox 0 0 2292 6842; baseline 0 0"><span class='ocrx_word' id='word_1_313' title='bbox 0 0 2292 6842; x_wconf 95' lang='lat' dir='ltr'> </span> 
     </span>
    </p>
   </div>
  </div>
 </body>
</html>
