4575 6842
851 974 990 1030 caurus
1014 977 1183 1031 uulnus·
1519 966 1590 1034 305

357 1177 363 1184 .
415 1136 509 1210 cam,
517 1116 707 1191 salubrius
723 1117 955 1215 gubernavit,
969 1125 1006 1194 et
1018 1119 1156 1194 diutius
1173 1122 1308 1195 tenuit:
1327 1129 1470 1197 tantum
1489 1125 1587 1199 enim

414 1235 608 1332 imperavit
645 1246 825 1332 quantum
861 1240 982 1315 Caesar
1016 1240 1123 1334 vixit,
1154 1241 1290 1316 scilicet
1322 1243 1586 1341 quinquaginta

414 1376 478 1431 sex
504 1357 618 1431 annis.
646 1358 767 1432 Caesar
793 1379 884 1455 ergo
914 1359 1060 1435 videtur
1092 1380 1174 1435 esse
1187 1355 1231 1453 (¹)'
1252 1361 1401 1456 quidam
1422 1383 1588 1458 praecur-

413 1497 475 1551 sor
500 1476 741 1572 imperatoris,
763 1478 856 1553 sicut
881 1479 1039 1575 Baptista
1062 1481 1129 1554 luit
1149 1501 1356 1576 precursor
1376 1481 1584 1558 Salvatoris.

414 1597 457 1687 Et
483 1596 539 1671 hic
566 1603 651 1672 nom
685 1598 779 1673 bene
813 1600 912 1692 quod
943 1607 1049 1695 poeta
1084 1601 1141 1676 hic
1174 1602 1306 1676 merito
1331 1603 1585 1698 conqueritur,

413 1718 511 1812 quod
537 1717 588 1792 sic
613 1719 809 1794 cessaverit
842 1720 959 1816 gloria
993 1721 1287 1816 triumphorum,
1314 1743 1403 1796 nam
1430 1745 1585 1799 romano

413 1837 578 1932 imperio,
607 1845 647 1912 ut
673 1839 777 1912 multi
804 1839 963 1915 illustres
988 1842 1147 1917 historici
1172 1843 1349 1937 scribunt,
1368 1843 1455 1917 nihil
1471 1843 1586 1919 deluit

412 1958 478 2032 nisi
506 1957 692 2033 modicum
718 1959 887 2055 orientis3
914 1961 1022 2037 hodie
1048 1982 1136 2038 vero
1163 1964 1250 2037 nihil
1277 1963 1387 2038 habet
1411 1964 1479 2037 nisi
1505 1986 1586 2038 mo·

411 2079 534 2153 dicum
560 2079 767 2176 occidentis,
788 2086 824 2156 et
849 2081 937 2156 illud
964 2083 1080 2179 magis
1106 2083 1254 2158 nomine
1270 2105 1385 2179 quam
1411 2105 1473 2179 re,
1495 2105 1582 2158 cum

411 2205 535 2274 tamen
561 2221 734 2296 magnam
759 2181 952 2276 materiam
972 2204 1174 2278 habeamus
1191 2204 1478 2300 triumphorum,
1495 2225 1581 2278 cum

409 2317 529 2392 hostes
554 2318 637 2394 tidei
665 2327 812 2395 teneant
843 2323 948 2416 quasi
984 2327 1101 2397 totum
1134 2323 1316 2398 orientem
1350 2330 1388 2398 et
1420 2323 1583 2399 maxime

410 2443 550 2513 terram
569 2446 745 2535 sanctam,
762 2439 809 2515 de
825 2463 900 2535 quo
911 2433 946 2534 (²)
963 2443 1202 2537 conqueritur
1220 2443 1303 2517 alibi
1320 2443 1356 2516 in
1370 2442 1438 2517 isto
1451 2443 1580 2518 eodem

409 2558 513 2634 libro.
541 2561 695 2635 Romani
720 2571 846 2638 autem
873 2563 1005 2658 pagani
1037 2565 1134 2638 ultra
1164 2569 1346 2639 trecentos
1376 2563 1581 2657 triumphos

409 2679 497 2752 olim
523 2687 686 2776 egerant,
713 2680 859 2774 quando
885 2681 986 2756 Titus
1012 2683 1072 2758 ille
1097 2704 1205 2758 amor
1229 2683 1421 2757 hominum
1448 2682 1582 2755 trium-

410 2799 522 2893 phum
549 2800 653 2873 duxit
677 2800 723 2874 de
749 2801 1013 2897 Hierosolyma,
1039 2823 1114 2895 quo
1140 2803 1263 2876 nullus
1288 2801 1422 2877 clarior
1447 2802 1515 2875 luit
1539 2802 1577 2876 in

410 2919 514 3014 orbe,
539 2927 582 2992 ut
606 2920 730 2995 scribit
755 2920 885 2996 dilluse
915 2929 952 2996 et
980 2924 1079 2998 clare
1110 2923 1289 3018 losephus
1318 2923 1365 2997 (le
1394 2923 1489 2997 bello
1513 2923 1579 3018 ju-

378 3033 379 3036 '
409 3040 523 3116 daico.
550 3041 680 3117 Noster
706 3063 795 3117 vero
820 3043 1022 3139 imperator
1038 3033 1205 3147 liberum
1230 3049 1372 3138 patrem
1393 3043 1487 3118 colit.
1514 3044 1577 3117 Est
1638 3055 1718 3145 js
1785 3081 1819 3139 ,a

408 3168 533 3236 autem
562 3162 768 3259 triumphus
794 3164 910 3237 honor
935 3163 1079 3238 debitus
1104 3162 1188 3237 duci
1215 3184 1282 3258 pro
1299 3161 1491 3237 victoriae
1513 3163 1579 3236 tri·
1642 3150 1698 3207 ἕ]

408 3283 487 3378 plici
512 3303 650 3380 genere
674 3304 829 3379 pompm,
856 3284 942 3378 quia
974 3284 1237 3380 imperatorin
1268 3305 1382 3359 curru
1414 3289 1531 3358 tracto
1556 3305 1579 3358 a
1622 3295 1630 3310 '

406 3410 566 3498 quatuor
584 3403 689 3499 equis
709 3404 869 3478 intrabat
888 3406 1017 3481 urbem
1036 3404 1186 3478 indutus
1204 3405 1327 3479 tunica
1346 3404 1456 3498 lovis,
1469 3405 1578 3498 juxta

348 3501 354 3515 ⁹
406 3525 493 3599 illud
513 3524 648 3600 Ovidii:
667 3531 818 3618 quatuor
833 3528 870 3598 in
887 3529 995 3599 niueis
1012 3547 1141 3599 aureus
1159 3527 1233 3599 ibat
1250 3528 1345 3617 equis
1354 3551 1370 3618 ,·
1387 3531 1424 3599 et
1446 3545 1575 3599 omnes

406 3646 536 3741 captivi
563 3646 663 3720 ibant
687 3651 774 3720 ante
805 3666 959 3720 currum
994 3646 1264 3740 triumphalem,
1291 3652 1329 3720 et
1353 3645 1421 3719 sibi
1454 3645 1579 3720 venie-

405 3767 494 3840 bant
521 3765 666 3841 0bviam
693 3786 780 3840 cum
808 3785 942 3861 magno
968 3766 1098 3860 plausu
1125 3772 1162 3838 et
1187 3764 1309 3839 laetitia
1335 3772 1484 3839 senatus
1510 3786 1578 3859 po-

407 3885 589 3982 pulusque
616 3906 801 3961 romanus.
828 3886 933 3960 Nunc
959 3905 1048 3960 vero
1069 3884 1276 3958 sacerdotes
1296 3884 1409 3958 nostri
1433 3891 1577 3978 tempo·

407 4007 456 4081 ris
473 4007 550 4081 sine
567 4007 661 4082 bello
682 4006 920 4102 triumphant,
934 4006 1028 4080 sicut
1045 4004 1202 4078 vidimus
1221 4005 1355 4079 multos
1371 4004 1573 4079 cardinales

406 4126 545 4202 intrare
570 4129 771 4203 Bononiam
799 4150 871 4203 non
898 4133 953 4202 est
986 4127 1059 4201 diu.
1087 4127 1140 4199 De
1174 4125 1360 4220 triumpho
1392 4146 1465 4198 nou
1496 4125 1577 4200 dico

406 4250 524 4343 plura,
539 4250 625 4344 quia
648 4231 763 4324 multa
777 4249 969 4344 jamdicta
989 4254 1075 4322 sunt
1092 4245 1298 4343 Purgatorii
1316 4245 1491 4341 capitulis,
1510 4246 1572 4319 ubi

405 4367 537 4443 dicitur
562 4370 608 4444 de
634 4370 827 4464 triumphis
845 4369 1008 4462 Caesaris,
1027 4376 1064 4443 et
1082 4367 1143 4441 ubi
1164 4367 1296 4442 dicitur
1317 4365 1363 4440 de
1383 4364 1577 4459 triumphis

404 4488 577 4583 Scipionis
603 4497 639 4564 et
665 4490 831 4586 Augusti,
858 4497 895 4562 et
919 4489 1039 4563 adhuc
1065 4488 1208 4562 dicetur
1224 4487 1309 4560 alibi
1329 4486 1365 4559 in
1383 4482 1451 4560 isto
1471 4484 1576 4558 libro.

402 4610 446 4682 Et
470 4607 574 4683 dicit:
602 4629 623 4681 ο
650 4615 767 4682 Poeta.
796 4610 848 4682 hd
875 4609 973 4702 quod
999 4617 1053 4682 est
1080 4608 1234 4683 ulterius
1259 4606 1458 4681 notandum
1478 4603 1577 4698 quod

404 4730 537 4804 Dentes
561 4730 822 4804 convenienter
847 4730 910 4803 dat
935 4736 1081 4824 poetam
1109 4729 1145 4802 in
1172 4728 1312 4802 socium
1339 4727 1488 4822 principi
1507 4725 1577 4799 sub

403 4850 534 4925 eodem
561 4851 710 4941 honore,
737 4850 823 4943 quia
855 4849 914 4923 illa
945 4850 1042 4924 lama
1075 4848 1144 4923 erit
1170 4848 1207 4922 in
1231 4848 1335 4922 brevi
1365 4847 1411 4921 de
1440 4866 1576 4942 magno

466 5117 494 5177 (¹)
510 5115 540 5164 E.
556 5114 632 5164 larissa
648 5113 729 5177 quasi.
739 5139 769 5150 -
781 5117 804 5172 t,
823 5111 899 5163 luisse
915 5113 1028 5176 quidum.
1155 5107 1184 5172 (¹)
1199 5110 1230 5159 E.
1246 5109 1278 5159 (le
1294 5123 1347 5172 quo
1362 5113 1446 5171 poeta.
