4575 6842
728 971 867 1028 murus
891 973 1084 1028 vtcnsruus
1109 973 1253 1028 sancus.
1505 961 1574 1030 123

401 1117 655 1194 imminentem
682 1123 841 1192 mortem
874 1122 912 1192 et
940 1116 1212 1192 damnationem
1244 1117 1426 1192 reducunt
1458 1138 1498 1192 se
1529 1118 1577 1192 ad

401 1238 576 1334 patriam3
603 1243 641 1312 et
665 1237 760 1312 sicut
791 1235 953 1312 lormieoe
983 1235 1093 1310 simul
1124 1256 1255 1312 omnes
1284 1257 1407 1312 mares
1441 1243 1478 1314 et
1509 1239 1578 1314 loe·

402 1357 512 1432 minae
537 1357 704 1433 laborant
734 1357 781 1432 ad
812 1356 1084 1453 purgationem,
1110 1364 1152 1428 ut
1179 1356 1258 1451 jam
1293 1358 1409 1452 patuit
1441 1359 1478 1433 in
1504 1358 1578 1435 line

401 1477 640 1574 praeccdentis
665 1477 824 1573 capituli,
851 1477 964 1554 etita
989 1478 1172 1553 universae
1198 1477 1308 1552 simul
1335 1479 1577 1576 egrediuntur

402 1619 469 1695 per
499 1604 644 1672 turmas
668 1619 754 1673 suas
786 1617 892 1672 more
923 1596 1175 1692 formicarum,
1206 1605 1243 1674 et
1273 1597 1382 1672 simul
1412 1600 1577 1676 habitant

402 1717 490 1793 boni
515 1717 692 1793 naturalis
715 1718 845 1815 gratia,
871 1718 935 1813 qui
951 1710 986 1810 (¹)
1006 1718 1108 1814 prius
1125 1718 1288 1794 fecerant
1313 1725 1441 1796 contra
1467 1726 1577 1795 natu·

405 1860 504 1934 ram,
522 1845 559 1914 et
575 1843 617 1913 ut
634 1860 708 1914 non
733 1841 839 1934 plura
864 1838 995 1934 dicam,
1015 1839 1112 1914 sicut
1127 1839 1291 1914 lormicae
1308 1839 1423 1936 nigrae
1441 1860 1576 1915 occur·

404 1965 491 2032 runt
523 1959 590 2033 sibi
623 1959 780 2035 invicem
811 1959 881 2033 sub
914 1979 1049 2056 magno
1079 1959 1203 2034 calore
1232 1959 1328 2054 solis,
1359 1959 1408 2034 ita
1442 1960 1576 2035 animae

402 2079 482 2153 ista
505 2079 706 2175 denigrato
730 2079 880 2155 obviant
903 2080 970 2154 sibi
996 2080 1066 2154 sub
1092 2100 1229 2176 magno
1255 2081 1379 2156 calore
1402 2081 1503 2176 ignis.
1521 2081 1576 2156 Ad

402 2200 548 2276 literam
561 2220 651 2296 ergo
663 2199 750 2277 dicit
767 2207 894 2296 poeta:
912 2193 983 2274 coci
999 2203 1022 2273 l'
1031 2222 1103 2274 uua
1117 2204 1269 2295 formica
1285 2204 1315 2273 s'
1328 2223 1488 2276 ammosa
1508 2222 1572 2276 corr

364 2331 368 2337 “
402 2323 548 2412 rura,
573 2320 826 2417 contingentes
850 2321 1064 2395 seinvicem
1085 2341 1171 2395 cum
1190 2341 1267 2414 ore,
1289 2343 1355 2413 per
1376 2328 1476 2396 entre
1494 2325 1572 2396 loro

403 2443 541 2516 schiera
569 2441 698 2534 mauu,
730 2448 768 2515 et
798 2460 886 2516 ecce
917 2461 1058 2536 quarc;
1081 2445 1181 2535 forse
1212 2462 1236 2514 a
1264 2444 1383 2534 spiare
1414 2445 1471 2515 lor
1503 2445 1575 2534 viu,

404 2549 518 2657 quam
543 2561 700 2635 debeant
719 2566 848 2635 tenere
872 2580 919 2636 ex
944 2562 1103 2636 naturali
1119 2561 1278 2657 ingenio,
1296 2584 1315 2633 c
1334 2565 1391 2636 lor
1411 2567 1573 2656 fortuma,

402 2681 548 2775 scilicet,
575 2680 636 2754 ubi
663 2681 820 2754 debeant
844 2701 1014 2774 quaerere
1038 2701 1154 2777 grana
1186 2681 1252 2755 sibi
1284 2681 1332 2756 ad
1360 2681 1510 2758 victum.
1526 2723 1575 2737 -

409 2808 521 2876 Toeto.
540 2800 605 2876 llic
624 2807 732 2896 poeta
749 2801 849 2894 ponit
865 2820 976 2875 voces
995 2800 1176 2874 dictarum
1195 2800 1416 2896 animarum,
1439 2802 1573 2896 quibus

404 2926 656 2997 rememorant
673 2919 935 3014 turpitudinem
948 2940 1068 3014 suam,
1081 2921 1221 2996 dicens:
1243 2926 1343 2995 rosto
1356 2924 1573 3014 caeparum,

403 3039 453 3114 illi
479 3039 638 3136 spiritns,
664 3041 923 3130 tuccoplimzu
948 3043 1077 3129 amica,
1095 3039 1197 3133 idest,
1215 3039 1461 3135 receptionem
1480 3040 1574 3115 ami-

404 3161 572 3255 cabilem,
598 3181 710 3255 quam
737 3181 849 3255 supra
874 3160 1019 3235 vocavit
1038 3161 1152 3236 breve
1169 3161 1315 3255 festum,
1335 3160 1501 3237 similiter
1519 3161 1574 3236 vi-

403 3282 608 3378 tuperando
633 3280 830 3356 amicitiam
857 3287 895 3354 et
918 3280 1202 3377 gratulationem
1228 3280 1485 3376 damnabilem,
1512 3282 1573 3357 ubi

402 3403 613 3477 babuerunt
639 3406 937 3476 momentaneam
957 3401 1234 3476 delectationem
1255 3401 1320 3476 sed
1337 3401 1489 3498 longum
1507 3401 1574 3477 do·

401 3522 540 3616 locem,
570 3525 736 3595 murmura
763 3525 792 3594 ε’
805 3525 950 3614 affatim
981 3523 1259 3614 sopreppridnr,
1289 3529 1427 3616 quanto
1466 3521 1574 3596 altius

402 3648 565 3737 possunt,
587 3645 708 3734 primu
728 3644 1077 3734 clvc'lprimopusro
1093 3634 1332 3732 turmore,
1351 3640 1452 3734 idest,
1474 3647 1575 3714 tran·

404 3769 484 3838 seat
521 3762 581 3856 ibi,
614 3763 673 3838 vel
711 3767 933 3858 transportet
970 3781 1045 3854 eas,
1075 3761 1180 3855 quasi
1211 3759 1317 3854 dicat,
1350 3760 1470 3834 statim
1503 3759 1575 3834 im-

403 3883 564 3958 mediate
587 3889 668 3978 post
692 3891 819 3957 actum
844 3886 1091 3977 prorumpunt
1116 3881 1154 3954 in
1180 3901 1309 3956 vocem
1326 3872 1362 3972 ι’)
1388 3887 1574 3955 vertentes

402 4002 471 4076 sibi
498 4004 637 4097 culum,
663 4003 757 4076 sicut
785 4008 824 4077 et
851 4002 1018 4076 diabolus
1046 3999 1178 4074 dicitnr
1210 4000 1341 4074 lacere.
1376 3999 1420 4074 Et
1452 3998 1574 4072 subdit

403 4124 605 4198 clamorem
632 4123 825 4216 utriusque
841 4127 962 4215 sectae,
983 4119 1126 4196 dicens:
1153 4123 1190 4194 la
1214 4139 1332 4192 nuovo
1356 4125 1468 4210 penu,
1490 4136 1574 4212 qum

403 4250 668 4338 supervenerat
680 4251 817 4338 postea,
827 4244 966 4338 supple,
975 4242 1111 4316 clamat
1120 4231 1172 4335 (³),
1182 4243 1368 4316 Sodomae
1383 4243 1572 4314 Gomorra.

401 4363 443 4437 ln
468 4365 538 4437 boc
562 4364 753 4458 propalant
776 4383 852 4456 qno
877 4362 964 4437 vitio
990 4361 1062 4435 siut
1076 4348 1112 4453 (ι)
1140 4360 1280 4455 polluti,
1305 4359 1409 4456 quasi
1435 4358 1572 4432 dicant:

402 4485 686 4580 provocavimus
710 4484 805 4558 iram
830 4483 897 4558 Dei
922 4503 1034 4578 super
1058 4502 1126 4556 nos
1151 4481 1246 4556 sicut
1266 4481 1354 4556 olim
1373 4477 1572 4564 sodomita.

401 4603 572 4697 Quinque
596 4603 693 4678 enim
721 4602 872 4677 luerunt
896 4602 1060 4678 civitates
1089 4601 1179 4675 olim
1210 4601 1248 4674 in
1274 4599 1405 4675 linibus
1430 4597 1572 4672 Arabim

403 4730 577 4798 crematae
603 4724 687 4820 igne
703 4723 840 4798 coelesti
867 4723 916 4796 ob
942 4722 1052 4798 talem
1070 4723 1229 4816 culpam,
1248 4721 1382 4796 scilicet
1403 4720 1573 4814 Sodoma,

402 4843 596 4938 Gomorra,
621 4843 772 4938 Adama,
798 4844 955 4939 Seboyn,
982 4850 1020 4918 et
1044 4842 1171 4939 Segor.
1195 4841 1297 4916 Unde
1322 4842 1499 4936 losepbus
1527 4839 1574 4914 de

466 5031 495 5092 l¹l
511 5031 543 5082 E·
558 5047 617 5096 qun
633 5033 713 5095 prins.
877 5032 906 5094 (¹)
923 5035 977 5091 11⁷,
993 5031 1020 5082 iu
1035 5044 1113 5082 rouen
1128 5034 1258 5082 certantes
1273 5030 1320 5080 ribi
1336 5029 1444 5081 collum.

466 5110 494 5170 tl
510 5109 542 5159 Ε.
558 5109 693 5160 clamabat
880 5109 907 5170 υ)
925 5113 979 5168 ur,
994 5107 1101 5158 lucum
