4575 6842
793 1003 933 1058 caurus
957 1000 1152 1056 sacunnue
1482 987 1553 1056 353

380 1143 427 1219 ad
452 1151 634 1239 centrum,
661 1150 698 1220 et
727 1143 818 1219 radii
849 1143 934 1219 solis
962 1141 1232 1238 profundantur
1247 1135 1283 1234 (¹)
1317 1163 1383 1238 per
1408 1150 1553 1219 tantum

339 1299 343 1306 ·
379 1263 537 1360 spatium
564 1264 659 1340 intra
684 1283 819 1358 corpus
842 1263 960 1338 lunae:
983 1262 1069 1336 hinc
1093 1267 1149 1338 est
1174 1262 1273 1357 quod
1299 1262 1336 1337 in
1361 1263 1555 1360 superficie

379 1386 416 1460 in
442 1392 547 1482 parte
572 1405 657 1460 rara
683 1404 757 1458 non
781 1383 920 1458 iaciunt
937 1383 1173 1478 luciditatem,
1192 1382 1267 1457 imo
1284 1384 1406 1479 potius
1423 1399 1555 1479 quam·

378 1505 465 1580 dam
492 1503 687 1599 umbram,
713 1503 773 1579 alii
798 1510 925 1579 autem
951 1503 1106 1599 planetae
1123 1501 1211 1597 quia
1231 1503 1449 1578 remotiores
1469 1507 1554 1577 sunt

379 1647 402 1701 a
428 1623 532 1700 nobis
557 1630 643 1698 sunt
668 1624 848 1720 puriores,
866 1631 904 1699 et
928 1624 1010 1700 ideo
1035 1644 1102 1720 per
1126 1629 1241 1697 totam
1259 1645 1366 1700 suam
1383 1624 1555 1698 substan-

382 1747 470 1822 tiam
496 1752 737 1840 penetrantur
762 1745 950 1820 alumine
975 1744 1059 1820 solis
1075 1765 1099 1820 a
1117 1743 1310 1839 superficie
1336 1744 1373 1819 in
1398 1742 1555 1840 superli-

381 1865 476 1942 ciem
510 1885 578 1961 per
611 1871 779 1940 centrum
814 1885 1013 1961 corporum
1049 1863 1226 1959 suorum;
1260 1864 1358 1940 unde
1391 1864 1429 1939 in
1462 1883 1556 1958 qua-

381 2005 546 2081 cumque
560 1976 674 2082 'parte
700 1987 824 2062 radius
849 1987 933 2062 solis
955 1985 1100 2082 attingit
1121 2007 1186 2061 eos
1210 1986 1332 2061 statim
1358 1985 1557 2082 implentur

383 2105 531 2182 lumine.
558 2107 661 2182 Luna
687 2113 815 2184 autem
841 2114 896 2182 est
917 2107 1039 2181 minus
1057 2127 1151 2202 pura
1176 2113 1214 2182 et
1239 2107 1349 2181 habet
1375 2105 1556 2181 modicam

382 2228 583 2321 raritatem,
605 2247 690 2323 quat
715 2228 834 2302 solum
861 2227 1070 2302 extenditur
1088 2247 1208 2322 usque
1227 2233 1410 2302 centrum.
1424 2266 1474 2281 -
1490 2231 1554 2301 Or.

380 2349 485 2424 Nunc
509 2347 656 2423 Beatrix
674 2349 753 2424 vult
771 2347 981 2443 improbare
996 2347 1206 2422 instantiam
1226 2348 1304 2424 sive
1321 2349 1554 2441 solutionem,

381 2488 466 2561 quae
490 2473 611 2563 posset
636 2467 716 2542 lieri
733 2473 862 2544 contra
878 2473 1143 2565 argumentum
1161 2489 1289 2562 suum;
1307 2467 1394 2562 quia
1411 2472 1558 2562 poterat

384 2587 507 2662 dicere
531 2594 641 2663 autor
666 2593 703 2663 et
729 2609 829 2682 rore,
852 2588 950 2682 quod
977 2587 1101 2663 radius
1124 2588 1210 2662 solis
1235 2594 1378 2662 tantum
1404 2588 1557 2683 prolun-

382 2706 492 2781 datur
517 2706 612 2782 iutra
637 2707 756 2802 ipsum
787 2727 921 2803 corpus
955 2708 1063 2803 luuae,
1089 2708 1188 2803 quod
1220 2716 1369 2804 propter
1403 2708 1555 2783 nimiam

384 2826 652 2923 elongationem
680 2833 717 2902 ct
743 2827 984 2903 remotionem
1015 2835 1168 2924 apparet
1198 2828 1397 2904 nebulosus
1421 2828 1459 2903 in
1491 2849 1556 2902 su·

383 2947 531 3043 perficio
556 2949 663 3022 lunae.
691 2948 821 3045 Tangit
846 2969 935 3045 ergo
960 2948 1107 3023 Beatrix
1134 2948 1253 3044 primo
1285 2949 1394 3024 istam
1418 2949 1557 3024 instan-

382 3069 484 3162 tiam,
501 3068 643 3143 dicens:
666 3073 717 3144 Or
733 3071 830 3144 drot
846 3077 894 3160 lu,
912 3069 1058 3164 scilicet,
1075 3075 1204 3146 contra
1221 3069 1403 3145 rationem
1422 3089 1557 3162 meam,

382 3189 442 3261 cte
457 3190 483 3261 ’l
509 3191 653 3280 rcppio,
686 3188 833 3284 scilicet,
867 3188 952 3263 solis
986 3190 1158 3285 reflexus,
1189 3191 1221 3262 ri
1253 3191 1426 3263 dimostrc
1455 3196 1557 3280 tetro,

381 3307 485 3403 idest,
510 3308 722 3404 obscurum,
746 3312 851 3404 putri,
878 3309 1023 3404 scilicet,
1051 3309 1088 3382 in
1114 3329 1213 3405 raro,
1235 3304 1297 3402 pid
1322 3312 1382 3382 cte
1404 3312 1443 3382 in
1467 3313 1557 3383 ultra

376 3431 489 3521 parti,
514 3427 651 3504 scilicet
681 3428 811 3523 densis,
838 3452 905 3523 per
934 3450 1028 3503 arser
1056 3432 1213 3524 rtsrctlo,
1245 3429 1348 3525 idest,
1383 3429 1556 3524 rollenus,

382 3540 406 3622 ll
427 3543 489 3641 piri
513 3571 538 3622 c
562 3556 672 3642 retro,
698 3549 801 3644 idest,
818 3549 937 3647 magis
961 3571 983 3624 a
1008 3550 1128 3646 longe,
1147 3548 1234 3644 quia
1246 3549 1355 3644 juxta
1372 3557 1554 3625 centrum.

382 3669 426 3742 Et
451 3668 571 3744 subdit
596 3689 637 3744 se
662 3670 952 3765 improbaturam
980 3669 1085 3743 istam
1116 3669 1326 3745 instantiam
1353 3691 1419 3766 per
1444 3689 1559 3766 expe-

383 3790 554 3866 rientiam
581 3810 721 3883 veram,
747 3789 887 3866 dicens:
913 3792 1129 3884 erpertcnzu,
1146 3792 1206 3864 cte
1230 3793 1325 3864 scole
1344 3812 1438 3864 mser
1460 3794 1558 3884 sonte

383 3914 421 3986 ai
443 3913 513 3985 rivi
537 3912 575 3983 di
599 3917 714 3984 vortm
738 3913 823 4001 arti,
848 3909 935 4003 quia
960 3908 1105 4004 scilicet,
1133 3909 1360 4005 experientia
1384 3908 1470 3986 lacit
1494 3929 1558 3983 ar-

384 4038 472 4127 tem,
498 4031 592 4106 sicut
625 4031 705 4106 lons
730 4031 866 4125 rivum,
888 4022 960 4123 pud
990 4030 1205 4123 delibcrmtr',
1233 4029 1335 4124 idest,
1365 4029 1559 4103 absolvere

383 4159 432 4247 te,
458 4154 496 4226 di
515 4157 634 4246 questa
658 4153 847 4242 irulcnzr'c,
864 4149 1009 4245 scilicet,
1028 4170 1127 4224 nunc
1152 4150 1258 4245 lacta,
1274 4171 1312 4222 ce
1327 4151 1499 4241 mammet
1520 4151 1558 4221 la

382 4275 523 4366 pruove,
537 4273 640 4366 idest,
654 4272 684 4347 si
710 4271 799 4348 velis
824 4271 878 4346 uti
903 4291 948 4346 aa
965 4291 1033 4366 pro
1049 4269 1296 4345 declaratione
1322 4277 1398 4344 tua.
1413 4265 1461 4324 '-
1480 4274 1557 4342 Tre.

385 4393 449 4468 llic
474 4393 620 4470 Beatrix
647 4393 731 4468 lacit
755 4390 1104 4468 demonstrationem
1120 4382 1158 4484 (¹)
1182 4411 1301 4485 suam,
1319 4396 1356 4465 et
1373 4391 1452 4465 vult
1472 4389 1558 4464 bre-

385 4503 659 4605 viterl³ldicerc
671 4511 771 4605 quod
787 4510 955 4586 distantia
973 4509 1054 4604 loci,
1065 4510 1234 4604 quamvis
1250 4509 1358 4584 iaciat
1375 4509 1558 4584 diversam

384 4630 635 4729 apparentiam
662 4630 698 4704 iu
724 4630 938 4724 quantitate,
964 4629 1058 4704 sicut
1081 4630 1259 4705 maiorem
1283 4630 1342 4705 rel
1364 4630 1557 4724 minorem,

385 4774 458 4827 non
484 4759 609 4827 tamen
630 4749 870 4845 inqualitate,
889 4747 1035 4844 scilicet,
1053 4750 1153 4843 qnod
1173 4771 1240 4847 per
1259 4740 1466 4826 distantiam
1488 4748 1557 4824 loci

384 4873 447 4949 lux
474 4893 548 4948 non
573 4876 692 4968 potest
716 4889 895 4966 apparere
920 4870 1064 4945 umbra.
1083 4871 1126 4944 Et
1149 4871 1200 4946 sic
1218 4872 1297 4946 vult
1317 4871 1440 4946 dicere
1456 4869 1556 4964 quod

447 5133 475 5196 (¹)
490 5133 522 5184 lt.
538 5131 739 5198 perlimdunlur.
817 5130 844 5194 (')
860 5135 884 5192 t,
900 5129 1111 5182 declarationem.
1184 5130 1213 5194 (¹)
1229 5130 1260 5182 Ε.
1275 5144 1292 5182 o
1307 5135 1331 5191 l,
1348 5127 1542 5181 rcutcmiallter.

520 5239 559 5284 lt.
1397 5235 1426 5279 28
