4575 6842
708 947 756 1014 98
1068 954 1520 1012 counuron'aunsuronn

709 1101 888 1177 membris
920 1107 1089 1177 remanet
1113 1100 1251 1196 aliquid
1283 1101 1383 1196 quod
1416 1106 1576 1176 vocatur·
1595 1121 1753 1198 sperma,
1779 1100 1881 1194 idest,

708 1242 860 1317 semen3
893 1232 931 1300 et
961 1223 1035 1298 tale
1065 1241 1212 1318 sperma
1238 1229 1407 1318 tempore
1437 1220 1555 1298 coitus
1580 1221 1617 1296 in
1643 1221 1792 1298 homine
1815 1222 1881 1297 de-

707 1342 826 1418 currit
850 1342 946 1419 inlra
970 1342 1017 1418 ad
1042 1363 1131 1418 rasa
1156 1341 1364 1437 seminaria,
1390 1341 1525 1416 scilicet
1551 1341 1748 1436 testiculos,
1769 1349 1807 1418 et
1831 1341 1880 1416 ibi

708 1484 755 1538 er
781 1464 900 1539 rubeo
924 1463 1084 1538 efficitur
1113 1462 1238 1539 album
1272 1471 1309 1538 ot
1338 1461 1540 1538 effunditur
1570 1461 1608 1536 in
1632 1462 1825 1538 matricem
1842 1455 1878 1556 (¹)

711 1583 885 1678 mulieris,
912 1590 949 1659 et
974 1582 1022 1657 ibi
1048 1583 1309 1658 commiscetur
1334 1604 1420 1658 cum
1446 1584 1627 1680 sanguine
1652 1585 1732 1660 eius
1749 1591 1787 1660 et
1804 1584 1881 1681 agit

709 1703 747 1777 in
772 1703 891 1778 illam:
917 1710 955 1779 et
979 1704 1074 1779 sicut
1098 1724 1145 1778 ex
1171 1705 1327 1800 coagulo
1353 1711 1391 1780 et
1414 1704 1509 1780 lacte
1533 1703 1574 1778 tit
1598 1725 1739 1798 caseus,
1762 1705 1812 1780 ita
1833 1725 1880 1794 ex

709 1831 894 1920 spermate
918 1830 956 1900 et
980 1831 1172 1898 menstruo
1198 1823 1238 1898 lit
1258 1822 1367 1898 ioetus
1384 1830 1452 1898 etc.
1474 1825 1579 1899 Nunc
1595 1825 1642 1900 ad
1663 1825 1806 1901 literam
1825 1825 1881 1900 di-

709 1945 758 2018 cit
782 1944 938 2019 Statius:
964 1949 1105 2036 Scopae
1123 1948 1287 2040 perfeeto,
1311 1945 1458 2040 scilicet,
1479 1965 1640 2040 sperma,
1657 1945 1720 2040 qui
1737 1954 1793 2022 est
1814 1947 1880 2022 de-

710 2054 888 2157 coctus(¹)
916 2072 954 2138 et
978 2063 1190 2158 depuratus,
1216 2064 1276 2137 obe
1306 2067 1380 2136 mot
1410 2084 1482 2136 noa
1509 2067 1542 2138 si
1566 2065 1647 2138 beoo
1678 2068 1771 2140 dalle
1796 2087 1881 2140 oeae

700 2191 869 2275 -nssetotc,
894 2183 997 2278 idest,
1022 2182 1225 2276 sitibundis,
1249 2183 1307 2258 vel
1332 2183 1551 2258 habentibus
1567 2184 1684 2278 sitim;
1702 2186 1807 2280 quasi
1825 2185 1881 2259 di·

708 2310 779 2398 cat,
806 2304 905 2398 quod
930 2325 1005 2379 non
1030 2304 1159 2381 transit
1183 2304 1220 2378 in
1246 2303 1475 2397 alimentum,
1500 2304 1564 2380 sod
1590 2311 1739 2400 propter
1764 2326 1881 2405 gene-

711 2423 890 2498 rationem
907 2414 957 2516 (³).
984 2424 1046 2497 Est
1071 2423 1169 2498 enim
1188 2423 1419 2518 superfluitas
1440 2423 1549 2517 utilis,
1572 2425 1669 2499 unde
1694 2425 1800 2500 dicit:
1818 2429 1884 2501 cai

710 2547 862 2634 rimone,
887 2564 910 2618 a
934 2543 1054 2638 simili,
1080 2546 1183 2634 quoa
1206 2546 1368 2617 climaco
1393 2545 1454 2617 cle
1478 2547 1549 2617 leve
1566 2545 1604 2618 di
1619 2565 1754 2637 masso,
1777 2545 1882 2640 idest,

710 2666 805 2741 tollis
830 2672 869 2740 et
893 2685 1075 2740 removes.
1099 2665 1145 2738 Et
1170 2664 1229 2739 hic
1254 2670 1339 2739 nota
1366 2663 1465 2758 quod
1492 2663 1690 2740 similitudo
1715 2672 1771 2741 est
1796 2686 1884 2760 pro-

710 2785 912 2881 priissime:
938 2785 1032 2859 sicut
1057 2784 1156 2860 enim
1182 2805 1229 2860 er
1254 2784 1335 2859 cibo
1360 2783 1524 2879 apposito
1550 2784 1628 2882 regi
1654 2785 1713 2860 vel
1732 2785 1882 2861 domino

710 2904 800 2980 illud
825 2905 922 2999 qnod
950 2911 1118 2979 remanet
1142 2915 1181 2983 et
1205 2904 1350 2979 levatur
1375 2904 1573 2979 demensa
1589 2913 1646 2979 est
1663 2905 1712 2979 ita
1729 2906 1880 3000 bonum,

711 3025 805 3124 sicut
829 3024 917 3099 illud
943 3023 1043 3118 qnod
1067 3034 1272 3102 comestum
1294 3029 1360 3117 est,
1381 3023 1468 3118 quia
1494 3029 1549 3098 est
1572 3023 1619 3098 de
1644 3025 1776 3100 eadem
1793 3025 1882 3100 sub-

710 3145 854 3238 stantia,
872 3144 922 3219 ita
946 3154 1003 3220 est
1021 3144 1068 3219 de
1084 3144 1263 3241 sanguine
1280 3144 1365 3218 dato
1382 3144 1504 3238 cordi;
1521 3145 1608 3240 quia
1620 3133 1656 3237 (⁸)
1676 3145 1765 3220 illud
1783 3145 1883 3239 quod

711 3271 824 3340 restat
850 3265 943 3339 iacta
969 3265 1150 3340 cibatione
1167 3270 1204 3340 et
1220 3263 1473 3340 distributione
1490 3271 1546 3340 est
1561 3265 1611 3340 ita
1631 3266 1770 3342 bonum
1788 3267 1884 3342 sicut

711 3385 798 3458 illud
825 3383 924 3479 quod
949 3384 1079 3458 transit
1103 3384 1141 3456 in
1166 3384 1394 3459 alimentum.
1421 3385 1495 3479 lile,
1526 3385 1689 3481 inquam,
1721 3387 1882 3483 sanguis,

708 3507 844 3599 prende
867 3509 926 3579 acl
946 3525 1065 3596 cuore,
1091 3504 1194 3599 idest,
1220 3504 1377 3598 acquirit
1406 3504 1443 3580 in
1472 3505 1594 3600 corde,
1621 3509 1744 3580 virute
1765 3510 1883 3602 offor-

712 3627 866 3719 motioo,·
896 3645 982 3698 nam
1013 3644 1078 3699 oor
1108 3643 1182 3698 non
1215 3624 1335 3698 solum
1368 3625 1477 3700 babet
1509 3625 1689 3700 rationem
1719 3624 1883 3720 principii

712 3751 880 3840 respectu
907 3745 1022 3840 epatis
1046 3751 1084 3819 et
1097 3744 1263 3838 cerebri,
1290 3744 1353 3820 sod
1383 3744 1493 3820 etiarn
1521 3751 1689 3840 respectu
1714 3746 1883 3822 omnium

713 3865 980 3958 membrorum,
1006 3863 1066 3938 cui
1092 3863 1274 3940 subservit
1299 3864 1457 3958 spiritus,
1478 3863 1543 3959 qui
1568 3865 1645 3940 exit
1668 3885 1755 3940 cum
1782 3885 1885 3961 sper-

713 3991 813 4060 mate
837 3986 961 4079 maris,
986 3985 1021 4058 in
1048 4005 1124 4080 quo
1156 3991 1212 4060 est
1240 3985 1357 4060 virtus
1389 3985 1645 4080 inlormativa3
1671 3986 1754 4063 ideo
1778 3987 1882 4064 dicit:

711 4128 737 4180 o
760 4113 842 4180 tutte
865 4105 1021 4180 membro
1044 4127 1185 4196 amone,
1206 4105 1352 4201 scilicet,
1373 4106 1575 4202 lormanda,
1594 4106 1681 4204 quia
1706 4107 1744 4183 in
1768 4108 1882 4184 oorde

711 4225 807 4322 capit
832 4226 1031 4322 potentiam
1062 4225 1243 4300 formandi
1274 4227 1398 4302 omnia
1430 4228 1610 4318 membra,
1636 4248 1732 4302 come
1756 4232 1882 4322 molto,

712 4345 857 4442 scilicet,
882 4346 1042 4442 sanguis,
1068 4348 1128 4420 obe
1153 4367 1257 4437 cono,
1285 4346 1388 4440 idest,
1412 4347 1522 4442 radit,
1549 4353 1586 4423 ot
1611 4347 1793 4445 discurrit,
1814 4371 1884 4442 per

712 4469 745 4539 le
769 4487 852 4539 verm
876 4487 901 4539 a
922 4470 1018 4562 sarai
1042 4469 1162 4560 quelle,
1191 4466 1294 4562 idest,
1313 4475 1355 4540 ut
1380 4466 1468 4542 liant
1491 4467 1552 4544 illa
1579 4469 1757 4545 membra.
1780 4469 1883 4546 Unde

713 4592 876 4680 apparet,
889 4585 988 4680 quod
1005 4607 1152 4682 sperma
1173 4585 1416 4681 potentialiter
1433 4593 1490 4662 est
1506 4589 1629 4683 bomo,
1644 4588 1737 4664 idest
1756 4596 1883 4685 aptum

715 4711 843 4779 natum
869 4706 948 4781 lieri
973 4709 1096 4804 bomo,
1129 4708 1222 4783 sicut
1252 4728 1365 4783 ovum
1394 4707 1433 4782 in
1466 4708 1627 4804 potentia
1658 4715 1713 4785 ost
1738 4711 1883 4808 gallina.

714 4825 868 4920 Sperma
899 4826 1012 4923 igitur
1041 4829 1248 4904 radicaliter
1276 4836 1333 4904 eet
1362 4829 1399 4904 in
1430 4829 1551 4925 corde,
1584 4829 1649 4905 sed
1681 4829 1886 4908 formaliter
1954 4871 1956 4876 ·

776 5011 805 5074 (¹)
819 5012 850 5062 n.
866 5013 894 5062 ln
909 5015 1026 5066 matrice.
1151 5016 1180 5081 Ρ)
1196 5021 1250 5076 lli,
1271 5015 1337 5066 bene
1352 5021 1450 5068 coctus.

777 5085 850 5151 ΟΕ,
866 5092 1059 5153 mutationem
1074 5099 1209 5156 temtum
1225 5093 1298 5158 quui
1314 5093 1395 5145 dicata
1410 5100 1458 5146 est.
1583 5094 1612 5158 (¹)
1626 5093 1658 5145 ll.
1674 5098 1701 5146 et
1716 5095 1784 5160 quin.
