4575 6842
803 974 943 1031 murus
966 974 1191 1029 unnensmus.
1508 962 1579 1028 215

410 1144 456 1199 ex
483 1122 729 1219 indignatione
760 1127 797 1195 et
828 1120 882 1195 ira
914 1120 1078 1193 nominat
1093 1112 1128 1211 (¹)
1163 1140 1263 1214 eum,
1296 1119 1390 1195 sicut
1418 1120 1581 1195 solemus

411 1243 533 1319 lacere
559 1243 708 1338 quaudo
732 1241 813 1315 irati
841 1240 1028 1315 minamur
1053 1238 1238 1315 iniurianti
1263 1240 1388 1335 nobis3
1414 1241 1473 1315 vel
1498 1238 1581 1315 ideo

410 1364 557 1439 Beatrix
583 1382 718 1437 nomeu
750 1359 939 1455 expressit,
971 1359 1057 1453 quia
1083 1359 1153 1434 sub
1183 1360 1261 1455 ipso
1291 1360 1441 1435 nomine
1471 1362 1587 1439 nette

411 1484 556 1581 ridetur
582 1489 735 1579 tangere
759 1501 859 1575 eurn,
878 1480 991 1575 ‘quasi
1014 1481 1158 1556 dicens:
1179 1500 1266 1555 rere
1282 1501 1323 1556 es
1340 1482 1474 1557 Dentes
1489 1480 1580 1556 dans
1717 1557 1722 1566 ,

411 1610 449 1679 te
472 1602 519 1677 ad
543 1602 698 1696 diversa,
724 1600 811 1695 quia
837 1600 883 1676 ad
908 1600 1185 1697 philosophiam,
1210 1600 1256 1675 ad
1285 1602 1477 1695 poetriam,
1504 1602 1580 1675 imo

412 1724 515 1819 quasi
541 1723 662 1797 omnia
688 1728 841 1819 gustare
866 1721 1009 1798 voluisti
1035 1720 1276 1816 priusquam
1293 1741 1438 1797 moram
1461 1722 1580 1797 scien-

412 1844 511 1919 tiam.
538 1843 597 1917 Sic
622 1864 712 1941 ergo
729 1843 844 1938 ipsam
863 1843 946 1936 vidi,
967 1844 1068 1935 quusi
1084 1844 1322 1932 ummtruplio,
1340 1834 1580 1936 praelectus(²)

412 1963 545 2057 classis,
571 1964 631 2037 cte
656 1967 751 2037 otene
775 1984 800 2037 a
825 1966 929 2037 oedcr
958 1965 995 2035 lu
1022 1969 1122 2053 penu
1151 1964 1210 2034 olto
1234 1965 1409 2053 minuam
1434 1963 1583 2057 scilicet,

414 2082 584 2179 remiges,
605 2100 672 2173 per
695 2084 747 2173 pli
770 2084 854 2155 altri
878 2084 981 2173 unni,
1014 2087 1119 2157 extra
1157 2102 1268 2155 suum
1293 2082 1528 2177 principalem
1545 2073 1583 2177 (³)

412 2204 450 2275 tn
481 2222 603 2296 poppo
641 2209 674 2274 et
707 2205 745 2274 tn
772 2222 904 2295 prora,
941 2201 1151 2277 discurrens
1182 2222 1249 2296 per
1282 2209 1395 2277 totam
1425 2204 1582 2299 galeam,

413 2326 493 2399 clu
517 2326 677 2412 incuoru,
704 2322 806 2416 idest,
834 2322 1018 2415 inanimal,
1045 2344 1070 2395 α
1098 2323 1163 2395 den
1192 2326 1289 2415 sure,
1314 2322 1417 2416 idest,
1443 2323 1584 2398 fortiter

415 2442 661 2539 navigandum
688 2443 777 2517 dum
804 2450 950 2538 tempus
977 2441 1120 2536 habeut,
1148 2444 1207 2517 vel
1231 2443 1470 2539 pugnandum
1496 2464 1583 2517 cum

415 2582 522 2637 casus
547 2563 669 2659 erigit.
696 2563 739 2636 Et
764 2562 823 2637 hic
848 2569 934 2638 nota
960 2568 1139 2656 quantum
1172 2563 1397 2658 comparatio
1422 2571 1478 2637 est
1498 2584 1586 2658 pro·

415 2684 517 2778 pria:
545 2684 718 2778 quonlam
750 2683 817 2759 ista
849 2682 997 2757 domina
1027 2681 1249 2756 admirabilis
1275 2702 1380 2757 more
1404 2682 1586 2757 admiralii

416 2803 625 2879 discurrens
667 2823 733 2897 per
773 2802 938 2878 omnium
978 2802 1096 2877 studia
1139 2802 1233 2877 sicut
1270 2822 1337 2898 per
1378 2804 1585 2897 prophetas,

417 2924 657 3019 evangelistas
687 2929 756 2997 etc.
792 2942 922 2998 omnes
946 2923 1115 2997 hortatur
1140 2922 1188 2997 ad
1217 2922 1311 2997 bene
1335 2923 1520 3018 agendum
1546 2929 1585 2999 et

416 3043 578 3139 probiter
592 3030 629 3134 d)
656 3042 892 3139 pugnandum
920 3042 957 3115 iu
983 3042 1049 3116 ista
1077 3042 1226 3136 militia3
1252 3048 1290 3117 et
1315 3064 1414 3117 nuuc
1438 3050 1586 3137 poetam

416 3163 545 3260 pungit
563 3162 626 3257 qui
644 3162 748 3237 tarde
773 3172 925 3239 venerat
948 3161 996 3237 ad
1023 3162 1251 3235 militandum
1272 3164 1352 3257 jam
1374 3169 1585 3238 transcurso

418 3283 538 3360 modio
564 3282 722 3357 termino
747 3302 824 3355 suae
850 3282 1008 3356 vitm-
1026 3279 1192 3355 monent.
1222 3282 1288 3355 liic
1325 3288 1434 3377 poeta
1470 3282 1586 3378 posita

416 3402 647 3499 dispositione
672 3402 844 3477 Beatricis
869 3422 999 3477 versus
1016 3422 1068 3495 se,
1086 3422 1186 3476 nunc
1202 3410 1471 3495 consequenter
1487 3404 1588 3498 pouit

417 3524 703 3619 increpationem
730 3522 893 3599 eiusdem
920 3527 1049 3597 contra
1066 3542 1106 3597 se
1123 3521 1264 3597 dicens:
1289 3532 1326 3599 et
1346 3524 1406 3598 illa
1427 3523 1588 3618 domina,

418 3666 526 3719 urroor
544 3651 730 3736 protervo,
756 3643 859 3735 idest,
878 3642 992 3739 rigida
1019 3642 1076 3718 vel
1101 3644 1273 3738 superba,
1289 3648 1445 3719 nellutto
1468 3649 1589 3736 repul-

419 3771 540 3858 mmo,
564 3763 650 3857 quia
667 3762 713 3837 ad
732 3762 884 3838 modum
903 3762 1040 3859 reginae
1066 3762 1168 3837 iratae
1194 3764 1396 3858 tremenda,
1413 3758 1589 3857 coiranno,

419 3883 466 3959 ad
492 3884 652 3978 primum
679 3882 816 3957 dictum
830 3881 1024 3976 superius,
1050 3902 1145 3954 come
1167 3884 1259 3955 colui
1281 3885 1342 3956 cte
1366 3887 1453 3978 dice,
1480 3905 1587 3980 pero·

420 4023 505 4078 raus
530 4010 658 4077 eontra
683 4003 856 4097 aliquem,
881 4005 941 4076 e'l
958 3997 1023 4095 pall
1042 4004 1145 4077 caldo
1156 4005 1290 4093 purlur
1308 4006 1420 4077 dietro
1436 4009 1589 4097 meroe,
1693 4014 1697 4022 '

420 4122 522 4219 idest,
549 4123 774 4199 reservatio
801 4123 910 4198 linem
937 4122 1087 4197 tortiora
1116 4132 1339 4218 argumenta
1364 4125 1410 4199 ad
1435 4146 1590 4220 persua·
1694 4152 1698 4159 ·

419 4242 598 4339 dendum3
625 4250 661 4319 et
687 4242 737 4317 ita
758 4244 903 4319 Beatrix
923 4242 980 4317 laio
1000 4241 1123 4337 incipit
1140 4263 1163 4316 a
1182 4242 1400 4337 quibusdam
1419 4264 1591 4319 commu-

421 4364 583 4440 nioribus
607 4370 645 4441 et
668 4364 886 4441 levioribus:
905 4363 986 4437 talis
1003 4382 1094 4459 ergo
1115 4370 1153 4437 et
1169 4369 1245 4438 tam
1265 4363 1381 4459 rigida
1398 4364 1591 4439 videbatur

421 4503 520 4557 nuuc
544 4483 690 4559 Beatrix
716 4483 801 4559 licet
826 4503 899 4559 uon
924 4488 1045 4578 posset
1075 4482 1170 4557 bene
1202 4482 1328 4559 videre
1353 4504 1449 4578 eam,
1474 4484 1592 4579 impe-

420 4603 541 4679 diente
566 4605 648 4679 velo
673 4610 710 4679 et
735 4610 850 4697 serto;
869 4602 968 4678 unde
984 4602 1088 4677 dicit:
1110 4600 1268 4698 ament,
1290 4604 1393 4699 idest,
1411 4605 1592 4699 quamvis,

419 4725 563 4817 dmlo,
597 4724 744 4819 scilicet,
769 4723 908 4815 album,
937 4724 997 4795 cto
1029 4724 1060 4794 le
1088 4725 1239 4797 annues
1275 4726 1314 4797 di
1351 4732 1449 4818 testu,
1481 4745 1594 4818 super

422 4842 564 4936 taciem,
584 4844 756 4916 coronato
780 4844 878 4915 duda
900 4842 1030 4933 fronde
1054 4843 1093 4914 di
1116 4845 1292 4935 Mindon,
1310 4844 1412 4938 idest,
1430 4844 1593 4920 circum·

485 5029 511 5091 (¹)
529 5034 583 5091 117,
600 5031 749 5082 nominarit.
978 5026 1007 5090 ι’)
1024 5028 1054 5078 Ε.
1071 5029 1116 5093 qul
1133 5035 1174 5080 est
1189 5031 1328 5094 putentur
1343 5032 1439 5085 cluis.

487 5103 512 5167 Γ)
529 5105 560 5154 Ε.
576 5104 723 5169 principale.
980 5103 1007 5167 (¹)
1024 5108 1078 5165 117,
1096 5104 1200 5155 sortiter
1215 5108 1390 5171 pugnandum.
