4575 6842
836 996 998 1053 ⁸caranus
1021 995 1165 1053 auarus.
1522 983 1601 1051 etde

426 1152 526 1221 stum
552 1146 711 1243 signum,
737 1144 797 1219 alii
822 1162 963 1238 amore,
989 1144 1049 1217 alii
1075 1141 1159 1219 (idio
1184 1144 1333 1220 seducti.
1367 1144 1460 1220 Dicit
1490 1164 1599 1243 ergo:

433 1270 545 1342 Omni
556 1270 643 1359 pam
665 1267 841 1356 ptodiooe,
874 1284 922 1339 ex
954 1262 1156 1337 rationibus
1187 1264 1315 1360 laetis,¹
1330 1268 1367 1339 di
1397 1269 1471 1358 qod
1483 1269 1611 1359 oototi,¹

426 1388 577 1480 seilicet,
602 1384 770 1483 guelpbis
794 1390 832 1459 et
857 1382 1075 1479 ghibellinis,
1088 1387 1141 1457 ob'
1153 1388 1190 1459 io
1208 1390 1350 1461 ornant
1365 1390 1404 1461 di
1421 1408 1545 1481 sopra,
1562 1387 1600 1465 iu

428 1506 604 1605 principio
628 1503 872 1601 digressionis,
897 1506 989 1579 edo'
1000 1506 1058 1577 tor
1075 1507 1176 1599 [otti3
1196 1526 1286 1581 vere
1303 1506 1483 1580 falluntur
1498 1507 1599 1601 latui,

428 1628 517 1723 quia
541 1627 588 1702 de
612 1630 762 1701 eentum
789 1625 964 1701 militibus
989 1646 1063 1700 non
1087 1625 1272 1701 invenitur
1297 1648 1405 1722 unus,
1424 1628 1486 1722 qui
1511 1629 1601 1703 sciat

429 1746 577 1843 quando
603 1746 662 1822 rel
686 1744 873 1840 quomodo
897 1745 968 1819 sint
992 1746 1152 1821 invente
1177 1747 1253 1820 istae
1274 1748 1522 1843 partialitates,
1542 1749 1600 1827 vel

429 1868 518 1963 quid
542 1867 608 1944 sibi
634 1866 748 1942 velint
772 1866 839 1941 ista
869 1866 1018 1942 nomina
1049 1872 1199 1962 propter
1224 1888 1309 1961 quae
1335 1867 1472 1943 iaciunt
1502 1876 1601 1943 tana

431 1988 551 2083 mala3
577 1987 659 2063 ideo
685 1987 780 2062 bene
808 1986 912 2062 dicit:
947 1988 1007 2059 ode
1036 2008 1102 2060 sorr
1132 1990 1261 2079 capion
1290 1990 1329 2061 di
1357 1991 1431 2061 tutti
1454 1991 1468 2061 i
1493 1992 1603 2062 vostri

430 2110 524 2181 moti.
559 2107 589 2181 Ο
623 2113 714 2201 quot
745 2106 910 2182 civitates
943 2111 1101 2182 eversae!
1133 2113 1225 2202 quot
1259 2108 1369 2182 millia
1409 2108 1601 2183 bominum
1695 2084 1705 2113 χ

429 2248 523 2304 oeea
549 2236 699 2323 propter
723 2227 832 2301 inane
857 2229 1011 2302 nomen!
1038 2226 1109 2302 Sed
1133 2227 1210 2302 Deo
1230 2228 1378 2325 gratias,
1397 2229 1459 2323 qui
1475 2229 1602 2323 justis-

429 2348 522 2422 sime
546 2346 710 2423 exteudit
734 2366 887 2421 manum
915 2368 1022 2421 suam
1039 2367 1152 2443 super
1172 2348 1323 2442 ltaliam,
1342 2348 1391 2423 ita
1408 2350 1507 2442 qnod
1523 2349 1601 2444 jam

428 2468 680 2543 obliviscimur
704 2468 771 2543 ista
799 2465 957 2541 nomina.
978 2467 1022 2540 Et
1046 2468 1253 2543 manifestat
1274 2488 1441 2543 errorem
1463 2470 1602 2543 utrius-

430 2610 506 2685 que
529 2588 653 2685 partis,
678 2588 821 2663 diceus:
848 2590 967 2682 tarro,
996 2587 1100 2682 idest,
1117 2590 1310 2686 guelphus,
1334 2610 1470 2684 oppono
1488 2594 1502 2663 i
1517 2592 1604 2681 pipii

431 2712 543 2803 piniti,
580 2708 684 2803 idest,
717 2708 872 2805 insignia
907 2710 1004 2806 regis
1037 2709 1200 2785 Francia
1233 2718 1271 2784 et
1302 2711 1422 2786 Caroli
1457 2712 1603 2807 veteris,

433 2850 518 2923 quae
543 2836 629 2903 sunt
654 2828 726 2903 lilia
752 2828 880 2902 citriua
902 2848 989 2903 oum
1016 2831 1162 2904 rastello
1192 2830 1360 2925 desuper,
1388 2834 1426 2905 ot
1443 2833 1604 2923 pabbtioo

432 2971 554 3043 seprio,
572 2948 706 3025 soilioet
722 2948 867 3043 aquilae,
885 2968 970 3044 qnae
993 2957 1049 3025 est
1072 2951 1219 3047 siguum
1237 2972 1436 3027 commune
1448 2954 1604 3047 justum,

432 3092 452 3143 e
480 3074 504 3143 t’
515 3070 623 3159 altro,
649 3069 795 3163 seilicet,
821 3069 1052 3165 gbibelliuus,
1078 3076 1275 3165 opproprio
1300 3075 1410 3164 quatio
1441 3080 1602 3167 oporto,

433 3199 472 3266 et
495 3190 547 3265 sic
572 3190 705 3265 iniuste
729 3189 813 3265 iacit
839 3190 958 3285 ipsum
984 3189 1029 3265 de
1047 3191 1193 3285 publico
1212 3192 1417 3289 privatum3
1438 3195 1535 3267 uude
1550 3194 1606 3267 di-

432 3312 499 3387 cit:
525 3305 555 3385 si
571 3307 656 3386 cb’d
667 3314 762 3405 sorta
776 3331 801 3383 o
819 3312 925 3383 aeder
941 3315 1027 3403 quot
1036 3308 1147 3404 pirisi
1168 3316 1259 3407 solli,
1280 3314 1383 3408 quasi
1404 3315 1511 3407 dicat,
1537 3313 1605 3387 dii-

420 3432 528 3507 'lioile
552 3436 608 3507 est
632 3430 727 3505 scire
752 3429 834 3524 quis
853 3426 1040 3524 justiusd)
1068 3431 1185 3506 induit
1209 3455 1327 3528 arma,
1349 3434 1435 3529 quia
1462 3442 1606 3529 neuter,

433 3552 550 3626 immo
574 3556 734 3645 uterque
757 3548 898 3645 pariter
912 3550 1055 3625 insanit.
1075 3550 1119 3625 Et
1139 3552 1261 3627 subdit
1275 3554 1414 3649 justam
1441 3554 1607 3648 increpa-

315 3674 319 3681 ’
434 3672 570 3747 tionem
598 3677 725 3745 eontra
752 3675 951 3764 utramque
975 3678 1139 3768 partem3
1166 3680 1204 3748 et
1227 3675 1348 3769 primo
1373 3681 1501 3749 contra
1527 3674 1608 3771 gbl-

435 3792 597 3886 bellinos,
615 3790 757 3864 dicens:
780 3793 922 3883 [moion
937 3794 963 3864 t·
981 3793 1156 3883 plibotiis,
1174 3800 1212 3867 et
1232 3794 1375 3889 repetit,
1391 3798 1531 3888 sosoma
1551 3797 1607 3868 tor

436 3922 527 4005 urta,
540 3912 675 3987 scilicet
693 3918 792 3985 artes
812 3911 897 3987 belli
916 3909 973 3987 vel
992 3906 1101 4007 pacis,
1114 3922 1202 3988 sotto
1221 3917 1316 3988 ottro
1334 3936 1456 4005 sepire,
1469 3920 1506 3989 et
1523 3934 1609 3991 ecoe

345 4060 348 4063 ⁴
435 4054 608 4110 cauam:
635 4028 697 4107 obe*
722 4035 797 4106 mol
822 4052 925 4122 septae
958 4036 1082 4125 quello,
1114 4034 1250 4109 scilicet
1283 4036 1441 4131 siguum,
1473 4056 1610 4128 sempre

435 4158 491 4230 obi
515 4157 551 4228 to
575 4156 737 4246 piastiaio
761 4174 780 4226 e
804 4155 853 4226 toi
877 4156 1028 4248 diporte,
1051 4156 1155 4248 quasi
1181 4154 1296 4231 dioat:
1326 4156 1421 4229 male
1441 4156 1608 4249 sequitur

437 4275 611 4369 aquilam,
638 4274 701 4368 qui
728 4273 891 4368 partizat,
917 4282 955 4347 et
980 4274 1029 4348 ita
1054 4294 1077 4349 e
1102 4281 1254 4349 eontra:
1282 4298 1300 4347 e
1325 4296 1400 4349 ooo
1432 4278 1454 4349 Γ
1468 4276 1609 4348 obbotto

437 4402 509 4469 esdr
537 4397 643 4467 carto
666 4396 817 4485 aooetto,
836 4394 983 4486 seilicet,
1001 4395 1155 4469 Carolus
1180 4404 1298 4489 retus,
1320 4417 1432 4491 quem
1453 4388 1610 4492 appellat

438 4515 637 4606 novellum,
664 4513 750 4607 quia
777 4512 918 4608 pumus
953 4516 1051 4589 venit
1089 4515 1126 4589 iu
1160 4515 1314 4610 ltaliam,
1351 4524 1388 4591 et
1418 4517 1611 4612 aequisivit

439 4654 597 4732 regnum
618 4632 766 4728 Sieiliae3
784 4634 848 4727 qui
867 4635 1025 4707 multum
1043 4643 1291 4731 persequutus
1309 4643 1364 4712 est
1381 4637 1610 4733 ghibellinas,

436 4761 475 4831 et
500 4754 646 4830 reduxit
670 4755 848 4851 guelpbos
872 4754 910 4827 in
935 4754 1170 4831 Florentiam.
1197 4756 1242 4830 Et
1267 4756 1432 4832 similiter
1457 4756 1610 4831 Carolus

419 4874 599 4951 ‘Claudus
623 4874 717 4949 lilius
743 4880 780 4949 et
805 4894 872 4950 ren
898 4876 1083 4951 liebertus
1111 4896 1226 4972 nepos
1256 4878 1414 4952 multum
1441 4878 1611 4953 laverunt

458 5201 460 5204 ,
502 5138 720 5202 atalenum
