4575 6842
723 995 865 1052 caurus
890 999 1082 1055 urensruus
1106 1001 1272 1067 cornuue.
1513 989 1582 1055 115

407 1139 541 1216 ardere
566 1141 705 1216 rubore
720 1133 771 1236 (¹),
788 1142 915 1217 audito
935 1144 1050 1218 uerbo
1075 1144 1208 1218 llariae.
1233 1145 1301 1219 Alii
1327 1152 1451 1222 tamen
1476 1146 1583 1222 aliter

408 1266 597 1358 exponunt
623 1261 729 1336 istam
747 1261 904 1356 literam,
922 1269 961 1337 et
981 1263 1105 1337 dicunt
1127 1264 1226 1358 quod
1252 1264 1301 1338 illi
1327 1265 1473 1360 spiritus
1494 1286 1583 1340 can·

409 1383 535 1458 tabant
559 1383 651 1458 alte:
678 1403 751 1456 uon
776 1402 950 1474 copaosco
973 1386 1103 1476 airum
1127 1382 1230 1479 idest,
1257 1384 1368 1459 istum
1395 1386 1581 1462 hominem

411 1502 550 1598 virum,
568 1501 705 1577 scilicet
721 1503 876 1578 Dantem
895 1503 958 1596 qui
981 1503 1114 1578 incedit
1138 1503 1295 1578 intactus
1320 1504 1369 1578 ab
1394 1505 1497 1602 igne3
1519 1506 1583 1582 sed

411 1623 512 1720 prior
536 1623 714 1720 expositio
745 1624 868 1699 sanior
893 1631 960 1699 est.
992 1624 1036 1698 Et
1063 1623 1168 1699 dicit:
1194 1627 1282 1716 indi,
1308 1624 1410 1718 idest,
1441 1625 1583 1720 deinde,

410 1747 687 1819 ricomtnciuvon
715 1748 737 1818 t'
749 1748 849 1839 iano,
886 1746 1033 1840 scilicet,
1059 1765 1204 1819 mmmoe
1242 1751 1336 1819 Deus
1373 1749 1583 1843 clementie,-

410 1865 517 1958 oussi,
543 1865 634 1941 idest
667 1867 773 1941 bassa
799 1886 900 1960 voce,
927 1866 978 1941 ita
1007 1866 1107 1960 quod
1136 1866 1333 1941 cantabant
1359 1867 1479 1960 primo
1514 1870 1583 1966 hy-

411 2007 541 2060 mnum
555 1987 671 2080 basse,
684 1985 815 2062 deinde
832 2007 1046 2082 responsum
1057 1979 1093 2080 (¹)
1109 1987 1231 2062 llariae
1249 1985 1294 2062 ad
1312 1988 1484 2085 angelum
1500 1990 1582 2065 alte.

410 2109 631 2182 -ll'uitoto
658 2107 723 2182 llic
748 2113 856 2202 poeta
881 2106 982 2202 ponit
1006 2106 1106 2181 aliud
1131 2106 1269 2182 dictum
1301 2107 1449 2184 illorum
1480 2109 1585 2204 spiri-

411 2233 517 2302 tuum
545 2226 581 2300 in
607 2227 914 2323 vituperationem
941 2227 1099 2302 luxuria·
1117 2247 1201 2322 quae
1220 2234 1367 2322 separat
1388 2228 1582 2304 mulierem

409 2366 432 2421 a
458 2348 642 2422 consortio
666 2347 825 2423 aliarum
851 2347 1081 2444 pudicarum.
1099 2347 1153 2422 Ad
1173 2348 1455 2423 declarationem
1474 2351 1584 2425 huius

410 2465 526 2542 literae
551 2473 606 2543 est
630 2468 846 2545 breuissime
871 2467 1072 2563 sciendum,
1099 2468 1199 2563 quod
1229 2468 1323 2543 sicut
1351 2469 1474 2544 scribit
1499 2471 1585 2545 Ovi-

411 2585 548 2662 dius'll
573 2589 729 2684 llaioris,
760 2588 901 2684 Jupiter
933 2609 998 2684 per
1030 2587 1199 2663 fraudem
1233 2593 1270 2663 et
1300 2588 1373 2663 vim
1405 2592 1585 2686 stupravit

411 2707 631 2784 Calistonem
657 2709 837 2805 uirginem
863 2708 910 2784 de
929 2708 1081 2783 Arcadia
1106 2708 1249 2782 solitam
1276 2709 1332 2784 ire
1357 2709 1394 2783 in
1420 2713 1589 2788 venatio·⁴

413 2850 499 2906 nem
513 2851 600 2905 cum
614 2830 694 2904 aliis
711 2830 913 2927 virginibus
929 2829 1074 2923 Dianae3
1093 2849 1189 2925 quae,
1206 2829 1347 2925 perdita
1364 2831 1582 2928 virginitate,

411 2968 485 3023 non
510 2949 671 3024 audebat
692 2949 988 3045 appropinquare
1021 2949 1156 3044 Dianae,
1189 2970 1261 3024 non
1287 2950 1413 3026 levare
1445 2954 1584 3048 oculos,

412 3089 485 3142 non
502 3069 614 3161 loqui.
632 3070 726 3143 Cum
744 3075 870 3144 autem
896 3070 1012 3144 semel
1036 3071 1112 3144 Dea
1130 3069 1223 3144 sessa
1244 3071 1437 3147 venatione
1455 3078 1492 3147 et
1512 3094 1585 3148 cae-

411 3193 501 3262 terae
532 3188 691 3285 virgines
721 3187 758 3262 in
790 3188 895 3263 viridi
928 3210 1082 3265 nemore
1116 3189 1264 3264 nudatae
1295 3191 1508 3266 lavarentur
1538 3194 1585 3268 ad

411 3308 547 3383 iontem
578 3307 626 3383 ad
659 3307 952 3405 refrigerandum
983 3310 1158 3404 calorem,
1190 3309 1323 3384 Calisto
1352 3311 1498 3407 cognita
1530 3319 1586 3388 ert

410 3447 491 3502 erse
516 3435 691 3524 corrupta
715 3429 754 3502 in
780 3435 888 3503 utero
913 3427 1048 3503 inflato.
1076 3429 1127 3502 Er
1159 3450 1235 3525 quo
1261 3429 1375 3504 Diana
1400 3431 1585 3528 indignata

410 3549 566 3645 turpiter
590 3550 729 3645 expulit
755 3549 853 3624 illam
871 3569 919 3624 ne
940 3549 1085 3624 vitiaret
1110 3572 1248 3645 purum
1275 3550 1425 3646 iontem,
1444 3561 1482 3627 et
1502 3575 1584 3628 ma·

412 3671 553 3745 cularet
579 3673 736 3746 eliorum
762 3689 956 3745 sacrarum
975 3669 1182 3766 virginum:
1204 3691 1288 3765 quae
1309 3677 1434 3765 postea
1451 3672 1585 3747 dicitur

413 3797 554 3866 mutata
580 3791 618 3865 in
643 3812 770 3866 ursam
796 3790 853 3865 ira
878 3789 1030 3864 lunonis
1043 3779 1093 3884 (²),
1112 3810 1197 3884 quaa
1215 3811 1311 3865 uxor
1337 3790 1434 3866 lovis
1461 3799 1587 3887 perse-

413 3911 598 4005 quehatur
628 3909 794 4006 pellicem
826 3908 959 3984 mariti.
993 3908 1064 3984 Sed
1093 3909 1243 3985 brevius
1275 3910 1466 3986 videamus
1498 3912 1586 4007 quid

414 4029 525 4105 lateat
549 4030 618 4105 sub
644 4031 780 4105 cortice
804 4029 958 4104 fabulae:
980 4029 1121 4124 Jupiter
1142 4029 1337 4126 figurative
1357 4038 1412 4106 est
1429 4051 1586 4129 magnus

413 4149 569 4245 adulter,
595 4151 690 4226 sicut
718 4149 786 4224 luit
810 4149 857 4224 de
883 4149 937 4224 rei
964 4149 1130 4244 veritate,
1157 4149 1220 4244 qui
1247 4149 1283 4224 vi
1308 4155 1344 4224 et
1368 4150 1498 4226 fraude
1522 4152 1588 4226 de·

414 4269 519 4345 llorat
544 4270 736 4368 virginem,
769 4275 807 4346 et
838 4269 926 4345 fallit
958 4269 1056 4344 illam
1087 4290 1221 4365 puram
1239 4257 1289 4364 (ἢ,
1323 4269 1523 4366 simplicem
1550 4278 1588 4346 et

414 4387 593 4485 fragilem.
613 4390 728 4465 Diana
754 4410 844 4465 vero
869 4410 955 4485 quae
979 4388 1111 4465 dicitur
1128 4389 1197 4464 dea
1218 4389 1390 4465 castitatis
1413 4392 1587 4486 estium,

415 4528 499 4602 quae
516 4509 706 4584 inlluentia
721 4531 790 4585 sua
806 4509 891 4585 lacit
907 4509 1079 4606 virgines,
1093 4509 1188 4583 sicut
1205 4510 1305 4585 clare
1317 4510 1454 4606 patebit
1466 4511 1512 4584 lll
1524 4532 1587 4587 ra-

416 4627 531 4725 pitulo
555 4629 736 4725 Paradisi;
762 4650 847 4726 quaa
873 4629 1022 4725 fingitur
1047 4650 1134 4704 cum
1161 4630 1236 4704 suis
1253 4629 1454 4726 virginibus
1477 4632 1533 4707 ire
1549 4632 1586 4706 in

475 4890 504 4955 (¹)
519 4891 551 4942 ll.
567 4892 675 4956 pudore,
692 4893 780 4944 audito
795 4892 876 4945 verbo
892 4891 1044 4942 bauwarie
1060 4892 1174 4957 Vlrginlu
1190 4893 1290 4947 Mariua.

475 4967 505 5032 (⁸)
520 4967 551 5018 B.
568 4982 721 5032 reepourum
736 4969 925 5034 pretiosissime
941 4969 1054 5033 Virginis
1069 4970 1171 5022 Mariae.

475 5043 503 5109 Γ)
519 5045 551 5097 ll.
566 5045 677 5097 Juuouls
691 5047 780 5098 uxorin
794 5047 874 5109 loric,
890 5060 949 5112 qne
966 5047 1176 5112 persequebatur.

477 5123 504 5186 p)
519 5121 551 5174 B.
568 5137 661 5186 puram
677 5123 804 5189 virginem
820 5129 847 5176 ct
861 5122 991 5188 fragilem.
