4575 6842
736 956 806 1023 322
1127 967 1331 1023 conanum
1356 967 1521 1021 rannorsr

736 1113 846 1208 longo
876 1113 1056 1207 discursu,
1087 1112 1245 1207 qualiter
1279 1110 1437 1186 naturali
1472 1111 1600 1186 ordine
1632 1119 1671 1186 et
1703 1112 1907 1220 rationabili

734 1252 847 1307 cursu
874 1233 951 1329 ipse
974 1233 1181 1308 ascenderit
1205 1233 1365 1326 coelum3
1382 1238 1421 1306 et
1441 1231 1561 1326 primo
1582 1230 1687 1327 lingit
1709 1252 1751 1308 se
1775 1252 1908 1307 conce·

734 1352 829 1447 pisse
854 1373 1031 1450 magnum
1051 1353 1206 1427 dubium
1224 1373 1270 1427 ex
1288 1352 1451 1427 novitate
1468 1352 1521 1426 rei
1539 1351 1715 1426 mirabilis
1732 1357 1771 1428 et
1787 1344 1908 1430 incre-

733 1471 861 1568 dionis,
880 1475 978 1549 unde
1003 1476 1119 1550 lactus
1144 1480 1201 1548 est
1216 1472 1445 1548 avidissimus
1462 1471 1598 1546 sciendi
1614 1492 1786 1566 causam3
1810 1473 1909 1548 unde

735 1593 819 1668 dicit
830 1618 839 1666 :
852 1599 904 1668 La
915 1585 1035 1668 haudd
1047 1598 1237 1688 delmona,
1254 1594 1356 1688 idest,
1370 1593 1486 1668 dulcis
1499 1593 1702 1668 harmoniae
1714 1614 1905 1688 nunquam

736 1714 824 1790 alias
848 1715 993 1790 auditae.
1021 1716 1065 1788 Et
1090 1715 1149 1789 hic
1173 1720 1259 1789 nota
1286 1714 1385 1808 quod
1414 1714 1482 1788 ista
1516 1714 1622 1788 litera
1654 1733 1727 1788 non
1762 1715 1907 1790 videtur

736 1854 826 1910 vera
849 1834 896 1909 de
921 1835 1058 1908 virtute
1083 1833 1275 1927 sermonis,
1300 1833 1330 1906 si
1355 1833 1407 1908 sic
1432 1832 1643 1928 simpliciter
1663 1833 1905 1930 intelligatur:

736 1975 810 2028 non
827 1953 924 2028 eninr
945 1954 1089 2029 videtur
1105 1953 1381 2028 concedendum
1399 1953 1499 2046 quod
1524 1953 1665 2026 musica
1682 1953 1782 2027 sitin
1799 1955 1906 2050 uelo,

736 2075 822 2168 quia
851 2073 1062 2148 Aristoteles
1092 2074 1162 2148 hoc
1194 2074 1397 2169 impugnat,
1429 2073 1550 2167 primo
1579 2073 1662 2148 ooeli
1692 2079 1730 2148 et
1760 2075 1906 2149 mundi:

735 2193 817 2269 ideo
842 2194 1036 2269 dicendum
1063 2200 1118 2270 est
1143 2195 1242 2290 quod
1267 2201 1377 2269 antor
1393 2214 1460 2289 per
1476 2193 1582 2269 istam
1602 2195 1832 2270 harmoniam
1850 2197 1907 2271 in-

734 2313 860 2410 telligit
885 2315 1091 2390 mirabilem
1118 2314 1393 2410 proportionem
1417 2314 1512 2408 ooeli,
1539 2315 1638 2409 quod
1657 2335 1805 2411 semper
1826 2317 1908 2391 uni-

734 2432 900 2508 formiter
926 2440 1109 2528 movetur,
1136 2434 1187 2508 ita
1212 2433 1310 2528 quod
1335 2433 1455 2509 omnis
1479 2455 1564 2529 pars
1590 2435 1786 2530 respondet
1804 2436 1905 2510 omni

734 2553 839 2648 parti,
865 2555 960 2629 sicut
985 2540 1060 2650 ipse
1085 2562 1194 2650 poeta
1217 2554 1309 2631 dixit
1337 2555 1374 2628 in
1393 2555 1549 2629 interno.
1577 2555 1648 2629 Sed
1672 2556 1789 2650 posito
1806 2557 1905 2650 quod

734 2675 867 2750 Dentes
888 2675 995 2770 juxta
1027 2696 1158 2750 sonum
1189 2675 1305 2749 literae
1334 2676 1482 2750 realiter
1508 2675 1683 2771 intelligat
1708 2677 1807 2770 quod
1822 2697 1906 2751 mu-

734 2793 808 2868 sica
828 2793 873 2868 sit
893 2795 930 2868 in
950 2794 1057 2888 coeto,
1079 2802 1204 2869 tamen
1229 2815 1304 2870 non
1329 2795 1399 2869 erit
1420 2795 1646 2890 irridendus;
1671 2817 1757 2871 nam
1784 2797 1907 2893 magni

735 2921 885 2990 autores
910 2921 997 2990 ante
1022 2915 1265 3010 Aristotelem,
1292 2916 1387 2990 sicut
1410 2917 1636 3012 Pythagoras
1668 2925 1707 2992 et
1731 2917 1845 3010 Plato,
1870 2923 1908 2992 et

735 3046 815 3132 post
847 3056 933 3111 eum
971 3035 1064 3112 sicut
1097 3037 1247 3130 Tullius,
1273 3036 1432 3130 Boetius,
1457 3043 1496 3110 et
1525 3037 1730 3112 Macrobius
1754 3040 1905 3114 comen·

734 3163 830 3232 tator
855 3157 959 3231 lollii
986 3177 1097 3252 super
1122 3157 1307 3232 somnium
1334 3155 1519 3251 Scipionis,
1549 3162 1587 3232 et
1615 3157 1819 3232 chalcidius
1843 3179 1907 3234 oo·

734 3282 918 3350 mentator
951 3276 1109 3351 Platonis
1143 3297 1254 3372 super
1294 3277 1474 3350 Timaeum
1507 3277 1696 3352 affirmant
1734 3278 1805 3352 hoc
1839 3299 1907 3372 pro

733 3404 846 3471 certo.
872 3397 975 3471 Unde
999 3396 1084 3471 dicit
1110 3397 1332 3472 chalcidius:
1360 3401 1494 3471 Musica
1516 3401 1644 3490 procot
1668 3399 1772 3472 datio
1795 3419 1907 3472 exor-

731 3525 795 3590 nat
826 3519 982 3590 animam
1013 3517 1269 3590 rationabiliter
1297 3519 1348 3590 ad
1374 3523 1542 3590 omarum
1575 3521 1769 3611 amquam,
1801 3539 1906 3592 reoo·

732 3659 818 3712 cans
849 3645 882 3712 ct
910 3639 1060 3731 efficiens
1090 3641 1194 3712 tutem
1229 3641 1378 3730 demum
1408 3640 1545 3732 poclm
1579 3639 1625 3712 ud
1658 3642 1756 3713 initio
1787 3641 1907 3732 opifex

734 3765 828 3833 Deus
848 3763 990 3853 [cenot.
1017 3757 1188 3832 hibertus
1205 3764 1330 3833 tamen
1355 3758 1392 3832 in
1417 3778 1486 3833 suo
1510 3757 1558 3834 de
1581 3761 1675 3834 coelo
1701 3767 1739 3834 et
1767 3758 1909 3834 mundo

735 3877 881 3954 adducit
906 3878 1040 3952 multas
1067 3878 1227 3954 rationes
1251 3878 1297 3952 ad
1323 3879 1553 3973 probandum
1580 3880 1680 3973 quod
1699 3899 1812 3955 sonus
1833 3879 1908 3954 non

734 3997 775 4072 lit
799 3997 836 4070 in
861 3998 976 4072 coelo:
1003 4003 1040 4071 et
1065 3997 1102 4072 in
1133 3997 1228 4071 libro
1257 3998 1303 4073 de
1328 3998 1611 4094 proprietatibus
1636 3999 1905 4076 elementorum

735 4117 819 4193 iacit
852 4118 1201 4193 demonstrationem
1239 4119 1389 4193 maioris
1418 4118 1708 4213 certificationis3
1748 4119 1846 4194 unde
1869 4114 1908 4212 (¹)

733 4238 842 4313 dicit:
867 4259 886 4311 e
910 4241 937 4311 u
959 4241 1097 4330 pronde
1121 4241 1223 4341 latrone,¹
1245 4237 1344 4333 quod
1369 4235 1468 4312 nunc
1486 4237 1632 4314 videbat
1652 4239 1771 4313 maius
1787 4239 1906 4335 solito,

735 4361 780 4431 m'
792 4377 952 4432 accesere
977 4379 1026 4431 un
1051 4360 1158 4451 desto,
1179 4357 1281 4452 idest,
1302 4358 1525 4432 desiderium
1551 4359 1588 4432 in
1607 4367 1731 4434 mente
1751 4380 1846 4454 mea,
1871 4363 1909 4435 di

733 4481 790 4552 lor
814 4481 973 4570 copone,
1002 4477 1105 4570 idest,
1131 4477 1266 4552 sciendi
1292 4497 1442 4552 causam
1469 4477 1572 4552 istius
1589 4478 1668 4553 soni
1689 4486 1728 4554 et
1745 4479 1906 4575 luminis,

734 4602 807 4672 mai
830 4620 903 4672 non
926 4601 1048 4672 sentito
1073 4601 1111 4672 di
1134 4605 1272 4672 colunto
1290 4619 1422 4692 amate,
1444 4599 1548 4692 quasi
1565 4599 1674 4694 dicat,
1692 4600 1790 4694 quod
1808 4623 1905 4677 nun·

734 4741 846 4812 quam
874 4719 1055 4794 habuerat
1081 4718 1258 4793 intensius
1282 4719 1436 4794 dubium
1463 4719 1500 4793 in
1524 4719 1649 4794 animo
1668 4719 1747 4796 sive
1763 4720 1905 4796 deside-

735 4837 833 4912 rium
859 4839 1022 4933 quandiu
1048 4838 1170 4912 luerat
1194 4858 1281 4912 cum
1317 4837 1477 4936 Virgilio.
1513 4840 1556 4913 Et
1587 4839 1709 4914 subdit
1740 4841 1903 4916 subitum

798 5097 826 5162 (¹)
842 5097 873 5148 E.
889 5098 958 5148 unda
973 5099 1027 5162 lpse
1043 5103 1120 5150 autor
1136 5099 1206 5151 dicit.
