4575 6842
695 940 768 1012 att
1053 951 1259 1007 oonnnrun
1282 951 1505 1007 nusennoau

694 1101 788 1175 siout
811 1100 1092 1196 Hieronymum,
1116 1098 1364 1195 Augustinum
1388 1104 1471 1190 etc,
1495 1097 1557 1170 ohe
1580 1114 1694 1187 oeque
1710 1091 1731 1168 e*
1745 1102 1865 1189 onero

692 1223 752 1295 che
775 1222 807 1293 st
830 1223 976 1314 distepo,
1002 1219 1105 1315 idest,
1131 1218 1299 1313 solvitur,
1329 1219 1388 1293 vel
1418 1216 1622 1293 secundum
1646 1214 1758 1290 aliam
1783 1216 1866 1291 lite-

692 1362 786 1435 ram,
811 1344 842 1413 st
866 1343 1023 1434 ot'sptepa
1048 1342 1106 1432 qni
1131 1343 1179 1413 du
1205 1358 1253 1413 rm
1273 1340 1461 1432 principio,
1486 1336 1550 1411 uhi
1583 1343 1639 1411 est
1665 1337 1862 1413 thesaurus

693 1471 732 1539 et
747 1462 852 1557 eopia
866 1480 1050 1557 aquarum
1068 1460 1364 1554 indeficientium,
1382 1480 1401 1531 e
1416 1454 1515 1533 stoa
1529 1450 1571 1531 sd
1583 1460 1756 1532 lontano?
1774 1457 1861 1553 quia

696 1600 831 1677 magno
852 1582 966 1677 spatio
985 1582 1205 1676 elongantur
1229 1580 1276 1653 ah
1301 1579 1459 1655 invicem
1476 1578 1545 1653 ista
1570 1578 1735 1673 llumina,
1756 1584 1794 1653 et
1809 1579 1867 1653 al-

696 1707 821 1777 terum
845 1701 992 1795 quidem
1023 1700 1136 1775 tendit
1170 1720 1301 1778 versus
1324 1699 1518 1793 orientem,
1542 1698 1703 1773 alterum
1735 1718 1866 1775 versos

695 1820 944 1895 occidentem?
969 1820 1012 1893 Et
1029 1820 1151 1895 subdit
1168 1820 1444 1927 responsionem
1461 1818 1636 1895 Beatricis
1653 1840 1739 1913 quae
1759 1840 1865 1895 oom-

696 1942 805 2015 mittit
831 1941 947 2016 vicem
973 1962 1080 2016 suam
1097 1940 1203 2017 alteri
1219 1942 1378 2016 dominae
1394 1962 1479 2036 quae
1495 1940 1658 2017 declarat
1678 1940 1800 2036 ipsum
1819 1940 1868 2015 de

695 2084 737 2139 re
762 2061 891 2157 petita,
916 2060 1001 2135 dicit
1026 2050 1137 2159 ergo:
1156 2064 1246 2136 detto
1266 2066 1315 2135 mr·
1329 2066 1386 2155 su,
1401 2062 1549 2157 seiheet,
1566 2083 1589 2138 a
1605 2061 1783 2156 Beatriee,
1799 2082 1866 2154 per

694 2186 787 2257 potul
805 2202 933 2274 prepo,
957 2181 1060 2277 idest,
1079 2181 1165 2276 quia
1187 2188 1263 2255 tam
1279 2182 1480 2257 allectuose
1497 2200 1718 2278 rogaveram
1736 2183 1864 2278 ipsam,

691 2323 806 2397 prepo
827 2304 995 2394 Muteldo,
1011 2301 1198 2377 dominam
1215 2322 1301 2396 quae
1323 2302 1492 2397 sequitur
1508 2322 1582 2396 me,
1599 2305 1660 2376 che
1675 2306 1702 2377 'l
1724 2305 1751 2377 εἰ
1773 2305 1864 2377 diro

693 2424 737 2497 Et
761 2423 820 2497 hic
845 2429 943 2517 nota,
963 2422 1092 2514 lector,
1109 2422 1210 2516 quod
1235 2422 1369 2497 merito
1388 2422 1536 2497 Bealrix
1558 2422 1752 2498 oommittit
1771 2423 1866 2499 istud

694 2544 882 2641 negotium
918 2542 1074 2617 Mathildi
1100 2550 1292 2635 tamquam
1330 2562 1408 2617 snae
1443 2541 1676 2638 negotiorum
1707 2542 1865 2639 gestrioi,

698 2664 882 2759 quaejam
910 2668 1090 2739 merserat
1115 2668 1262 2757 poetam
1289 2661 1327 2735 in
1350 2662 1511 2755 Lethaeo,
1536 2668 1573 2737 et
1598 2683 1697 2737 nunc
1723 2670 1866 2760 merget

696 2784 815 2879 ipsum
843 2784 879 2857 in
903 2783 1051 2859 Eunoe:
1070 2783 1136 2857 luit
1153 2782 1252 2859 enim
1271 2782 1406 2857 mulier
1421 2781 1539 2858 activa
1557 2783 1717 2861 multum
1738 2792 1776 2859 el
1793 2786 1868 2859 vir·

695 2912 818 2980 tutum
843 2905 1013 3000 amatrix,
1035 2905 1082 2981 de
1106 2926 1180 2999 qua
1201 2905 1281 3001 jam
1307 2904 1438 2979 totiens
1463 2904 1558 2979 laeta
1583 2912 1639 2980 est
1665 2906 1804 2980 mentio
1828 2912 1868 2981 et

696 3024 964 3101 commendatio
990 3045 1135 3121 magna.
1163 3024 1235 3099 Sed
1258 3044 1358 3099 nunc
1379 3024 1438 3097 hic
1459 3022 1589 3098 ultimo
1609 3044 1783 3120 expresse
1799 3046 1868 3101 no-

595 3114 640 3241 s
697 3145 811 3220 minat
835 3164 917 3220 eam
945 3144 991 3221 de
1016 3165 1090 3239 qua
1115 3144 1335 3219 norissimus
1358 3150 1467 3240 poeta
1488 3145 1686 3221 Petraroha
1710 3147 1748 3221 in
1773 3168 1867 3243 qna·

695 3264 781 3339 dam
808 3265 958 3360 epistola
982 3264 1136 3358 loquens
1168 3265 1216 3339 de
1248 3264 1464 3341 mulieribus
1493 3265 1602 3340 elaris
1634 3266 1743 3342 dicit:
1768 3268 1867 3364 apud

697 3404 762 3459 nos
782 3404 902 3480 nuper
918 3405 992 3459 non
1010 3384 1183 3481 exiguam
1197 3383 1374 3459 llathildls
1393 3385 1577 3461 eomitissa
1593 3393 1736 3482 partem
1752 3387 1866 3465 ltaliae

696 3504 871 3599 possedit:
889 3512 926 3580 et
943 3506 1019 3601 ipsa
1046 3504 1188 3580 romani
1209 3505 1352 3601 imperii
1370 3526 1444 3580 non
1464 3505 1555 3581 levis
1574 3509 1710 3581 aemula
1727 3516 1763 3582 et
1780 3530 1865 3604 quae

696 3624 789 3700 virili
814 3624 938 3701 animo
964 3624 1057 3701 hella
1082 3630 1270 3719 tractaret,
1296 3624 1490 3720 imperiosa
1511 3626 1550 3698 in
1570 3647 1668 3720 suos,
1686 3627 1723 3700 in
1743 3628 1867 3703 hostes

694 3745 887 3841 acerrima,
913 3744 1165 3821 liberalissima
1181 3744 1219 3817 in
1241 3745 1390 3840 amieos,
1407 3746 1514 3821 cuius
1530 3747 1720 3842 profusam
1734 3740 1771 3840 (¹)
1798 3748 1868 3823 loe·

696 3865 857 3941 mineum
883 3865 1091 3962 largitatem
1117 3885 1271 3941 romana
1297 3865 1334 3939 in
1359 3867 1486 3961 primis
1519 3872 1673 3943 testatur
1700 3868 1864 3943 ecelesia.

697 3988 794 4085 Ergo
820 3988 914 4062 hene
939 3986 1004 4061 ista
1033 3986 1223 4083 reponitur
1249 3986 1414 4062 ministra
1440 4008 1632 4063 sacrarum
1650 4010 1778 4065 rernm
1805 4008 1866 4065 ee-

695 4108 825 4185 clesie
851 4108 896 4181 Et
924 4106 1045 4181 subdit
1071 4106 1344 4202 responsionem
1369 4108 1547 4185 ldathildis
1575 4110 1623 4185 ad
1647 4110 1865 4205 Beatrioem,

696 4228 838 4305 dleens:
865 4251 884 4301 e
909 4232 945 4303 lo
969 4228 1059 4301 hello
1082 4229 1218 4318 domno,
1243 4227 1390 4323 seilicet,
1415 4228 1604 4324 diethildis,
1633 4233 1769 4324 rtspose
1793 4233 1866 4323 pari,

696 4348 799 4443 idest,
816 4347 863 4423 ad
889 4346 1027 4423 dictum
1053 4347 1238 4443 Beatrieis,
1255 4370 1351 4422 come
1363 4354 1406 4445 [a
1421 4352 1478 4423 oti
1491 4354 1524 4423 si
1538 4352 1673 4442 dr'slepa
1694 4354 1732 4425 di
1747 4354 1866 4445 codro:

697 4469 776 4543 vult
805 4466 928 4543 dieere
961 4466 1059 4562 quod
1092 4467 1269 4542 diethildis
1294 4469 1479 4564 respondit
1509 4468 1557 4544 ad
1591 4472 1866 4547 excusationem

696 4588 765 4683 sni,
790 4608 838 4663 ne
862 4587 1050 4685 negligens
1074 4587 1274 4682 videretur,
1300 4590 1400 4683 quod
1425 4590 1678 4685 turpissimum
1708 4600 1806 4669 esset
1829 4592 1870 4667 in

696 4708 843 4783 demina
867 4709 1003 4802 activa,
1030 4715 1069 4784 el
1092 4708 1201 4783 dixit:
1227 4716 1358 4802 questo,
1386 4710 1486 4805 quod
1511 4711 1600 4805 petit
1623 4711 1671 4787 de
1695 4733 1806 4809 aqua,
1835 4720 1870 4789 et

696 4830 786 4903 atne
810 4850 900 4923 ense,
923 4829 1018 4904 siout
1042 4829 1089 4905 de
1114 4835 1236 4923 vento,
1257 4833 1346 4905 detto
1370 4834 1397 4905 li
1419 4852 1486 4905 son
1503 4852 1574 4925 per
1598 4852 1665 4924 me,
1691 4833 1786 4908 siout
1802 4854 1868 4930 pa-

760 5086 787 5149 (¹)
803 5087 834 5137 Ε.
850 5100 867 5138 s
883 5091 937 5148 11⁷,
954 5094 980 5140 et
996 5088 1132 5155 plusquam
1149 5088 1307 5142 immineam.
