4575 6842
618 1000 620 1008 ⁴
715 990 854 1047 CANTUS
879 993 1093 1049 Terensmtis
1118 997 1262 1051 PRIMUS.
1505 988 1576 1056 225

400 1136 474 1213 lius
500 1144 537 1213 ct
562 1138 677 1211 tutius
702 1143 757 1211 est
782 1136 957 1233 pugnanti
975 1136 1087 1212 ierirc
1111 1140 1274 1233 punctim
1301 1164 1414 1236 quam
1441 1144 1575 1240 caesim,

403 1264 496 1333 teste
522 1257 672 1355 Vegetio
698 1255 734 1329 in
760 1276 830 1329 suo
854 1256 900 1331 de
926 1277 968 1332 re
995 1256 1161 1331 militari:
1179 1259 1311 1355 primo,
1330 1262 1417 1356 quia
1442 1263 1576 1338 leriens
1627 1251 1630 1255 ⁴

402 1378 565 1473 punctim
593 1378 703 1453 nabet
726 1375 888 1451 incidere
913 1376 1035 1451 minus
1061 1377 1108 1452 de
1133 1379 1265 1453 armis:
1292 1382 1466 1478 secundo,
1487 1384 1573 1478 quia

402 1498 539 1574 invenit
571 1498 751 1573 minorem
785 1496 1026 1573 resistentiam
1063 1498 1100 1573 in
1134 1520 1309 1595 corpore:
1343 1504 1463 1598 tertio,
1489 1505 1575 1598 quia

401 1619 635 1695 adversarius
661 1638 734 1692 non
760 1617 810 1691 ita
835 1618 930 1692 bene
960 1618 1051 1693 vitat
1075 1619 1208 1697 ictum:
1235 1628 1379 1716 quarto,
1407 1624 1495 1718 qnia
1520 1625 1574 1699 le-

402 1738 500 1813 ricns
526 1739 647 1814 minus
672 1738 831 1813 laborat:
851 1737 989 1833 quinto,
1009 1738 1095 1832 quia
1114 1739 1236 1826 minus
1252 1761 1293 1815 se
1310 1741 1457 1839 detegit.
1476 1745 1573 1841 Ergo

403 1858 484 1934 vide
509 1878 621 1954 quam
648 1859 775 1954 pulcra
800 1858 845 1931 sit
870 1859 1097 1952 metaphora,
1122 1858 1275 1935 dicendo
1301 1862 1401 1955 quod
1426 1864 1573 1938 Bcatrir

402 1998 499 2052 nunc
523 1978 633 2072 coepit
658 1983 853 2073 percutere
877 1977 1052 2071 punctim.
1075 1978 1168 2079 Dicit
1193 2000 1303 2076 ergo:
1332 1987 1368 2055 et
1394 1982 1454 2058 illa
1480 1983 1572 2059 Bea-
1712 2045 1723 2063 .

405 2098 488 2191 trix,
506 2101 676 2189 volpertdo
701 2102 729 2171 il
750 2119 814 2171 cuo
836 2101 967 2191 porlor
992 2119 1016 2169 o
1041 2120 1095 2172 me
1112 2122 1182 2192 per
1201 2107 1329 2193 punto,
1350 2101 1572 2198 increpando

401 2237 462 2291 me
486 2218 620 2313 acrius,
647 2220 706 2291 cte
730 2221 775 2291 ιη’
789 2238 853 2291 ero
874 2225 1005 2311 porat>
1030 2240 1131 2310 acro,
1155 2219 1257 2314 idest,
1275 2220 1362 2294 satis
1381 2223 1571 2317 acerbum,

397 2358 471 2431 pur
484 2360 552 2431 per
569 2342 689 2430 tegito,
706 2332 921 2429 ricomincid,
942 2338 1088 2434 scilicet,
1108 2340 1242 2434 dicere,
1259 2344 1448 2432 seguono,
1469 2342 1572 2437 idest,

403 2458 650 2533 continuando
662 2458 799 2533 dictum
819 2481 941 2553 snum,
956 2459 1089 2534 *senza
1112 2468 1230 2552 canto,
1243 2460 1334 2535 idest
1353 2462 1432 2537 sine
1454 2484 1572 2558 mora,
1626 2470 1630 2478 ’

401 2577 486 2673 quia
511 2577 632 2652 statim
660 2578 737 2653 sine
761 2578 933 2653 dilatione
959 2579 1138 2656 convertit
1155 2580 1293 2654 dictum
1316 2602 1427 2655 suum
1441 2574 1508 2675 *(⁴)
1525 2582 1573 2656 ab

400 2697 541 2794 angelis
566 2698 613 2772 ad
638 2697 807 2792 Dantem,
832 2698 969 2773 dicens:
996 2722 1015 2772 e
1038 2707 1087 2794 to,
1117 2700 1263 2794 scilicet,
1281 2701 1416 2776 [lantes
1423 2726 1433 2797 3
1452 2709 1489 2776 et
1505 2702 1571 2776 de-

403 2818 465 2892 bct
480 2816 604 2891 dicere
621 2839 640 2889 e
657 2823 694 2891 ct
710 2837 784 2891 non
801 2838 845 2910 o,·
858 2820 917 2891 cle
933 2822 1024 2892 sedi
1040 2810 1077 2892 tt
1094 2822 1160 2893 dol
1169 2823 1275 2913 fiome
1285 2841 1405 2913 sacro,
1423 2821 1570 2915 scilicet,

400 2937 602 3031 Lethaeum‚
620 2941 657 3011 et
674 2942 778 3031 optas
799 2937 953 3012 transire
973 2938 1064 3013 citra
1080 2939 1127 3013 ad
1148 2961 1222 3034 me,
1238 2943 1298 3034 di’,
1315 2944 1375 3034 at,
1400 2962 1437 3014 se
1453 2947 1571 3033 questo

400 3052 540 3149 evoro,
564 3057 612 3131 de
641 3078 716 3152 quo
741 3058 910 3132 accusavi
935 3064 972 3133 te
997 3060 1147 3155 angelis,
1173 3060 1260 3155 quia
1291 3069 1352 3135 loa
1375 3066 1570 3157 confession

400 3180 544 3251 convica
574 3196 668 3252 esser
702 3180 888 3267 conpiano
917 3199 941 3250 o
967 3184 1065 3252 tanto
1089 3200 1231 3273 accarca,
1256 3189 1299 3255 nt
1323 3181 1569 3277 promerearis

399 3296 677 3371 absolutionem.
691 3301 839 3370 -Ενα,
857 3297 922 3372 Hic
944 3306 1051 3392 poeta
1071 3300 1172 3393 ponit
1188 3301 1360 3376 ellectum
1388 3301 1570 3396 petitionis

398 3416 584 3510 Bcatricis,
617 3416 753 3492 scilicet
789 3439 895 3492 suam
933 3419 1198 3517 contusionem,
1230 3422 1372 3498 dicens:
1408 3427 1460 3497 Lo
1497 3424 1570 3495 mio

400 3532 508 3627 cord,
534 3535 635 3629 idest,
661 3536 820 3630 potentia
845 3537 990 3632 animae,
1008 3560 1073 3612 ero
1090 3546 1186 3614 moto
1204 3546 1364 3637 comosa,
1382 3542 1515 3616 timore
1532 3547 1569 3614 ct

397 3658 538 3754 pudore
562 3657 781 3751 praecedenti
806 3665 844 3732 et
865 3660 1184 3754 praesentante
1205 3685 1286 3736 voce
1304 3667 1337 3736 ci
1357 3684 1481 3753 morse,
1503 3681 1570 3755 pro

398 3777 660 3873 respondendo,
687 3799 705 3850 c
729 3781 761 3851 st
784 3800 917 3871 mense,
944 3778 1045 3873 idest
1072 3788 1108 3854 et
1134 3789 1282 3856 mortua
1305 3790 1371 3876 est,
1392 3781 1479 3876 qnia
1504 3781 1570 3855 de-

397 3899 492 3994 iecit,
514 3901 600 3992 pria
625 3901 683 3972 circ
707 3900 807 3989 copti
830 3903 961 3990 organi
984 3904 1073 3991 suoi,
1098 3922 1184 3995 quae
1201 3909 1287 3975 sunt
1302 3901 1408 3997 labia,
1428 3902 1565 3998 lingua,

396 4019 535 4113 donico,
560 4019 736 4115 palatum,
761 4026 890 4117 guttur
916 4026 953 4094 et
978 4021 1115 4115 pulmo,
1139 4024 1234 4115 [occe
1258 4024 1444 4111 ddrcdiusa,
1464 4022 1566 4127 idest,

398 4141 546 4215 exclusa
563 4131 598 4233 (²)
622 4146 660 4214 et
684 4160 866 4235 expressa.
886 4142 929 4215 Et
946 4141 1067 4215 subdit
1086 4141 1358 4236 replicationem
1380 4141 1566 4235 Beatricis‚
1681 4188 1685 4195 -

396 4258 541 4335 dicens:
574 4281 667 4352 poco
699 4265 857 4353 sollerte,
886 4260 988 4354 idest,
1021 4261 1245 4355 expectavit3
1275 4266 1337 4354 poi
1367 4264 1568 4335 ostresele

390 4386 525 4473 peccet
550 4380 654 4474 quasi
679 4380 791 4455 dicat:
818 4380 877 4454 iric
914 4402 986 4455 non
1011 4387 1066 4455 est
1097 4402 1192 4475 opus
1221 4381 1451 4478 cogitatione,
1478 4380 1565 4475 quia

397 4521 470 4574 non
495 4501 607 4575 habes
633 4500 700 4575 nisi
724 4500 848 4575 dicere
873 4500 941 4595 sic3
967 4504 1128 4594 rirpondi
1152 4523 1177 4573 a
1202 4522 1277 4595 me;
1298 4509 1335 4575 et
1359 4522 1407 4575 ne
1431 4502 1565 4577 nantes

395 4621 506 4716 possit
530 4620 652 4695 dicere
676 4620 770 4695 sicut
795 4620 1042 4695 communiter
1066 4620 1193 4701 dicunt
1221 4621 1389 4695 homines
1418 4622 1566 4715 quando

396 4741 651 4837 increpantur:
678 4760 748 4837 ego
769 4761 842 4814 non
863 4741 1054 4835 recordor3
1077 4741 1161 4816 dicit
1179 4740 1336 4837 Bcatrix,
1354 4742 1424 4815 hoc
1436 4731 1473 4834 (³)
1494 4763 1566 4816 non

395 4859 525 4935 accidit
549 4859 586 4932 in
612 4880 657 4933 eo
682 4880 729 4933 ex
761 4858 953 4934 oblivione.
980 4860 1083 4935 Unde
1113 4860 1215 4935 dicit:
1248 4857 1311 4935 cle*
1342 4864 1373 4934 le
1403 4865 1567 4936 menone

459 5043 486 5105 (¹)
501 5044 538 5093 Lo
553 5042 642 5107 parole
658 5042 699 5093 ira
714 5042 723 5093 l
739 5044 790 5093 dne
805 5042 937 5094 arterisclri
953 5057 1016 5094 sono
1033 5046 1144 5109 snpplite
1160 5045 1229 5110 dagli
1244 5046 1304 5096 altri
1321 5051 1361 5097 tre
1376 5044 1472 5095 Codici.

459 5118 486 5181 (²)
503 5122 556 5179 117,
575 5116 695 5169 disclusa.
943 5117 971 5182 l')
988 5122 1042 5182 tir,
1059 5121 1129 5185 quod
1145 5122 1205 5172 hoc.

528 5226 565 5270 iv.
1406 5227 1432 5272 1⁶
