4575 6842
830 968 971 1025 murus
993 970 1164 1025 ocruvus.
1513 958 1582 1025 491
1620 1002 1624 1011 -

412 1140 432 1190 e
456 1120 494 1190 lu
517 1116 607 1189 bellu
631 1117 832 1203 Tameia,
851 1115 954 1210 idest,
974 1115 1094 1190 Sicilia
1112 1135 1200 1191 rere
1217 1115 1439 1209 pulcerrima
1456 1123 1494 1190 et
1512 1116 1587 1191 ier-

413 1236 576 1311 tilissima
601 1235 818 1329 insularum,
836 1236 888 1338 sic
907 1236 995 1310 olim
1021 1234 1116 1308 dicta
1141 1255 1164 1309 a
1190 1234 1306 1309 tribus
1325 1234 1586 1329 promontoriis

415 1357 568 1454 magnis,
580 1356 716 1446 scilicet
731 1355 902 1451 Lilybeo,
919 1354 1091 1448 Pacbino,
1110 1355 1265 1449 Pelloro,
1285 1355 1382 1431 unde
1399 1363 1453 1431 est
1471 1358 1585 1431 triau-

412 1478 551 1573 gulata,
568 1480 628 1551 cle
642 1479 773 1568 cadpu,
793 1475 896 1570 idest,
914 1476 1136 1551 obscuratur
1161 1475 1263 1551 lumo
1283 1475 1413 1569 AEtnae,
1433 1484 1471 1551 et
1491 1478 1585 1551 lorte

411 1597 609 1691 aliquando
634 1617 708 1672 nou
732 1596 899 1690 fumabit,
923 1616 1035 1689 sopra
1050 1598 1077 1669 'l
1097 1598 1208 1689 pulso,
1234 1594 1336 1689 idest,
1364 1616 1467 1670 mare
1488 1596 1585 1671 sicu-

413 1718 504 1811 lum,
529 1720 589 1790 olle
612 1720 724 1791 ricem
748 1719 797 1791 da
821 1722 932 1809 Erro,
961 1722 1071 1791 vento
1089 1714 1268 1809 orientali,
1286 1718 1452 1807 mappior
1468 1716 1584 1807 tripu,

413 1837 501 1931 quia
525 1837 657 1933 saepius
676 1845 890 1912 commoret·
903 1837 950 1912 ibi
969 1842 1235 1932 tempestatem.
1254 1837 1298 1909 ttt
1315 1836 1475 1911 excludit
1495 1856 1586 1911 cau·

413 1978 494 2033 sam
526 1957 647 2033 liciam
681 1957 869 2054 assignans
901 1956 1080 2031 rationem
1114 1957 1322 2031 naturalem
1362 1964 1400 2031 et
1437 1955 1583 2030 dicens:

411 2098 486 2151 non
507 2099 573 2171 per
603 2080 710 2172 lisso,
738 2076 796 2151 vel
820 2077 1106 2170 iincbelandum,
1134 2085 1176 2151 ut
1199 2077 1258 2151 alii
1284 2076 1421 2171 dicunt,
1445 2077 1504 2151 vel
1529 2085 1585 2153 est

412 2218 511 2271 unus
536 2204 574 2271 et
598 2196 707 2289 idem,
732 2218 792 2269 mu
813 2218 881 2289 per
904 2206 1067 2292 moenie
1089 2198 1194 2291 solso,
1223 2217 1419 2271 accensum
1455 2198 1583 2290 ventis,

411 2320 523 2391 uccesi
545 2317 706 2407 avr-etto,
732 2315 836 2409 idest,
855 2316 1081 2391 accendisset
1104 2317 1152 2391 ad
1176 2337 1355 2411 amorem,
1375 2317 1433 2393 vel
1450 2338 1584 2391 secun-

411 2435 501 2510 dum
527 2436 636 2510 aliam
667 2436 824 2529 literam,
856 2438 957 2509 atesi
985 2437 1146 2526 ceretto,
1172 2435 1263 2511 idest
1294 2444 1533 2531 expectasset,
1560 2440 1585 2511 t·

410 2559 488 2634 moi
511 2560 588 2647 repr·
612 2577 760 2647 ancora,
786 2556 889 2649 idest,
914 2577 1145 2633 successores
1172 2578 1285 2651 meos,
1302 2561 1378 2631 uati
1388 2578 1457 2650 per
1476 2560 1584 2631 medi

415 2679 536 2768 carlo,
562 2677 649 2771 quia
674 2677 828 2751 Carolus
853 2676 994 2771 primus
1019 2678 1087 2750 luit
1111 2698 1205 2751 avus
1231 2697 1347 2772 meus,
1365 2685 1403 2753 et
1428 2678 1581 2753 Carolus

412 2798 595 2873 secundus
619 2806 724 2894 pater
749 2818 868 2892 meus,
893 2805 931 2873 et
955 2818 1025 2894 ego
1051 2799 1208 2873 inissem·
1226 2798 1355 2873 tertius
1380 2800 1535 2874 Carolus
1552 2799 1580 2872 si

410 2918 695 3014 supervixissem
721 2918 815 3014 patri
841 2938 937 3012 meu,
954 2921 1027 2991 edi
1043 2921 1196 3012 Ridulso,
1222 2919 1455 3013 imperatore,
1478 2926 1583 3015 patre

410 3039 621 3114 Clementiae
648 3038 775 3113 uxoris
800 3058 905 3112 meae.
931 3038 1222 3133 lucustarum
1253 3040 1407 3114 Carolus
1440 3041 1581 3135 primus

410 3158 532 3233 adbuc
557 3159 727 3253 sperabat
751 3158 823 3235 alia
848 3158 924 3233 duo
950 3179 1075 3255 regna,
1100 3158 1236 3233 scilicet
1261 3160 1581 3255 constantinopoli-

410 3284 540 3354 tanum
565 3286 604 3353 et
628 3300 713 3354 cum
741 3279 802 3354 illo
828 3279 1204 3375 hierosolymitanum,
1229 3279 1276 3355 de
1300 3299 1375 3374 quo
1400 3283 1580 3377 oratiam

410 3399 587 3494 titulatus,
600 3399 666 3473 nisi
681 3400 808 3475 suisset
820 3401 917 3474 mala
929 3399 1140 3492 dominatio,
1155 3401 1329 3475 utstatim
1348 3402 1583 3495 sequitur.-

407 3521 453 3591 Se
477 3520 584 3591 mala.
611 3518 677 3593 Hic
693 3518 879 3593 Martellus
904 3518 1008 3611 quasi
1024 3518 1225 3614 incidenter
1242 3520 1356 3616 tangit
1374 3520 1578 3595 mirabilem

409 3638 538 3713 Siciliae
564 3639 813 3734 rebellionem,
839 3646 915 3714 tam
937 3640 1116 3715 memoria
1136 3660 1247 3733 quam
1267 3640 1508 3715 admiratione
1524 3640 1579 3715 di-

407 3780 535 3855 guam3
549 3780 634 3854 quae
651 3760 813 3835 breviter
829 3759 1109 3856 substringenda
1122 3767 1179 3833 est
1192 3766 1270 3833 tum
1285 3761 1331 3835 ad
1345 3753 1576 3855 posterorum

407 3881 633 3975 exemplum,
651 3888 731 3961 tum
756 3879 803 3954 ad
829 3879 1184 3955 commendationem
1203 3880 1314 3954 unius
1338 3881 1405 3955 viri
1425 3902 1577 3978 magna-

408 4000 508 4074 nimi.
535 4001 718 4075 lohannes
742 4020 832 4095 ergo
856 3999 903 4074 de
928 3998 1091 4105 Procida,
1118 4019 1203 4093 quae
1233 4006 1290 4073 est
1322 4020 1435 4093 parra
1461 4001 1579 4105 insula

407 4119 445 4193 in
471 4120 565 4193 mari
590 4120 832 4215 neapolitano,
862 4119 949 4193 olim
974 4118 1139 4192 notarius
1172 4119 1358 4213 Manlredi,
1385 4120 1441 4193 vir
1472 4142 1580 4218 saga·

370 4282 380 4295 ·
406 4238 574 4315 sissimus
600 4240 803 4332 bominum,
829 4244 948 4313 tactus
971 4236 1086 4312 atroci
1112 4238 1244 4311 iniuria
1262 4258 1408 4313 vesane
1427 4238 1579 4313 libidinis

406 4359 619 4435 francorum
650 4359 687 4433 in
723 4379 843 4434 uxore
871 4379 950 4452 sua,
976 4378 1056 4432 rem
1087 4356 1288 4452 prudenter
1319 4356 1578 4453 dissimulavit3

406 4481 577 4556 simulata
608 4479 818 4573 aliquandiu
849 4478 952 4575 prius
977 4478 1121 4573 publice
1151 4476 1334 4552 dementia
1365 4485 1403 4551 et
1432 4486 1577 4552 servata

405 4603 597 4679 occasione
621 4600 807 4695 temporis,
841 4620 943 4695 cum,
962 4598 1181 4692 quibusdam
1209 4598 1422 4694 proceribus
1448 4596 1576 4673 Sicilire

405 4722 533 4797 babuit
557 4720 778 4795 claudestina
803 4718 1007 4813 colloquia:
1035 4724 1072 4793 et
1103 4718 1199 4791 sicut
1228 4724 1308 4793 erat
1333 4718 1389 4791 vir
1417 4718 1576 4812 prudens

404 4844 442 4915 et
458 4844 587 4933 potens
606 4840 643 4912 iu
664 4858 777 4933 opere
793 4844 830 4913 et
850 4858 1033 4931 sermone,
1051 4843 1149 4912 totus
1166 4836 1334 4912 Mercurii
1353 4838 1460 4929 iilius,
1480 4840 1577 4914 mul·

405 4968 530 5036 torum
556 4959 699 5034 animos
722 4958 768 5032 ad
794 4980 905 5031 suum
925 4958 1151 5053 propositum
1176 4959 1370 5034 inclinavit.
1391 4959 1434 5031 Et
1453 4960 1579 5035 volens

405 5081 566 5175 incipere
589 5100 613 5153 a
637 5079 766 5174 capite,
787 5078 906 5173 primo
923 5077 1074 5153 accessit
1098 5079 1144 5152 ad
1166 5066 1355 5155 Nicolaum
1373 5081 1510 5176 Papam
1530 5080 1575 5153 111
