4575 6842
822 979 961 1034 cunnus
985 978 1165 1045 ouanrus.
1505 969 1577 1036 385

405 1121 677 1197 commendavit
701 1121 916 1217 Boatricom‚
943 1143 1028 1217 quae
1054 1101 1178 1218 postea
1204 1123 1406 1200 declaravit
1422 1127 1489 1202 sibi
1506 1129 1577 1203 alia

404 1240 527 1335 dubia,
545 1242 639 1316 sicut
664 1247 763 1336 patet
788 1242 823 1316 in
850 1242 922 1318 line
946 1243 1104 1340 capituli.
1133 1245 1177 1316 Et
1201 1243 1342 1319 subdit:
1360 1250 1498 1340 adraso,
1519 1249 1577 1322 illa

404 1361 563 1455 Beatrix,
588 1365 623 1434 io
650 1364 771 1451 nennio
797 1363 861 1434 den
884 1383 981 1436 come
1006 1367 1032 1437 tl
1056 1369 1140 1455 tiro,
1158 1366 1217 1438 vel
1238 1366 1443 1441 secundum
1468 1369 1577 1444 aliam

405 1481 566 1575 literam,
585 1484 672 1554 ct’a
698 1501 751 1554 me
776 1485 802 1555 n·
825 1484 896 1554 lira
921 1485 1005 1559 tun
1030 1505 1049 1556 a
1073 1487 1203 1558 l’oltro
1227 1487 1332 1576 damu,
1353 1487 1455 1581 idest,
1481 1487 1578 1562 desi·

404 1601 548 1676 dorium
575 1599 769 1694 utriusque
793 1601 893 1676 dubii
910 1602 1131 1696 declarandi,
1150 1596 1181 1677 ri
1197 1607 1258 1677 clrc
1274 1612 1335 1679 tua
1354 1627 1457 1697 rura,
1474 1607 1576 1701 idest,

404 1718 618 1812 sollicitudo,
644 1719 721 1794 sivo
747 1720 917 1816 cogitatio
949 1743 1034 1817 quae
1064 1723 1138 1796 urit
1164 1744 1229 1798 cor
1256 1731 1377 1818 tuum,
1402 1723 1442 1800 re*
1469 1734 1578 1799 aleran

404 1842 494 1932 lenm
522 1839 616 1914 intra
644 1845 817 1934 mentem,
843 1833 886 1931 sl,
904 1844 963 1916 cde
976 1845 1063 1936 soor
1078 1863 1152 1916 noa
1168 1847 1282 1936 apta,
1300 1865 1368 1938 per
1392 1865 1575 1940 organum

376 1951 378 1958 ¹
403 1961 497 2035 vivae
518 1960 690 2036 vocis-
707 1967 766 2036 Ta.
786 1960 850 2036 llic
868 1962 1012 2036 Beatrix
1033 1983 1206 2058 expresso
1225 1965 1340 2060 tangit
1358 1965 1434 2059 ipsa
1453 1967 1577 2059 dubia,

402 2088 440 2156 et
472 2081 593 2176 primo
623 2082 795 2176 primum,
828 2082 961 2177 dicens,
993 2089 1042 2158 lit
1067 2087 1278 2176 ornamenti,
1308 2085 1411 2179 idest,
1437 2087 1575 2182 arguis,

401 2223 438 2274 re
455 2204 481 2276 't
503 2201 595 2274 buon
630 2205 726 2274 noter
758 2205 865 2295 dura,
894 2203 995 2298 idest,
1030 2205 1058 2277 si
1089 2204 1261 2279 voluntas
1292 2213 1505 2300 perseverat
1538 2207 1575 2280 iu

401 2320 499 2396 bono
523 2321 720 2416 proposito,
746 2325 783 2396 tn
808 2325 967 2396 molem
986 2326 1106 2418 altrat,
1128 2325 1279 2400 veniens
1303 2326 1350 2398 ab
1376 2332 1494 2420 extra,
1506 2347 1576 2417 per

285 2426 288 2434 ’
400 2445 670 2534 quarantene,
696 2443 800 2537 quasi
826 2443 934 2537 dicat,
959 2464 1033 2518 non
1059 2445 1166 2520 video
1191 2466 1354 2540 causam,
1382 2450 1432 2519 mi
1460 2467 1577 2520 creora

401 2566 438 2636 tu
455 2566 588 2638 mirina
604 2566 663 2638 del
676 2565 867 2637 meritare?
882 2563 984 2657 idest,
1006 2585 1123 2657 quaro
1142 2564 1313 2639 diminuit
1326 2559 1364 2657 (¹)
1384 2566 1471 2640 milri
1495 2561 1576 2641 mo-

400 2683 489 2758 dum
518 2685 635 2760 meriti
661 2689 699 2760 ot
729 2684 1008 2759 minorationem
1042 2687 1195 2780 praemii,
1221 2686 1315 2761 sicut
1346 2687 1485 2761 dictum
1519 2693 1576 2762 est

400 2802 446 2877 de
458 2803 663 2879 Constantia
681 2811 719 2879 et
732 2805 930 2879 Piclrarda‘l
946 2806 989 2879 Et
1006 2806 1121 2902 tangit
1131 2798 1168 2898 (²)
1183 2806 1387 2881 secundum
1402 2807 1570 2903 dubium,

399 2922 542 2998 dicens:
567 2941 692 3014 aanor,
717 2923 820 3018 idest,
847 2929 1036 3019 praeterea,
1063 2928 1101 3000 di
1124 2927 1264 3000 dulim
1290 2929 1316 2999 ti
1339 2917 1388 2999 nd
1413 2930 1573 3019 cantone,

400 3043 502 3136 idest,
516 3050 642 3118 causat
655 3045 718 3118 tibi
731 3046 933 3119 secundum
951 3045 1118 3140 dubium,
1130 3067 1243 3138 parer
1258 3051 1416 3120 torrrarrr'
1433 3050 1573 3121 ianime

398 3167 467 3238 ulle
490 3166 595 3258 stelle,
614 3185 637 3239 a
655 3165 789 3259 quibus
816 3171 1008 3256 venerunt,
1024 3169 1174 3238 recondo
1191 3169 1228 3238 la
1248 3173 1414 3255 senonen
1430 3169 1468 3240 di
1486 3171 1572 3241 Pta-

399 3291 491 3379 tone‚
510 3273 613 3378 idest,
630 3284 729 3378 quod
754 3283 1126 3379 altestaturopinioni
1149 3284 1319 3379 Platonis,
1345 3291 1384 3360 ot
1407 3291 1464 3360 est
1488 3305 1572 3359 sen-

397 3404 510 3479 tentia
534 3403 685 3478 diffinita
699 3393 735 3495 (³)
763 3403 876 3477 animi
894 3404 1062 3478 voluntas
1079 3405 1214 3499 scripto
1231 3405 1289 3478 vel
1308 3425 1398 3479 roco
1415 3405 1569 3500 prolata.

397 3527 441 3600 Et
465 3523 647 3599 concludit
672 3523 836 3598 Beatrin:
863 3529 976 3615 queso
1005 3545 1071 3598 son
1096 3529 1127 3599 lc
1151 3528 1301 3616 quadan
1330 3528 1390 3598 cte
1413 3533 1572 3618 pontano

396 3648 602 3737 lynulmcrrtc
626 3647 869 3738 calmonte,
889 3643 992 3738 idest,
1010 3665 1094 3738 quae
1112 3651 1286 3741 premunt
1308 3645 1446 3739 pariter
1466 3651 1570 3719 tuam

397 3767 635 3861 voluntatem,
661 3787 679 3840 e
700 3758 789 3858 perd
806 3768 892 3858 pria
916 3760 1061 3837 notarri
1081 3767 1208 3858 quella,
1229 3765 1375 3860 scilicet,
1397 3765 1572 3859 quaestio-

398 3905 482 3961 nem
507 3885 720 3979 secundam,
737 3889 796 3958 cle
808 3879 870 3976 piri
890 3887 937 3956 lla
961 3886 999 3957 di
1019 3885 1112 3977 selle,
1131 3885 1217 3978 quia
1237 3893 1359 3979 posset
1384 3905 1570 3960 venenare

397 4007 563 4082 animum
591 4015 710 4080 tuum.

470 4130 533 4201 Del
551 4129 699 4220 serafin.
726 4127 795 4200 lsta
821 4131 876 4200 est
901 4124 1061 4199 soconda
1088 4143 1171 4218 pars
1196 4125 1390 4220 generalis,
1422 4125 1460 4199 in
1493 4144 1567 4218 qua

397 4247 542 4322 Beatrir
568 4247 731 4322 breviter
757 4252 793 4321 et
818 4245 918 4320 clare
937 4244 1045 4319 solvit
1062 4243 1265 4318 secundum
1291 4245 1444 4318 dubium
1471 4243 1569 4340 peri·
1621 4316 1627 4331 ,

397 4367 575 4461 culosius3
601 4373 639 4441 et
658 4366 754 4458 dicit,
773 4366 871 4460 quod
889 4386 1018 4441 omnes
1035 4365 1144 4460 beati,
1162 4365 1240 4440 sive
1256 4365 1389 4462 angeli,
1406 4364 1484 4438 sive
1502 4366 1569 4438 lro-

396 4486 513 4561 mines
534 4487 670 4562 habeut
694 4506 800 4558 sunm
828 4485 950 4559 sedem
978 4485 1015 4559 in
1041 4486 1135 4560 coelo
1157 4504 1349 4580 empyreo3
1366 4484 1431 4558 sed
1447 4483 1571 4557 diver-

396 4605 482 4681 sitas
499 4606 567 4682 loci
584 4606 668 4680 lacit
685 4606 832 4700 signum
850 4605 1064 4680 differentiae
1081 4605 1218 4702 gloriae.
1238 4605 1329 4680 llicit
1346 4625 1454 4700 ergo:
1472 4606 1571 4677 colui

396 4729 449 4800 dd
466 4730 618 4820 serafin,
650 4725 752 4818 idest,
786 4725 846 4799 ille
876 4724 1030 4820 angelus
1055 4725 1101 4800 de
1134 4724 1263 4800 ordine
1286 4723 1566 4819 seraphinorum

396 4849 459 4941 qui
485 4847 616 4922 ardent
640 4865 769 4919 amore
795 4845 870 4938 Dei,
887 4847 947 4918 cle
964 4840 1025 4937 piri
1050 4837 1201 4936 r’trrdtm
1223 4846 1325 4939 idest,
1346 4843 1464 4940 magis
1480 4863 1570 4918 con-
1679 4927 1683 4935 ¹

458 5110 486 5174 (¹)
504 5116 526 5171 l,
544 5110 645 5160 minuit.
771 5108 798 5171 (¹)
815 5109 846 5160 E.
862 5109 896 5159 Et
912 5108 999 5158 subdit
1013 5108 1165 5158 secundum.
1290 5107 1319 5170 (¹)
1334 5108 1365 5158 B.
1381 5107 1520 5158 delinitira.

531 5217 569 5260 IV.
1406 5215 1433 5257 2⁶
