4575 6842
704 975 773 1043 166
865 959 932 1049 J
1064 949 1271 1044 compuri
1295 987 1514 1043 rununroau
1632 963 1654 996 ¹

700 1153 782 1209 esse
799 1131 895 1206 illud
918 1132 1020 1226 quod
1039 1132 1168 1208 iestire
1185 1133 1276 1209 dixit
1294 1132 1443 1229 quidam
1461 1132 1499 1206 in
1516 1131 1874 1210 commendationem

699 1253 797 1328 eius:
814 1253 958 1328 dicebat
967 1252 1074 1328 enim
1088 1253 1189 1346 quod
1205 1254 1353 1348 quando
1369 1253 1505 1327 [lantes
1521 1251 1642 1347 primo
1658 1255 1816 1348 parabat
1834 1275 1874 1330 se
1941 1277 1946 1286 ’

550 1371 553 1376 ’
699 1373 746 1450 ad
768 1373 1000 1448 condendum
1018 1381 1096 1448 tam
1113 1374 1236 1449 nobile
1255 1393 1400 1470 poema,
1413 1393 1545 1448 omnes
1566 1374 1729 1471 rhythmi
1749 1376 1876 1450 mundi

698 1500 957 1590 presentarunt
972 1514 1014 1569 se
1026 1487 1236 1590 conspectui
1254 1494 1333 1568 eius
1351 1501 1547 1589 tamquam
1563 1495 1798 1590 pulcerrima,
1809 1496 1876 1572 do·

699 1613 854 1688 micellae
877 1615 1088 1710 suppliciter
1113 1621 1285 1712 rogantes
1313 1615 1479 1712 singulae,
1505 1619 1548 1688 ut
1567 1614 1784 1712 dignaretur
1808 1618 1874 1693 ad·

699 1733 848 1808 mittere
872 1734 949 1808 illas
974 1734 1130 1808 libenter
1146 1735 1184 1808 in
1201 1754 1314 1831 opere
1338 1741 1451 1810 tanto.
1469 1735 1516 1809 ht
1533 1735 1593 1810 ille
1610 1736 1720 1832 coepit
1740 1745 1875 1812 vocare

698 1855 799 1929 nunu
823 1855 941 1948 istam,
966 1875 1067 1928 nunc
1091 1854 1203 1949 illam,
1225 1862 1263 1931 et
1288 1849 1595 1951 unamquamque
1615 1856 1651 1933 in
1669 1857 1798 1934 ordine
1814 1879 1874 1934 se-

699 1974 862 2048 cuudum
880 1973 1102 2070 exigentiam
1121 1975 1287 2051 materiae
1308 1976 1509 2072 collocare3
1529 1977 1688 2073 taudem,
1715 1977 1809 2054 libro
1826 1979 1873 2054 ad

699 2094 784 2168 felix
801 2084 1113 2188 complementum
1128 2095 1319 2190 perducto,
1334 2096 1434 2170 nulla
1449 2104 1679 2172 remanserat
1692 2089 1730 2190 (⁴)
1749 2104 1872 2200 extra:

698 2213 768 2286 sub
793 2214 863 2287 hoc
888 2212 1017 2286 curiali
1034 2213 1130 2288 dicto
1149 2214 1276 2290 volens
1292 2215 1499 2310 ostendere,
1517 2215 1617 2311 quod
1637 2216 1784 2291 videtur
1805 2216 1875 2291 im·

697 2333 868 2428 possibile
880 2339 1107 2429 extorquere
1116 2326 1153 2427 (²)
1165 2337 1380 2432 rhythmum
1394 2336 1564 2410 Danti—
1574 2343 1634 2410 itt.
1648 2337 1753 2412 Nune
1768 2345 1875 2433 poeta

697 2453 892 2529 confirmat
917 2454 1054 2529 dictum
1081 2477 1193 2530 suum
1211 2457 1389 2532 extollens
1406 2457 1660 2532 excellentiam
1688 2457 1792 2533 istius
1808 2459 1875 2535 do-

698 2574 819 2668 minae,
850 2595 962 2670 quam
994 2575 1169 2651 assimilat
1198 2577 1284 2652 beae
1316 2576 1462 2652 habenti
1490 2577 1625 2652 multas
1649 2575 1705 2652 et
1719 2599 1874 2676 magnas

698 2695 852 2770 virtutes
878 2695 915 2769 in
940 2715 1054 2791 opere
1078 2716 1158 2770 suo.
1177 2697 1221 2770 Et
1237 2697 1283 2771 ad
1301 2696 1576 2794 intelligentiam
1594 2697 1697 2773 istius
1722 2719 1874 2795 compa-

700 2803 850 2890 rationis
875 2815 978 2890 fortis
1003 2823 1058 2892 est
1082 2816 1203 2912 primo
1224 2817 1424 2911 sciendum,
1443 2818 1542 2912 quod
1559 2819 1681 2914 Ceres,
1700 2827 1741 2894 ut
1759 2819 1871 2914 aliqui
1919 2832 1921 2837 ’

697 2935 934 3031 scripserunt,
961 2937 1029 3011 init
1054 2937 1300 3016 vetustissima
1317 2939 1518 3013 siculorum
1538 2938 1678 3036 regina,
1699 2961 1784 3036 quae
1802 2941 1873 3014 mi-

697 3055 802 3129 rabili
835 3055 983 3153 iugenio
1014 3057 1133 3153 prima
1169 3057 1389 3155 excogitavit
1419 3059 1605 3134 culturam
1637 3065 1747 3134 terrae
1784 3080 1871 3136 cum

696 3175 815 3250 bobus
839 3175 985 3251 domitis
1010 3183 1049 3253 et
1072 3184 1215 3273 aratr03
1242 3198 1327 3274 quae
1351 3177 1400 3252 ob
1427 3185 1503 3253 tam
1527 3178 1714 3275 singulare
1732 3201 1871 3256 munus

696 3295 835 3370 credita
859 3301 915 3370 est
939 3295 1169 3392 immortalis,
1201 3304 1239 3372 et
1267 3297 1397 3373 divinis
1427 3298 1643 3373 honoribus
1661 3300 1870 3376 sublimata.

696 3415 783 3488 Haec
807 3420 933 3490 autem
957 3415 1069 3492 Ceres
1085 3417 1218 3492 dicitur
1236 3416 1407 3492 habuisse
1424 3417 1571 3492 unicam
1591 3417 1702 3493 liliam
1719 3419 1874 3495 Proser-

696 3534 833 3630 pinam,
860 3555 974 3628 quam
999 3559 1022 3613 a
1047 3537 1204 3612 Plutone
1225 3544 1367 3633 raptam
1387 3544 1508 3613 mater
1532 3538 1595 3612 diu
1621 3539 1789 3633 quesivit
1808 3559 1872 3614 ac·
2004 3601 2006 3606 .

696 3655 814 3730 censis
843 3655 1003 3750 lacibus3
1033 3665 1071 3732 et
1104 3664 1186 3753 post
1216 3658 1344 3755 longos
1376 3658 1521 3734 labores
1550 3659 1649 3734 illam
1685 3666 1870 3755 repertam

696 3777 930 3870 recuperavit
954 3798 1041 3851 cum
1067 3784 1175 3873 pacto
1204 3778 1304 3873 quod
1336 3799 1400 3854 sex
1432 3779 1621 3855 mensibus
1651 3787 1746 3856 esset
1770 3779 1869 3876 apud

696 3915 860 3991 superos,
886 3903 924 3973 et
948 3899 1098 3973 totidem
1125 3899 1223 3993 apud
1249 3898 1401 3973 interos:
1430 3898 1569 3975 invenit
1597 3907 1723 3975 autem
1752 3901 1867 3997 ipsam

695 4015 733 4088 in
755 4015 873 4090 Sicilia
892 4017 1000 4112 juxta
1025 4024 1191 4093 montem
1210 4019 1369 4094 AEtnam.
1388 4020 1490 4094 Hanc
1514 4039 1595 4094 rem
1613 4020 1764 4096 Ovidius
1784 4041 1871 4098 ver-

694 4130 830 4210 borum
863 4138 1038 4236 prodigus
1069 4138 1229 4213 multum
1265 4141 1338 4215 late
1372 4139 1542 4215 describit
1577 4141 1615 4215 in
1648 4141 1798 4239 Maiori;
1832 4152 1870 4220 et

694 4255 916 4331 Claudianus
941 4258 1103 4352 placidus
1129 4263 1236 4354 poeta
1260 4258 1308 4334 de
1332 4261 1403 4336 hoe
1423 4260 1508 4347 iacit
1529 4267 1726 4338 tractatum
1746 4263 1783 4336 iu
1800 4283 1870 4338 suo

686 4375 835 4470 Minori,
862 4396 973 4471 quem
1007 4397 1081 4452 uon
1114 4373 1312 4474 complevit
1325 4369 1376 4472 (³).
1408 4381 1525 4455 Huius
1557 4381 1711 4457 fictionis
1735 4383 1869 4479 duplex

694 4495 870 4592 allegoria
896 4496 1100 4573 invenitur:
1128 4519 1214 4590 una,
1240 4521 1354 4594 quarn
1380 4500 1562 4576 subtiliter
1586 4502 1780 4600 investigat
1797 4506 1871 4579 hla-
2006 4521 2009 4529 '

695 4615 853 4689 crobius.
880 4615 1013 4692 Scribit
1036 4619 1135 4693 enim
1161 4620 1337 4696 Cererem
1354 4640 1429 4694 non
1450 4640 1531 4696 esse
1547 4619 1646 4697 aliud
1664 4643 1779 4717 quam
1796 4631 1872 4699 ter-

696 4755 797 4830 ram3
825 4737 922 4813 unde
946 4737 999 4813 sic
1024 4740 1119 4816 dicta
1143 4747 1198 4815 est
1223 4741 1328 4835 quasi
1354 4761 1481 4815 creans
1509 4762 1592 4814 res:
1622 4761 1690 4837 per
1719 4743 1872 4820 Proser-

696 4854 818 4949 pinam
849 4877 939 4932 vero
971 4859 1087 4934 voluit
1120 4860 1316 4958 significari
1347 4860 1486 4957 lunam,
1523 4883 1608 4957 quae
1641 4861 1869 4959 diciturne,

758 5111 786 5174 (¹)
802 5113 834 5163 E.
850 5115 983 5166 mmsis.
1107 5116 1135 5181 θ)
1152 5121 1205 5179 117,
1222 5131 1296 5182 possa
1312 5123 1476 5185 extorquere.
1602 5119 1630 5186 (Ἴ
1645 5126 1700 5183 117,
1718 5121 1836 5186 perierit.
