4575 6842
810 918 948 975 camos
973 919 1157 974 sarrurus.
1504 902 1574 971 473

401 1064 483 1159 bus,
501 1068 575 1138 moi
588 1066 800 1160 suddissarc,
818 1065 1000 1161 superbiae
1025 1085 1113 1138 suae.
1134 1062 1177 1137 Et
1195 1062 1355 1160 assignat
1380 1063 1576 1156 rationem,

398 1207 465 1281 per
494 1206 566 1259 nou
593 1192 695 1278 poter
718 1188 754 1258 ir
777 1189 890 1277 pinso,
916 1184 1019 1280 idest,
1044 1184 1221 1260 inclinare
1246 1205 1297 1279 se,
1318 1207 1384 1259 con
1408 1187 1575 1275 cmiitute,

401 1313 528 1381 contra
554 1303 777 1399 superbiam,
804 1305 1002 1378 obbedeudo
1024 1306 1099 1396 poi,
1125 1311 1252 1378 contra
1279 1304 1576 1399 inobedientiam,

329 1491 337 1502 Ι
401 1432 532 1519 pacato
555 1428 660 1498 intere
683 1426 718 1497 ir
742 1444 824 1497 suso
849 1423 1110 1516 disubdtdcndo,
1136 1423 1223 1518 quia
1251 1424 1364 1497 voluit
1389 1424 1483 1498 scire
1508 1425 1577 1499 bo-

402 1567 493 1621 num
519 1551 557 1620 et
583 1544 722 1618 maium
750 1544 843 1619 sicut
868 1545 976 1619 Deus.
1002 1546 1046 1619 Et
1070 1545 1130 1619 bic
1156 1551 1242 1619 uota
1273 1544 1379 1639 quod·
1405 1546 1495 1653 pari¹
1515 1567 1576 1620 ra-

390 1666 502 1741 ·tioue
526 1659 680 1762 angelus
706 1685 779 1738 non
805 1670 949 1761 poterat
973 1686 1053 1740 esse
1084 1672 1275 1761 reparator
1301 1664 1467 1759 bominis,
1490 1666 1576 1758 quia

401 1786 545 1884 primus
570 1786 722 1882 angelus
748 1784 863 1859 voluit
887 1786 1046 1881 superbe
1072 1786 1151 1860 fieri
1177 1786 1302 1860 similis
1323 1785 1515 1860 ditissimo.
1534 1784 1578 1859 Et

403 1907 508 1982 dicit:
534 1929 553 1979 e
577 1912 695 1998 questa
720 1902 741 1979 e*
764 1909 801 1979 ta
825 1909 968 1997 rapiam
994 1904 1096 2001 idest,
1123 1905 1328 2001 principalis
1354 1926 1478 1999 causa,
1491 1926 1578 1998 pcr-

403 2024 465 2100 cbc‘
487 2030 510 2099 τ’
522 2047 603 2099 uem
626 2030 686 2119 suc
709 2026 893 2119 dbcbiuso,
922 2025 1013 2099 idest
1045 2026 1217 2100 exclusus
1249 2031 1286 2099 et
1316 2032 1502 2120 exceptae,
1529 2028 1578 2098 do

400 2156 504 2241 poter
528 2148 710 2239 soddmsar
727 2167 796 2238 per
820 2142 870 2239 sd,
897 2145 999 2241 idest,
1020 2146 1167 2242 propria
1193 2146 1340 2240 virtute,
1357 2146 1443 2241 quia
1463 2147 1577 2220 homo

406 2288 479 2341 non
504 2272 649 2363 poterat
674 2285 896 2359 recuperare
918 2272 1054 2339 statum
1081 2264 1311 2360 innocentiae,
1337 2264 1404 2339 nisi
1430 2264 1577 2339 dimissa

403 2389 522 2484 culpa,
549 2408 662 2482 quam
689 2387 874 2461 dimittere
898 2407 972 2460 non
1004 2386 1161 2461 debebat
1190 2386 1310 2461 divina
1336 2386 1475 2482 justitia
1511 2386 1578 2461 nisi

403 2530 470 2602 per
498 2507 781 2582 satisfactionem
813 2506 1056 2603 condignam:
1089 2513 1125 2581 et
1155 2508 1240 2602 quia
1271 2508 1479 2583 satisfacere
1505 2529 1579 2582 non

403 2632 559 2723 poterat,
584 2627 651 2700 nisi
677 2627 774 2701 Deus
801 2648 868 2722 pro
895 2632 971 2700 toto
989 2628 1152 2701 humano
1168 2648 1319 2724 genere,
1336 2648 1404 2702 nec
1422 2628 1579 2703 debebat

402 2746 471 2821 nisi
497 2746 609 2822 bomo
635 2748 698 2841 qui
729 2754 964 2842 peccaverat;
990 2746 1071 2822 ideo
1105 2749 1477 2845 congruentissimum
1511 2748 1578 2823 iuit

404 2869 611 2942 humanum
633 2889 755 2965 ¹genus
781 2868 944 2963 reparari
971 2889 1036 2963 per
1061 2868 1179 2943 Deum
1199 2870 1398 2945 bominem.
1413 2876 1577 2945 -Dun-

404 3007 479 3082 pue.
506 2990 610 3063 Nunc
635 2988 766 3063 ultimo
790 2988 937 3063 Beatrix
962 2990 1112 3065 erciuso
1139 2990 1286 3066 bomine
1306 3011 1328 3066 a
1346 2992 1576 3086 reparatione

404 3110 587 3185 concludit
612 3110 709 3204 quod
736 3110 834 3184 Deus
860 3110 986 3185 debuit
1004 3130 1085 3185 esse
1109 3118 1311 3206 reparator.
1337 3114 1381 3185 Et
1406 3114 1464 3187 bic
1489 3120 1576 3187 nota

291 3257 293 3261 ·
404 3230 504 3325 quod
528 3230 652 3304 nullus
677 3230 810 3304 modus
835 3236 916 3305 erat
946 3238 1021 3303 tam
1047 3230 1269 3305 conveniens
1301 3238 1337 3306 et
1367 3252 1577 3327 congruens

404 3358 596 3447 reparator
609 3343 660 3445 (¹),
673 3350 740 3424 nisi
766 3349 865 3445 quod
882 3351 981 3424 Deus
998 3350 1103 3425 fieret
1120 3352 1242 3424 bomo.
1261 3352 1353 3426 Nam
1372 3373 1457 3426 cum
1476 3352 1577 3448 priu-

404 3470 539 3567 cipium
566 3468 775 3545 effectivum
803 3491 931 3544 rerum
954 3489 1028 3543 non
1046 3470 1206 3566 potuerit
1224 3490 1291 3545 nec
1308 3471 1477 3546 debuerit
1497 3491 1578 3546 esse

403 3594 470 3667 nisi
497 3592 606 3686 Deus,
632 3598 669 3665 et
694 3611 767 3664 non
794 3591 916 3665 minus
932 3590 978 3664 sit
997 3610 1055 3665 res
1076 3591 1239 3665 conditas
1258 3612 1443 3687 reparare,
1463 3613 1576 3687 quam

404 3714 440 3787 in
466 3732 546 3787 esse
572 3710 787 3807 producere,
806 3710 899 3784 sicut
919 3730 993 3784 nou
1020 3708 1141 3783 minus
1162 3715 1217 3784 est
1235 3710 1329 3786 bene
1349 3733 1440 3806 esse,
1462 3733 1576 3806 quam

405 3832 614 3929 simpliciter
631 3852 731 3926 esse3
753 3831 1049 3906 decentissimum
1071 3829 1139 3904 suit
1158 3829 1374 3926 principium
1399 3832 1578 3928 reparati-

405 3976 494 4031 vum
521 3972 648 4027 rerum
675 3971 755 4028 esse
780 3951 898 4026 Deum
925 3972 1129 4044 summum,
1150 3957 1191 4023 ut
1212 3950 1306 4024 sicut
1331 3952 1454 4025 omnia
1472 3973 1577 4027 crea·

405 4082 512 4150 verat
537 4095 602 4169 per
628 4072 792 4147 Verbum
823 4072 1074 4166 *increatum
1105 4070 1157 4145 sic
1181 4070 1304 4145 omnia
1330 4079 1480 4147 curaret
1510 4096 1577 4169 per

404 4184 653 4286 Verbum*(²)
673 4192 917 4267 incarnatum.
944 4191 1036 4266 Dicit
1061 4212 1151 4288 ergo
1177 4190 1213 4264 in
1239 4191 1363 4266 litera:
1389 4197 1577 4285 Duuqueo

405 4320 475 4389 Dio
499 4317 668 4388 convenia
696 4317 847 4407 riparar
876 4317 1011 4387 inemo
1039 4334 1064 4385 α
1091 4333 1157 4387 sua
1183 4316 1254 4385 oita
1279 4314 1405 4408 intera,
1430 4314 1576 4411 scilicet,

404 4436 563 4530 beatam,
589 4456 655 4508 con
679 4437 711 4507 tc
733 4455 794 4507 sae
818 4436 883 4526 vie,
901 4455 984 4527 quae
1005 4440 1091 4507 sunt
1111 4434 1206 4527 duae,
1225 4432 1360 4507 scilicet
1374 4424 1423 4528 (³),
1436 4434 1577 4529 iustitia

406 4542 560 4650 tantum,
595 4556 652 4631 vel
689 4553 938 4629 misericordia
970 4562 1126 4648 tantum,
1158 4575 1265 4628 cover
1298 4576 1364 4627 con
1396 4555 1574 4653 ambcdue,

402 4677 494 4751 idest
519 4696 606 4751 cum
628 4674 768 4771 justitia
794 4680 830 4749 et
857 4673 1105 4747 misericordia
1130 4673 1250 4748 simul.
1270 4676 1313 4747 Et
1330 4676 1453 4750 subdit
1478 4678 1577 4772 quod

464 4834 493 4898 (¹)
509 4836 539 4886 Ε.
558 4836 722 4899 reparationi.

463 4909 492 4974 (¹)
507 4913 544 4961 Le
560 4913 648 4976 parole
665 4912 705 4962 ira
721 4912 729 4961 i
746 4912 797 4962 due
812 4911 945 4962 mmnscbi
961 4924 1008 4961 son
1024 4910 1136 4975 mpplite
1152 4910 1193 4961 dai
1209 4909 1297 4961 Codici
1314 4917 1329 4963 t
1344 4926 1360 4962 e
1377 4912 1492 4964 Ericusa.

465 4986 493 5050 (⁸)
508 4991 531 5047 t,
548 4986 647 5038 scilicet
662 4987 763 5052 justitia
782 4991 810 5037 et
829 4986 1016 5049 misericordia,
1037 4988 1096 5038 ideo
1121 4986 1201 5039 dicit:
1225 4988 1282 5039 dico
1297 5002 1345 5039 eeu
1360 4988 1378 5038 i'
1388 5002 1450 5047 una,
1467 4988 1575 5052 scilicet,

399 5064 500 5129 justitia
515 5067 624 5114 tantum.
