4575 6842
729 969 800 1054 376
1120 978 1324 1033 uouanruu
1349 980 1516 1033 urnaorsr

730 1147 807 1200 ram
834 1125 919 1200 dicit
950 1131 1076 1220 poeta:
1107 1123 1167 1200 illa
1201 1123 1391 1218 Picharda,
1423 1128 1473 1198 uti
1504 1128 1616 1200 disse
1641 1131 1791 1221 perfetta
1816 1131 1900 1217 mlo,

727 1247 875 1341 scilicet,
901 1244 1195 1340 contemplativa,
1212 1252 1246 1318 et
1267 1249 1340 1318 otto
1356 1248 1492 1338 meite,
1513 1244 1615 1339 idest,
1634 1267 1769 1342 magua
1788 1266 1900 1341 opera

728 1367 928 1461 meritoria,
954 1370 1092 1458 inoleta,
1118 1367 1221 1460 idest,
1247 1365 1400 1440 collocat
1416 1367 1455 1439 in
1471 1365 1566 1442 coelo
1589 1368 1625 1440 in
1652 1367 1721 1449 isto
1745 1388 1901 1462 corpore

728 1488 836 1577 lunae,
871 1489 1004 1579 donno
1032 1486 1179 1579 seilicet,
1205 1492 1368 1560 sanctam
1395 1486 1554 1579 Claram,
1576 1481 1638 1578 piri
1667 1507 1723 1580 ou,
1755 1487 1902 1581 seilicet,

727 1607 773 1681 ad
792 1607 969 1681 maiorem
988 1607 1142 1702 gloriam
1158 1627 1271 1698 quam
1286 1626 1346 1679 me
1360 1605 1587 1698 Piobardam,
1601 1608 1676 1679 ullo
1686 1610 1743 1680 nri
1758 1628 1900 1696 norma,

729 1728 832 1822 idest,
859 1729 1036 1824 regulam,
1061 1729 1202 1800 sivero
1226 1747 1246 1799 e
1271 1729 1360 1820 vela,
1380 1726 1567 1820 sciliceta
1590 1727 1821 1821 monialibus,
1840 1723 1902 1819 otri

728 1851 787 1921 nel
809 1854 928 1920 norbo
953 1851 1095 1940 mondo,
1121 1847 1267 1941 scilieet,
1295 1847 1452 1940 mortali,
1472 1852 1510 1922 et
1526 1849 1710 1943 praecipue
1730 1849 1767 1922 in
1787 1849 1898 1924 ltalia.

730 1971 839 2044 Beata
866 1989 1027 2063 namque
1048 1969 1155 2043 Clara
1172 1967 1302 2041 nobilis
1318 1987 1469 2064 genere,
1488 1968 1625 2044 virtute
1649 1976 1686 2043 et
1710 1969 1900 2043 sanctitate

728 2088 947 2163 venerabilis
972 2087 1116 2163 videtur
1141 2108 1320 2182 superare
1349 2088 1439 2163 alias
1470 2096 1615 2163 sanetas
1645 2089 1682 2163 in
1717 2089 1790 2164 vita
1816 2089 1899 2164 licet

730 2230 803 2283 non
821 2209 931 2282 luerit
953 2214 1106 2304 martyr,
1125 2207 1218 2282 sicut
1234 2208 1429 2283 Catberina
1446 2216 1484 2283 et
1502 2210 1639 2303 multae,
1657 2229 1742 2304 quae
1764 2231 1899 2306 magna

730 2329 1004 2404 materfamilias
1029 2329 1139 2403 traxit
1166 2336 1247 2424 post
1272 2349 1313 2404 se
1338 2337 1414 2402 tam
1447 2329 1598 2426 longum
1631 2331 1798 2406 ordinem
1823 2329 1898 2404 vir·

727 2451 867 2548 ginum.
894 2451 937 2523 Et
963 2470 1050 2526 ecee
1067 2471 1219 2525 oausam
1241 2449 1401 2543 finalem,
1414 2448 1545 2543 percat
1566 2454 1598 2524 si
1617 2455 1708 2542 aeoli
1723 2475 1742 2524 e
1758 2455 1901 2542 dmma,

728 2572 765 2645 in
791 2571 1107 2664 contemplatione,
1130 2573 1182 2663 fin
1206 2574 1245 2644 nt
1268 2573 1394 2663 morir,
1423 2571 1510 2666 quia
1541 2591 1615 2645 non
1645 2571 1709 2665 qui
1741 2571 1901 2665 inooepe-

729 2694 775 2767 rit
790 2686 841 2787 (¹),
866 2714 932 2766 con
958 2695 1069 2783 quello
1093 2713 1211 2785 sporo,
1242 2692 1387 2784 seilicet,
1419 2692 1581 2785 Cbristo;
1614 2713 1700 2766 nam
1737 2691 1902 2766 monialis

728 2821 783 2889 eat
816 2834 947 2909 sponsa
979 2811 1121 2906 Christi,
1147 2820 1185 2886 et
1209 2813 1260 2886 sic
1293 2813 1396 2906 peius
1426 2818 1481 2887 est
1511 2833 1642 2908 rapere
1674 2813 1732 2888 vel
1763 2813 1901 2888 violare

730 2933 926 3008 monialem
953 2953 1065 3026 quam
1087 2932 1307 3006 maritatam.
1326 2933 1370 3005 Et
1390 2933 1492 3006 dicit:
1510 2935 1653 3025 clr'ooni
1672 2942 1752 3007 voto
1772 2941 1902 3008 maela

728 3058 788 3129 ote
811 3043 937 3145 could,
966 3053 1111 3146 scilieet,
1139 3053 1316 3146 voventis,
1341 3057 1527 3147 conforma
1551 3076 1576 3126 a
1599 3075 1664 3127 ruo
1686 3057 1837 3148 maome.
1859 3055 1902 3127 Et

730 3175 781 3248 sic
807 3174 889 3248 vide
914 3174 1013 3266 quud
1039 3179 1167 3248 votum
1194 3174 1332 3247 lactum
1365 3181 1493 3248 contra
1525 3173 1716 3250 caritatem
1747 3195 1822 3250 nou
1846 3182 1900 3251 en

729 3295 976 3386 servandum;
1002 3294 1097 3368 sicut
1121 3293 1151 3367 si
1186 3294 1242 3367 vir
1275 3301 1409 3368 voveat
1438 3315 1512 3368 non
1547 3295 1703 3371 reddere
1735 3295 1899 3370 debitum

730 3414 850 3508 uxori,
881 3415 938 3489 vel
972 3435 1044 3488 non
1075 3413 1175 3508 loqui
1205 3414 1374 3508 proximo
1405 3417 1636 3487 suo-Dat
1664 3418 1806 3488 mondo.
1838 3416 1903 3488 llic

728 3533 915 3628 Picharda,
929 3533 1116 3628 praemissa
1134 3533 1375 3627 descriptione
1392 3534 1509 3608 beate
1522 3534 1650 3628 Clarae,
1665 3541 1793 3609 narrat
1810 3555 1902 3629 quo-

728 3654 839 3728 modo
859 3653 1049 3727 intraverit
1068 3653 1233 3749 regulam
1253 3653 1344 3746 eius,
1362 3654 1505 3729 dicens:
1522 3673 1594 3750 ego
1615 3655 1805 3750 Picharda,
1825 3659 1903 3747 oio-

729 3782 875 3864 ommno,
900 3773 1004 3867 idest,
1028 3773 1151 3867 pirella
1176 3773 1311 3846 adulte
1336 3773 1464 3868 etatis,
1486 3777 1648 3868 suooi'mi
1671 3777 1735 3848 dat
1758 3778 1901 3866 morrdo,

730 3902 868 3991 sponte,
892 3917 958 3986 per
981 3897 1150 3985 requiriri,
1169 3893 1271 3987 idest,
1289 3915 1400 3968 causa
1422 3895 1582 3969 sectandi
1603 3896 1715 3969 vitam
1737 3895 1828 3990 eius,
1845 3899 1903 3970 nel

728 4036 793 4090 ruo
817 4017 910 4088 abito
927 4017 976 4088 mi
991 4017 1109 4105 obad,
1129 4014 1191 4087 ubi
1208 4014 1309 4108 prius
1326 4033 1430 4088 eram
1448 4015 1568 4088 soluta
1585 4016 1622 4088 in
1640 4016 1776 4088 saeculo
1793 4015 1901 4111 ligavi

729 4158 791 4214 me
816 4136 993 4232 religioni,
1018 4158 1038 4208 e
1059 4138 1208 4228 promisi
1231 4139 1269 4209 to
1293 4138 1353 4207 oia
1375 4137 1469 4208 detto
1497 4155 1564 4208 ouo
1587 4144 1686 4230 sellu,
1714 4156 1801 4210 cum
1827 4136 1903 4211 ele-

729 4258 861 4347 ctione,
886 4255 1148 4330 deliberatione
1172 4260 1210 4328 et
1234 4255 1429 4349 proposito.
1451 4256 1495 4328 Et
1516 4255 1639 4330 subdit
1658 4255 1816 4348 qualiter
1832 4255 1903 4329 im-

729 4378 891 4474 peditum
917 4384 974 4451 est
998 4382 1127 4451 votum
1154 4374 1245 4468 eius,
1271 4374 1414 4450 dicens:
1439 4379 1572 4450 uomtrd
1592 4380 1667 4469 poi,
1692 4397 1718 4449 a
1742 4379 1817 4450 mot
1840 4373 1902 4470 piel

728 4501 817 4572 ol'n
840 4499 924 4570 berre
953 4499 1018 4589 usi,
1054 4493 1201 4587 seilicet,
1227 4494 1398 4569 dominus
1427 4496 1579 4570 Cursius
1611 4497 1659 4572 de
1687 4497 1837 4572 Donatis
1865 4501 1904 4572 et

728 4618 898 4693 Foresius
924 4617 1036 4692 trater
1062 4615 1153 4710 eius,
1180 4635 1342 4710 quorum
1364 4616 1459 4691 alter
1483 4623 1653 4690 assuetus
1678 4623 1759 4692 erat
1782 4616 1903 4692 domi·

728 4739 799 4832 nio,
825 4737 918 4812 alter
943 4756 1033 4811 vero
1058 4736 1170 4831 gulae,
1190 4742 1233 4809 ut
1249 4736 1351 4811 clare
1370 4736 1488 4832 patuit
1503 4737 1662 4831 capitulo
1683 4737 1900 4834 burgundi,

722 4864 810 4953 soor
834 4861 882 4930 mi
897 4860 1062 4948 rupiron,
1079 4875 1141 4929 me
1158 4855 1311 4931 invitam
1336 4861 1375 4932 et
1399 4856 1675 4951 reclamantem,
1692 4859 1785 4931 detta
1804 4859 1902 4931 dolce

791 5117 819 5180 l'l
836 5116 866 5168 E·
883 5117 1024 5180 heoelmlt.
1040 5116 1085 5169 eod
1101 5117 1147 5181 qui
1163 5118 1376 5180 pemrerarerit,
1391 5131 1439 5168 ooo
1452 5118 1541 5182 quello.
