4575 6842
830 987 969 1043 cunnus
992 985 1137 1040 saurus.
1501 972 1573 1046 itt

394 1132 530 1208 Karolo
558 1132 695 1207 adiuta.
721 1132 806 1207 ldeo
839 1130 962 1205 subdit
987 1128 1231 1203 lastinianus:
1257 1151 1276 1201 e
1299 1136 1388 1205 sotto
1413 1132 1572 1205 lombrs

394 1256 482 1329 delle
508 1273 763 1346 susceperas,
795 1251 943 1344 scilicet,
972 1250 1118 1324 alarum
1151 1270 1324 1345 suarum,
1358 1244 1516 1343 posternd
1546 1254 1575 1329 il

395 1378 539 1466 mondo,
564 1374 625 1449 illa
649 1373 784 1466 aquila,
802 1365 829 1445 li
852 1375 890 1446 di
914 1392 1022 1445 mono
1045 1375 1084 1446 in
1107 1392 1228 1461 mono,
1250 1374 1451 1448 multorum
1471 1375 1573 1472 prin·

396 1495 531 1591 cipum,
549 1487 628 1586 asi
651 1495 867 1585 conanus,
887 1492 990 1586 idest,
1009 1492 1186 1566 mutando
1212 1498 1249 1565 et
1269 1492 1444 1568 variando
1462 1495 1572 1590 vices,

394 1620 433 1690 in
456 1638 499 1691 su
524 1618 561 1689 lo
584 1616 655 1688 osia
672 1634 865 1708 maenae,
883 1613 943 1687 illa
967 1612 1111 1707 aquila3
1129 1612 1234 1687 etsie
1252 1613 1468 1708 expediebat
1486 1616 1573 1709 quia

396 1742 477 1813 erat
502 1736 661 1811 multum
688 1733 844 1830 depilata
870 1740 909 1809 at
933 1734 1094 1808 lacerata
1124 1734 1172 1808 ab
1201 1733 1331 1809 avibus
1361 1733 1486 1808 multis
1512 1756 1574 1810 ra·

397 1856 558 1952 pacibus.
572 1896 623 1909 —
638 1860 775 1931 cesare.
797 1855 862 1931 llic
879 1853 1104 1929 lastinianus
1120 1854 1292 1929 describit
1317 1875 1357 1929 se
1382 1856 1430 1930 ab
1456 1855 1573 1953 impe·

398 1977 477 2055 riali
502 1976 689 2073 dignitate,
714 1998 737 2051 a
763 1975 912 2051 nomine
936 1974 1096 2070 proprio,
1122 1975 1170 2049 ah
1200 1994 1312 2070 opere
1341 1976 1573 2051 excellentis-

396 2097 501 2171 simo.
537 2097 590 2171 nd
622 2096 721 2190 quod
755 2103 810 2173 est
842 2095 1031 2171 sciendum
1071 2095 1170 2188 quod
1209 2095 1432 2171 lastinianus
1469 2095 1572 2172 omni

397 2217 533 2293 virtute
558 2223 595 2291 et
620 2216 790 2291 felicitate
820 2215 1007 2311 refulgens
1035 2214 1165 2289 lustiui
1192 2215 1327 2290 sororis
1358 2215 1453 2290 filius
1486 2237 1573 2291 suc-

394 2338 502 2412 cessit
527 2336 682 2432 imperio
710 2355 809 2411 anno
823 2328 860 2427 (¹)
890 2334 1022 2409 Christi
1055 2334 1348 2431 quingentesimo
1384 2336 1573 2433 trigesimo

396 2464 539 2550 octavo,
557 2457 657 2551 quod
677 2456 907 2542 laudabiliter
932 2455 994 2529 diu
1019 2454 1297 2549 administravit,
1315 2456 1450 2531 scilicet
1466 2456 1572 2533 anuis

398 2577 546 2674 triginta
572 2587 667 2654 octo.
693 2577 784 2650 Nam
812 2575 933 2651 statim
951 2595 1039 2650 cum
1065 2574 1266 2669 imperialia
1290 2576 1372 2671 jura
1400 2576 1571 2671 suscepit,

396 2697 443 2772 ad
478 2696 726 2792 reparandum
763 2695 973 2790 reipublice
1006 2701 1142 2769 statum
1178 2696 1357 2770 convertit
1382 2696 1571 2793 animump

397 2838 483 2891 nam
502 2818 698 2891 commissa
715 2837 807 2891 cura
825 2816 1006 2890 bellorum
1031 2817 1152 2912 legato
1169 2836 1249 2909 suo,
1267 2815 1343 2910 ipse
1363 2818 1572 2892 convocatis

396 2937 540 3033 magnis
564 2936 788 3032 sapientibus
802 2926 839 3028 (²)
867 2936 954 3009 viris
979 2936 1153 3011 consultis
1178 2935 1276 3010 dedit
1302 2957 1452 3031 operam
1480 2939 1572 3035 legi·

397 3059 466 3132 hus
491 3058 711 3152 ordinandis,
738 3077 900 3151 quarum
927 3063 1028 3131 tanta
1046 3063 1126 3130 erat
1147 3057 1251 3151 copia
1269 3058 1368 3151 quod
1395 3080 1468 3133 non
1494 3058 1572 3133 sui-

396 3179 540 3255 ticiehat
571 3180 641 3254 vita
672 3178 829 3253 hominis
858 3177 907 3253 ad
936 3178 1133 3274 legendum
1165 3184 1203 3251 et
1232 3178 1327 3273 ipsas
1354 3179 1447 3253 mira
1486 3180 1572 3255 hre-

395 3300 508 3375 vitate
534 3300 680 3375 reduxit
705 3299 751 3374 ad
776 3319 895 3393 pauca
922 3299 1120 3393 volumina,
1149 3304 1191 3371 ut
1215 3298 1262 3374 de
1287 3320 1327 3374 se
1353 3307 1462 3393 patet.
1481 3301 1572 3375 llicit

394 3440 503 3516 ergo:
526 3425 654 3494 desere
671 3422 739 3514 sui,
757 3418 860 3512 idest,
877 3419 1091 3515 imperator,
1107 3440 1127 3491 e
1151 3440 1217 3493 son
1239 3422 1479 3515 dictamno,-
1505 3442 1573 3496 no·

395 3559 482 3615 men
499 3541 595 3616 hene
611 3540 833 3615 conveniens
852 3560 894 3614 re
911 3546 948 3613 et
966 3540 1125 3633 nomine,
1140 3539 1203 3632 qui
1220 3529 1256 3631 (³)
1271 3540 1412 3635 justitia
1430 3548 1468 3616 et
1483 3542 1573 3637 jure

394 3661 524 3735 orbem
538 3660 777 3735 christianum
798 3659 1033 3755 gubernavit,
1050 3661 1111 3732 che
1130 3662 1256 3733 moto
1273 3663 1341 3734 otte
1357 3664 1460 3755 loppi,
1477 3662 1573 3736 scilia

395 3787 455 3855 cet
481 3780 654 3876 romanis,
680 3783 788 3853 tressi
804 3782 829 3853 ’t
851 3787 978 3872 troppo
1002 3782 1062 3853 c’t
1078 3800 1184 3870 vano,
1202 3780 1306 3874 idest,
1324 3782 1485 3857 resecavi
1507 3794 1572 3856 sn-

396 3902 537 3996 perflua
559 3908 596 3977 et
621 3900 776 3992 inutilia,
791 3908 829 3977 et
845 3900 966 3975 adhuc
983 3898 1090 3974 hodie
1106 3906 1258 3994 possunt
1277 3901 1391 3975 multa
1410 3902 1572 3999 detrahi;

397 4028 434 4096 et
458 4022 563 4097 dicit:
587 4044 654 4115 per
679 4025 777 4095 ooler
801 4023 859 4095 del
877 4023 996 4113 primo
1021 4040 1126 4092 umor
1142 4020 1241 4093 clt’to
1258 4026 1367 4114 sento,
1392 4022 1494 4114 quasi
1515 4022 1571 4096 di-

397 4148 475 4216 cat:
502 4143 692 4217 voluntate
716 4128 888 4233 divina(⁴)
914 4139 1099 4236 dignante,
1125 4140 1232 4214 cuius
1257 4142 1414 4238 gratiam
1438 4148 1474 4217 et
1489 4143 1572 4239 glo·

399 4261 492 4335 riam
518 4282 617 4335 nunc
641 4262 758 4336 sentio
776 4262 813 4334 in
830 4260 1025 4355 praemium
1045 4260 1216 4335 laborum
1238 4282 1419 4336 meorum.
1435 4304 1483 4318 -
1496 4268 1568 4337 lla.

396 4381 462 4456 llic
486 4381 712 4455 lastinianus
736 4379 907 4455 describit
932 4380 1211 4456 conversionem
1238 4402 1364 4476 suam3
1385 4389 1423 4456 et
1451 4384 1572 4479 primo

396 4501 513 4598 tangit
537 4520 718 4594 errorem,
738 4499 869 4575 deinde
885 4508 1135 4575 correctorem
1159 4501 1308 4597 erroris,
1328 4503 1376 4576 ad
1396 4504 1495 4597 quod
1516 4510 1573 4580 est

396 4622 586 4699 sciendum
604 4620 703 4715 quod
720 4612 974 4713 Theodatusff)
996 4640 1061 4695 rex
1078 4624 1292 4718 gothorum,
1311 4623 1374 4717 qui
1390 4625 1492 4719 juste
1515 4631 1571 4699 te·

460 4896 488 4960 (¹)
503 4898 536 4949 B.
551 4909 620 4947 snuo
636 4896 813 4959 pretiosissimi
829 4894 935 4945 bomini
949 4895 1033 4946 nostri
1048 4894 1230 4959 Redemptoris
1245 4898 1307 4947 lesu
1322 4896 1417 4949 Christi
1434 4902 1490 4950 ⁵³8.

461 4972 489 5035 (Ἴ
505 4974 537 5024 ll.
552 4974 711 5036 sapientibus
720 4971 923 5039 jurisconsultis.
1109 4972 1138 5035 (h
1155 4974 1186 5023 lt.
1201 4975 1262 5038 quis
1275 4974 1383 5039 justltls.

463 5050 492 5114 (⁸)
508 5051 539 5101 R.
554 5052 648 5110 dirius,
665 5052 740 5103 culus
755 5051 874 5115 grstisrn.

410 5146 413 5153 ·
464 5125 493 5189 (⁸)
508 5126 539 5177 E.
555 5126 712 5201 Theodotus,
727 5126 800 5177 osum·
815 5126 912 5177 virtuto
927 5128 955 5175 ct
970 5123 1093 5177 felicitate
1109 5126 1250 5192 refulgens,
1266 5140 1322 5179 rex.
