4575 6842
823 941 960 998 murus
984 942 1180 1000 saturnus.
1513 931 1584 998 345

412 1087 599 1164 sciendum
628 1089 726 1183 quod
751 1110 861 1164 omne
886 1111 1019 1184 eorpus
1046 1090 1156 1164 babet
1186 1090 1222 1164 in
1252 1111 1293 1166 se
1324 1093 1511 1202 triplicem
1529 1093 1586 1168 di-

413 1210 651 1302 mensionem,
666 1209 812 1303 scilioet,
827 1230 1039 1286 mensuram
1059 1210 1304 1306 longitudinis,
1318 1213 1528 1308 latitudinis,
1548 1222 1586 1288 et

411 1331 609 1406 altitudinis
634 1331 711 1405 sive
737 1330 999 1425 profunditatis.
1025 1330 1130 1405 Modo
1147 1351 1284 1426 corpus
1301 1353 1375 1407 non
1392 1341 1510 1428 potest
1526 1335 1585 1409 in·
1650 1365 1653 1372 ·

413 1459 513 1526 trare
538 1450 636 1526 aliud
662 1471 797 1546 corpus
822 1451 900 1526 sine
925 1451 1162 1546 corruptione
1192 1451 1298 1546 illius,
1325 1453 1419 1528 sicut
1450 1455 1480 1528 si
1511 1454 1584 1550 figo

413 1573 559 1646 olavum
586 1571 622 1644 in
649 1571 801 1668 lignum,
828 1571 953 1666 palum
979 1571 1016 1645 in
1042 1578 1194 1666 terram,
1214 1572 1271 1646 vel
1291 1572 1446 1668 digitum
1464 1575 1501 1648 in
1518 1595 1585 1670 po-

413 1713 530 1785 mum,
556 1696 702 1786 oportet
726 1692 825 1784 quod
851 1691 1005 1766 materia
1023 1691 1130 1767 cedat
1147 1713 1194 1767 er
1211 1700 1316 1787 parte
1335 1693 1387 1768 rei
1407 1694 1585 1790 reeipien-

413 1812 477 1905 tis;
495 1811 593 1887 unde
615 1811 719 1886 dicit:
746 1815 898 1886 olt'essor
917 1815 1073 1907 ceneten,
1096 1813 1199 1906 idest,
1220 1813 1319 1907 quod
1340 1813 1414 1908 pati
1439 1820 1586 1909 oportet

410 1952 501 2026 esse,
527 1954 565 2006 se
588 1953 697 2024 corpo
721 1953 818 2024 repe,
835 1932 939 2024 idest,
958 1933 1152 2026 subintrat,
1169 1936 1207 2006 in
1225 1955 1345 2027 corpo.
1372 1935 1417 2006 Et
1434 1929 1584 2027 certe(¹)

412 2073 547 2148 eorpus
581 2052 683 2126 istius
717 2052 873 2132 bominis
906 2059 1050 2149 poterat
1082 2053 1153 2127 dici
1193 2053 1397 2148 spirituale,
1427 2054 1520 2130 idest
1534 2046 1583 2148 (¹),

411 2174 562 2248 omnino
587 2173 773 2248 subditum
798 2173 951 2268 spiritui.
966 2177 1215 2248 -Accendee
1242 2173 1347 2248 Nune
1378 2183 1487 2250 autor
1518 2196 1585 2250 nos

414 2295 551 2370 utiliter
567 2294 752 2388 admonet,
771 2294 880 2388 quod,
898 2294 1045 2369 dimissa
1063 2294 1275 2369 curiositate
1292 2295 1497 2389 inquirendi
1515 2297 1582 2370 ista

413 2415 557 2490 subtilia
578 2416 733 2509 occulta,
752 2415 872 2511 potius
897 2435 1100 2509 sequamur
1125 2415 1245 2510 ipsum
1267 2435 1376 2509 nunc,
1403 2423 1440 2490 et
1465 2416 1584 2491 inten-

413 2537 656 2611 damascum
683 2555 728 2610 eo
754 2534 799 2608 ad
816 2535 1082 2629 anquirendum
1103 2535 1279 2610 visionem
1308 2536 1372 2610 Dei
1400 2537 1463 2631 qui
1484 2536 1583 2611 solus

412 2657 591 2732 mirabilia
619 2677 751 2751 magna
778 2655 871 2731 lacit.
893 2657 934 2730 Et
950 2647 1144 2748 videturl³l
1166 2657 1325 2732 breviter
1343 2656 1477 2753 dicore,
1495 2679 1581 2732 eum

411 2779 481 2852 boc
507 2776 604 2872 quod
630 2776 767 2850 dictum
793 2782 849 2850 est
873 2775 918 2848 sit
944 2795 1088 2872 verum,
1110 2783 1148 2850 et
1168 2784 1293 2852 tamen
1311 2797 1385 2851 non
1403 2777 1583 2874 intelliga-

411 2904 473 2972 tur
490 2897 548 2972 rel
566 2895 792 2991 concipiatur
809 2895 993 2970 intellectu
1012 2897 1188 2990 humano,
1201 2897 1282 2991 plus
1298 2896 1449 2972 deberet
1466 2887 1580 2989 noslb

411 3018 613 3093 accendere
643 3016 823 3112 appetitus
857 3016 999 3092 videndi
1030 3016 1227 3111 Christum,
1252 3017 1289 3090 in
1321 3038 1398 3112 quo
1433 3018 1583 3094 luerunt

411 3142 595 3216 eoniuntae
618 3139 702 3212 duae
730 3145 885 3232 naturae,
910 3139 1073 3212 humana
1104 3144 1141 3214 et
1170 3139 1303 3232 divina,
1329 3147 1488 3234 utraque
1515 3161 1582 3216 na-

410 3267 494 3335 tura
512 3265 685 3334 manente
701 3258 844 3355 integra
862 3267 899 3333 et
917 3266 1003 3352 tota,
1017 3259 1111 3334 sieut
1129 3279 1228 3333 nuno
1245 3259 1281 3332 in
1302 3260 1397 3334 coelo
1414 3265 1495 3334 erat
1516 3281 1583 3335 na-

410 3390 494 3456 tura
520 3400 698 3475 corporea
723 3381 885 3454 bumana
906 3379 1148 3474 junctarum
1177 3380 1326 3454 coelesti.
1352 3380 1445 3455 Dicit
1470 3401 1580 3476 ergo:

412 3505 446 3577 ll
469 3505 571 3590 disto,
598 3500 700 3592 idest,
721 3499 955 3593 desiderium,
972 3502 1010 3574 dt
1026 3503 1131 3574 aeder
1148 3502 1261 3591 quella
1286 3503 1457 3594 emanata,
1486 3499 1581 3575 scili-

409 3629 480 3717 cet,
505 3621 646 3711 Cbristi,
672 3623 710 3693 in
735 3621 806 3710 cte,
833 3618 936 3712 idest,
958 3619 995 3693 in
1020 3640 1106 3713 qua,
1124 3627 1249 3693 nostro
1267 3627 1413 3712 namra,
1433 3620 1580 3714 seilicet,

410 3744 584 3834 bumana,
602 3763 620 3813 e
640 3744 709 3814 Diu
733 3733 864 3829 sunm,
885 3739 988 3833 idest,
1009 3746 1046 3813 et
1072 3746 1204 3814 natura
1229 3739 1352 3815 divina
1376 3740 1581 3814 coniunctae

411 3866 560 3940 luerunt
584 3863 705 3956 simul,
726 3862 773 3936 de
789 3882 863 3954 qua
889 3861 1145 3936 coniunctione
1162 3867 1200 3934 et
1223 3858 1359 3933 unione
1383 3859 1526 3933 dioetur
1543 3859 1579 3934 in

410 3987 483 4062 fine
508 3985 617 4058 huius
642 3981 762 4078 operis
787 3980 946 4076 capitulo
972 3979 1112 4053 ultimo.
1129 3980 1176 4055 Et
1194 3978 1315 4052 subdit
1340 3979 1527 4073 quomodo
1543 3979 1580 4053 in

410 4107 504 4182 coelo
530 4103 712 4179 videbitur
737 4102 835 4176 clare
861 4099 1034 4194 quicquid
1064 4098 1249 4174 credimus
1279 4118 1346 4193 per
1374 4098 1483 4173 fidem
1509 4099 1580 4194 bic,

411 4247 497 4300 cunr
523 4246 589 4320 per
614 4229 834 4319 argumenta
860 4220 1041 4294 naturalia
1065 4218 1214 4316 probari
1239 4239 1313 4292 uon
1333 4219 1464 4314 possit3
1483 4219 1581 4295 unde

410 4347 512 4420 dicit:
539 4337 592 4417 oid
617 4346 676 4416 ele
699 4345 732 4415 si
755 4345 823 4415 tien
846 4362 914 4434 per
941 4343 1034 4434 fede,
1060 4339 1206 4432 scilicet,
1236 4338 1483 4432 christianam,
1509 4341 1580 4434 rel,

410 4458 463 4538 eid
487 4468 547 4537 otte
571 4471 693 4552 baem,
718 4461 864 4555 scilieet,
883 4480 950 4534 nos
971 4457 1168 4552 christiani,
1188 4461 1220 4531 si
1239 4449 1350 4532 vedrd
1370 4451 1408 4549 u,
1433 4459 1581 4554 scilieet,

409 4585 447 4659 in
471 4583 650 4679 paradiso,
676 4601 749 4654 noo
773 4583 992 4670 dimostrato,
1011 4579 1112 4674 idest,
1130 4600 1205 4653 non
1230 4599 1296 4674 per
1322 4578 1418 4653 viam
1446 4580 1583 4674 proba-

408 4705 515 4780 tionis
539 4701 853 4799 demonstrative,
880 4700 997 4774 *narn
1025 4699 1159 4793 aliquae
1183 4699 1416 4795 probationes
1430 4691 1467 4793 (Β)
1494 4709 1581 4776 sunt

471 4936 498 4999 (¹)
515 4936 545 4986 E.
563 4939 634 4984 certe
650 4947 714 4997 opus
730 4932 848 4984 bominis.
911 4928 938 4992 (Ἴ
955 4934 978 4988 t,
995 4934 1022 4978 et
1037 4929 1095 4980 ideo
1112 4929 1252 4980 subditum.

471 5013 497 5074 (Ἴ
514 5011 546 5062 Ε.
561 5011 662 5063 ridetur
679 5011 743 5061 bene
759 5010 853 5060 dleere.

472 5089 498 5152 (¹)
513 5087 540 5139 S.
556 5089 583 5138 in
598 5100 647 5139 nos
661 5086 802 5138 adcendere
818 5084 959 5150 appetitum
977 5083 1078 5134 videndi
1093 5082 1233 5135 Christum.
1301 5084 1329 5149 [Ἴ
1344 5083 1375 5136 Β.
1391 5086 1579 5148 promtum,
