4575 6842
722 947 860 1004 murus
885 949 1075 1006 vroesmus
1099 950 1278 1016 oumrus.
1534 937 1586 1004 ott

414 1091 464 1166 lll
488 1091 722 1185 Ethioorum3
748 1091 852 1187 quasi
878 1091 973 1168 dicat
997 1093 1126 1168 tacite:
1156 1113 1219 1168 me
1248 1099 1394 1188 oportet
1422 1093 1586 1190 expediri

417 1211 524 1288 eitius
548 1233 571 1288 a
596 1217 644 1306 te,
662 1231 710 1287 ne
731 1211 961 1287 retardemus
977 1211 1133 1286 Statium
1152 1212 1218 1306 qui
1234 1212 1349 1287 tendit
1364 1213 1412 1288 ad
1429 1214 1584 1307 ooelum3

417 1333 500 1408 ideo
533 1332 591 1407 dio
630 1330 728 1425 mihi,
756 1349 858 1427 rogo,
885 1331 947 1404 ubi
979 1338 1034 1406 est
1066 1351 1173 1408 soror
1199 1337 1289 1407 tuat
1323 1334 1367 1407 et
1403 1333 1488 1408 tacit
1517 1353 1586 1428 pe-

416 1452 580 1529 titionem
607 1471 725 1546 suam,
742 1450 885 1526 dicens:
911 1473 972 1526 ma
988 1453 1128 1545 mmm,
1145 1459 1342 1548 postquam
1357 1453 1431 1528 dixi
1458 1453 1523 1528 tihi
1539 1453 1586 1528 de

418 1575 520 1668 meis,
546 1595 583 1646 se
609 1579 646 1646 tu
676 1576 744 1664 soi,
774 1567 888 1646 noe*
917 1575 1106 1666 meda,
1134 1593 1241 1648 soror
1271 1581 1356 1667 toa3
1382 1580 1420 1648 et
1450 1573 1585 1648 iterum
1718 1675 1723 1684 Ι

402 1751 404 1758 ,
418 1695 525 1791 petit:
542 1697 669 1768 dirum
683 1695 760 1768 r'io
778 1696 900 1786 munio
913 1714 1068 1787 persono
1091 1696 1141 1767 do
1165 1701 1284 1786 notor,
1307 1695 1455 1790 dignam
1473 1693 1585 1785 laon,

418 1823 477 1888 tro
504 1821 623 1909 questu
651 1821 762 1908 pente,
794 1815 1023 1910 gulosorum,
1048 1816 1109 1888 olto
1136 1807 1168 1888 sl
1196 1816 1245 1888 nri
1272 1816 1461 1906 ripuorda,
1497 1833 1584 1887 oum

419 1942 518 2010 tanta
542 1934 793 2010 admiratione
807 1973 857 1990 -
870 1939 922 2008 Lo
946 1939 1028 2008 mm.
1051 1936 1116 2010 llio
1136 1943 1244 2031 poeta
1261 1934 1361 2030 ponit
1380 1933 1587 2030 responsio-

417 2075 502 2130 nem
528 2055 664 2130 Foresii
692 2055 810 2150 primo
834 2054 880 2130 ad
911 2055 1068 2152 primam
1102 2055 1313 2151 petitionem
1345 2075 1451 2130 suam
1481 2075 1587 2129 oom-

418 2175 593 2251 mendans
617 2195 783 2252 sororem
811 2196 917 2250 suam
948 2175 1080 2251 merita
1108 2175 1230 2270 laude,
1259 2173 1402 2250 dicens:
1433 2179 1485 2247 La
1513 2177 1586 2247 reio

415 2299 558 2387 sorello,
581 2295 727 2390 seilicet,
752 2295 915 2388 Picarda,
932 2299 992 2369 eloe
1008 2301 1067 2369 ινα
1083 2295 1173 2370 dello
1188 2317 1208 2368 e
1224 2296 1340 2368 decom
1358 2315 1430 2368 non
1446 2316 1487 2367 so
1502 2297 1589 2385 quui

413 2422 507 2513 [osse
525 2412 600 2510 piri,
614 2421 659 2490 -et
683 2421 739 2491 est
765 2437 898 2513 magna
914 2417 995 2492 laus
1015 2415 1190 2509 mulieris,
1210 2415 1297 2509 quia
1319 2435 1405 2490 rara
1425 2421 1481 2490 est
1496 2436 1587 2490 ooo-

418 2537 541 2613 oordia
555 2537 684 2612 lormae
697 2543 811 2631 atque
831 2537 1022 2632 pudicitiae,
1036 2540 1170 2632 trionfo
1182 2539 1262 2610 tera
1276 2539 1431 2610 nellolto
1443 2539 1586 2631 olimpo,

419 2657 521 2751 idest,
547 2657 584 2731 io
609 2657 702 2730 ooelo
726 2677 913 2752 empyreo,
934 2646 996 2748 oid
1021 2659 1059 2730 di
1081 2677 1148 2730 suo
1172 2677 1320 2747 corono,
1337 2655 1424 2750 quia
1442 2675 1587 2752 pugna-

419 2777 472 2852 vit
496 2777 638 2852 sortiter
663 2776 700 2850 in
726 2777 865 2850 mundo
890 2783 1017 2851 contra
1043 2796 1208 2870 earnem,
1234 2776 1298 2850 ubi
1326 2782 1384 2851 est
1413 2776 1587 2850 continua

420 2919 555 2994 pugna,
582 2896 645 2971 sed
669 2917 753 2971 rara
773 2895 942 2990 victoria3
966 2896 1047 2970 ideo
1077 2915 1175 2970 nune
1192 2893 1329 2970 fruitur
1351 2916 1440 2970 vera
1458 2895 1585 2992 gloria.

419 3017 464 3091 Et
488 3016 539 3090 sio
564 3015 646 3091 vide
671 3016 770 3111 quod
795 3015 928 3092 [lantes
945 3015 1062 3091 tribus
1079 3017 1254 3091 iratribus
1277 3017 1340 3092 dat
1363 3016 1434 3091 tria
1460 3035 1587 3112 regna,

419 3136 564 3232 seilicet,
595 3135 758 3211 Picardae
791 3137 1012 3233 paradisum,
1037 3136 1186 3213 Foresio
1215 3137 1484 3234 purgatorium,
1517 3137 1588 3212 rto-

417 3257 542 3332 oursio
566 3257 764 3350 infernum,
790 3265 833 3332 ut
863 3257 998 3352 patebit
1027 3257 1138 3352 paulo
1168 3256 1273 3332 inira.
1300 3257 1345 3330 Et
1376 3255 1499 3331 subdit
1527 3277 1589 3332 re-

419 3375 650 3472 sponsionem
676 3377 812 3452 Foresii
837 3377 883 3452 ad
909 3378 1107 3452 secundam
1138 3375 1360 3471 petitionem,
1385 3376 1527 3452 dicens:
1556 3368 1588 3450 si

418 3499 510 3570 disse
532 3499 570 3571 in
591 3498 689 3590 pria,
706 3518 726 3570 e
746 3502 821 3590 poi,
837 3499 976 3593 supple,
997 3496 1105 3573 dixit:
1127 3501 1187 3591 qui
1204 3519 1275 3571 non
1296 3500 1329 3571 si
1347 3501 1437 3572 vieto
1462 3501 1500 3572 di
1522 3519 1590 3572 no-

418 3619 537 3690 minor
553 3621 706 3708 emeno,
726 3617 812 3711 quia
831 3617 982 3692 licenter
999 3637 1147 3712 possum
1166 3617 1225 3692 hio
1238 3618 1430 3693 nominare
1448 3639 1588 3692 unum-

418 3757 618 3832 quemque,
644 3743 681 3812 et
706 3738 830 3811 nullus
847 3736 995 3812 habebit
1016 3757 1081 3832 pro
1100 3737 1210 3830 malo,
1227 3735 1313 3831 quia
1331 3743 1386 3811 est
1402 3737 1453 3812 ita
1470 3744 1590 3812 trans-

420 3856 600 3930 formatus
624 3877 746 3951 poena,
771 3857 870 3952 quod
895 3877 967 3930 non
993 3863 1048 3932 est
1073 3855 1334 3952 cognoscibilis
1356 3856 1459 3932 Unde
1481 3856 1588 3930 dne:

419 3977 469 4050 do
493 3968 625 4050 nlt’dsi
649 3983 770 4050 munta
784 3983 908 4050 nostru
924 3977 1138 4068 semdronza,
1160 3975 1262 4070 idest,
1288 3996 1335 4051 er
1360 3996 1436 4069 quo
1459 3983 1516 4050 est
1537 3977 1590 4052 ita

421 4097 598 4171 exhausta
628 4102 666 4170 et
698 4097 916 4172 macrelacta
946 4095 1160 4192 apparentia
1190 4095 1268 4170 sive
1300 4093 1420 4191 ligura
1452 4101 1589 4188 nostra,

421 4219 480 4289 oio
499 4235 568 4308 per
592 4218 630 4290 la
654 4215 759 4308 auo,
785 4215 886 4310 idest,
913 4216 1060 4312 longam
1087 4215 1235 4291 tamem.
1260 4215 1304 4288 lit
1328 4213 1502 4290 oontinuo
1519 4215 1589 4290 Fo-

420 4335 538 4411 resius
563 4335 728 4411 nominat
754 4357 870 4411 unum
901 4357 1010 4412 suum
1037 4337 1198 4412 vicinum
1230 4338 1404 4412 lucanum
1432 4336 1590 4428 natione,

419 4455 559 4532 dicens:
585 4459 705 4549 quest,
731 4478 751 4529 e
774 4449 906 4531 mosol
922 4461 980 4531 ool
992 4460 1078 4548 dito,
1097 4464 1139 4530 ut
1154 4463 1450 4553 eognosoeretor,
1476 4452 1591 4531 ‹ilo-

419 4580 602 4668 nopiumo,
627 4574 699 4652 *et
722 4576 810 4672 quia
840 4577 945 4651 multi
974 4577 1035 4651 alii
1064 4583 1233 4672 poterant
1262 4576 1315 4652 sio
1346 4576 1482 4671 vocari,
1507 4576 1591 4652 ideo

420 4697 467 4772 ed
484 4697 679 4772 tollendam
701 4698 1015 4793 equivooationem
1038 4697 1190 4794 repetit3
1210 4696 1468 4788 Bonopismto*
1481 4689 1519 4791 (⁴)
1538 4699 1591 4772 do

424 4821 556 4910 Lucon-
581 4837 649 4893 neo
672 4818 843 4894 describit
872 4839 958 4893 eum
988 4817 1105 4912 aliter,
1132 4817 1219 4911 quia
1249 4817 1392 4912 plenius
1419 4817 1514 4892 dioet
1542 4817 1591 4893 de

485 5076 514 5141 (¹)
529 5077 566 5128 Le
582 5078 671 5142 parole
687 5077 727 5129 ira
743 5080 752 5129 l
768 5079 819 5130 due
834 5078 966 5130 utenmhi
981 5091 1028 5130 son
1043 5077 1156 5142 suppllte
1170 5076 1214 5128 dsl
1228 5075 1323 5128 todloe
1337 5080 1393 5129 11⁷.
