4575 6842
710 975 782 1042 282
1069 982 1275 1041 counrrrmr
1298 986 1522 1041 roncaroan

709 1133 802 1207 bora
819 1131 889 1206 illae
905 1129 1064 1206 dominae
1087 1128 1331 1205 firmaverunt
1344 1123 1382 1225 (¹)
1399 1151 1450 1207 se
1472 1130 1567 1206 Dicit
1585 1152 1697 1229 ergo:
1711 1137 1745 1205 Ε
1757 1134 1785 1206 il
1797 1134 1883 1224 sole,

707 1252 853 1347 scilicet,
875 1256 1019 1346 quartae
1043 1250 1126 1345 diei,
1142 1246 1204 1343 pto
1223 1270 1403 1344 cernnco,
1423 1250 1527 1345 idest,
1548 1250 1769 1346 splendidus,
1787 1250 1885 1325 sicat

706 1371 836 1447 accidit
861 1370 899 1445 in
926 1370 1090 1465 meridie,
1116 1392 1135 1443 e
1156 1366 1219 1462 pili
1239 1390 1306 1443 con
1321 1372 1404 1445 lenti
1419 1374 1531 1464 possi,
1555 1370 1643 1466 quia
1668 1377 1757 1447 tunc
1781 1370 1885 1445 vide-

707 1499 771 1567 tur
795 1491 935 1568 tardius
961 1490 1115 1585 moveri,
1142 1498 1264 1564 tanco
1296 1493 1324 1564 il
1351 1494 1486 1565 ceronio
1515 1494 1554 1566 di
1583 1494 1749 1586 nemppe,
1778 1491 1881 1587 idest,

708 1613 890 1689 circulum
914 1612 1160 1689 meridianum
1177 1611 1224 1687 de
1242 1631 1317 1706 quc
1334 1612 1441 1707 plene
1456 1611 1531 1686 dixi
1549 1612 1579 1686 ll
1596 1612 1755 1707 capitulo
1772 1612 1884 1687 buius

707 1732 927 1830 Purgaiorii.
945 1734 990 1806 El
1012 1731 1127 1827 tangit
1144 1738 1317 1807 naturam
1336 1731 1538 1827 meridiani,
1556 1732 1701 1807 dicens:
1718 1735 1779 1807 cte
1792 1737 1885 1828 sossi

709 1872 780 1946 qno
804 1874 823 1925 e
847 1843 884 1925 ld
908 1873 1003 1926 conce
1026 1854 1077 1943 nli
1106 1854 1230 1944 operti
1235 1878 1251 1945 ,·
1283 1852 1352 1926 boc
1382 1852 1527 1948 glosant
1550 1852 1683 1947 aliqui:
1715 1852 1819 1945 idest,
1845 1852 1883 1927 in

709 1975 780 2047 boc
804 1971 1024 2067 hemisperio
1050 1977 1088 2045 et
1114 1971 1152 2045 in
1176 1971 1249 2066 illo,
1267 1971 1332 2045 sed
1353 1971 1467 2066 male3
1485 1993 1573 2046 nam
1589 1972 1751 2047 circulus
1766 1971 1883 2047 meri-

708 2092 838 2167 dianus
864 2091 1013 2189 lingitur
1039 2111 1120 2167 esse
1144 2091 1278 2165 ductus
1301 2091 1441 2167 directe
1465 2112 1532 2187 per
1555 2093 1686 2167 ambos
1714 2093 1816 2190 polos
1845 2099 1884 2168 et

707 2213 829 2289 zenitb
850 2212 986 2308 capitis,
1004 2212 1054 2286 ita
1072 2212 1172 2307 quod
1190 2212 1362 2306 quaelibet
1378 2212 1542 2288 civitates
1564 2219 1603 2288 et
1622 2220 1733 2288 terrae
1756 2233 1885 2308 aequa·

707 2334 790 2408 liter
816 2333 990 2408 distantes
1014 2333 1062 2407 ab
1087 2332 1230 2408 oriente
1254 2332 1390 2407 babent
1414 2353 1525 2407 snum
1553 2333 1819 2428 meridianum,
1844 2340 1882 2409 et

708 2452 760 2527 sic
792 2458 883 2546 quot
908 2458 994 2525 sunt
1018 2456 1188 2547 aspectus
1218 2458 1328 2526 terroe
1360 2452 1589 2547 inaequaliter
1617 2454 1802 2547 distantes,
1829 2458 1883 2528 tot

702 2578 794 2682 ⁸sunt
821 2570 1010 2647 meridiani
1036 2572 1264 2667 ubicumque
1289 2571 1403 2649 lucris
1419 2573 1497 2648 sive
1513 2573 1551 2647 in
1571 2574 1641 2649 boc
1662 2575 1740 2649 sive
1756 2574 1794 2647 in
1810 2572 1882 2648 alio

709 2692 941 2788 hemisperio,
960 2694 1101 2783 quondo
1121 2695 1154 2766 le
1172 2698 1254 2767 cette
1269 2695 1397 2783 Mane,
1414 2712 1499 2787 quae
1515 2693 1772 2793 praecedebant
1789 2693 1883 2768 Bea-

708 2814 850 2909 tricem,
874 2816 1084 2906 samono,
1101 2812 1206 2908 idest,
1227 2812 1471 2889 firmaverunt
1490 2833 1544 2908 se,
1560 2835 1584 2889 a
1600 2814 1721 2909 simili,
1737 2806 1768 2887 si
1784 2834 1882 2887 conte

708 2937 741 3008 si
765 2938 889 3027 offippc
905 2936 960 3007 citi
975 2955 1021 3009 vo
1037 2935 1185 3007 dinanzi
1207 2954 1235 3005 o
1256 2942 1358 3025 pente
1374 2955 1443 3027 per
1466 2936 1621 3028 decerto,-
1637 2933 1688 3007 ita
1705 2934 1805 3008 enim
1823 2953 1883 3010 se-

708 3059 807 3151 ptem
835 3052 995 3149 virgines
1020 3053 1276 3149 praecedebant
1299 3058 1490 3147 nmquam
1516 3052 1628 3127 duces
1652 3054 1882 3148 prevenien-

709 3180 763 3249 tes
780 3174 980 3249 adventum
1006 3174 1109 3247 istius
1128 3173 1336 3268 imperiose
1354 3173 1525 3267 dominre,
1541 3194 1579 3246 se
1595 3180 1700 3247 nono
1716 3177 1882 3266 neom,

707 3294 811 3389 idest,
833 3315 967 3370 novam
994 3300 1155 3391 gentem,
1172 3297 1211 3367 in
1229 3315 1289 3367 rue
1309 3296 1469 3385 vesdppe,
1488 3293 1613 3369 relicta
1630 3314 1655 3368 a
1672 3294 1734 3368 tali
1750 3300 1880 3390 gente3

707 3414 785 3489 istae
817 3420 943 3489 autem
975 3412 1132 3489 dominae
1164 3414 1385 3491 invenerunt
1419 3434 1499 3489 rem
1530 3434 1664 3489 novam
1698 3415 1877 3489 arborum

706 3535 775 3609 sub
809 3554 883 3629 qua
917 3533 1163 3609 decurrebant
1194 3534 1268 3609 duo
1306 3534 1482 3627 llumina;
1518 3534 1617 3609 unde
1652 3533 1759 3608 dicit:
1790 3534 1879 3626 alfio

706 3654 939 3727 dnn'ombro
951 3662 1099 3746 ombria,
1114 3653 1217 3748 idest,
1230 3652 1354 3748 spissa,
1368 3674 1392 3728 a
1408 3652 1527 3748 simili,
1540 3658 1626 3747 qual
1636 3656 1746 3746 {Alpe
1755 3659 1876 3746 porto,

705 3770 812 3868 idest,
830 3773 1009 3869 producit,
1026 3780 1115 3847 sotto
1128 3776 1237 3868 sopite
1253 3776 1353 3847 endi
1368 3795 1387 3846 e
1401 3777 1498 3848 romi
1522 3776 1619 3865 aripti
1635 3795 1747 3867 sopra
1761 3778 1776 3847 i
1798 3778 1878 3849 snei

704 3896 827 3988 [reddi
842 3897 921 3967 rici
941 3894 983 3969 Et
996 3895 1054 3969 bic
1068 3900 1154 3969 nola
1166 3894 1266 3988 quod
1283 3894 1368 3969 licet
1385 3900 1490 3988 poeta
1503 3902 1629 3969 noster
1644 3896 1716 3969 boc
1732 3894 1881 3970 vidisset

706 4013 745 4087 in
762 4013 887 4087 multis
904 4014 1068 4109 partibus
1095 4014 1130 4087 in
1155 4014 1317 4108 Alpibus,
1336 4020 1462 4088 tamen
1481 4016 1552 4090 boc
1574 4014 1761 4111 praecipue
1777 4014 1879 4092 vide-

708 4142 766 4210 rat
781 4134 819 4209 in
839 4134 1025 4209 montibus
1044 4132 1221 4231 Apennini
1241 4155 1355 4230 prope
1372 4134 1595 4210 Florentiam
1620 4136 1658 4209 in
1678 4136 1774 4211 valle
1789 4135 1878 4209 Arni

708 4255 878 4351 desuper,
896 4255 959 4332 ubi
977 4262 1033 4331 est
1049 4274 1139 4353 ager
1156 4255 1403 4350 pulcerrimus
1419 4256 1586 4331 omnium
1606 4256 1702 4331 inter
1719 4256 1878 4331 Faesulas

707 4382 745 4450 ot
765 4374 943 4470 brolium,
970 4374 1069 4451 unde
1087 4375 1252 4450 transivit
1269 4374 1458 4469 Hannibal,
1477 4381 1520 4449 ut
1540 4375 1664 4451 scribit
1681 4376 1814 4451 bivios.
1829 4415 1879 4429 -

707 4498 873 4571 Βίηαπτί.
895 4496 960 4571 llic
977 4503 1084 4591 poeta
1101 4494 1271 4571 describit
1287 4503 1412 4569 ortum
1429 4494 1591 4569 duorum
1612 4496 1810 4571 lluviornm
1827 4488 1878 4591 (¹),

707 4638 801 4710 quos
821 4618 899 4712 jam
931 4615 1118 4711 descripsit
1152 4630 1275 4711 supra,
1301 4614 1436 4709 quibus
1460 4614 1636 4711 irrigatur
1671 4622 1745 4690 tota
1775 4617 1879 4713 sylva

707 4742 843 4832 sancta,
870 4736 1005 4811 scilicet
1038 4737 1191 4811 bethem
1218 4740 1255 4811 et
1279 4736 1419 4831 Euboe,
1446 4754 1540 4829 quos
1564 4734 1649 4809 dicit
1673 4755 1719 4811 er
1746 4736 1876 4813 eodem

709 4855 809 4932 sonte
839 4856 936 4931 nasci
967 4856 1062 4931 sicut
1086 4856 1147 4931 illa
1171 4856 1247 4930 duo
1272 4856 1423 4929 llumina
1455 4856 1659 4951 Euphrates
1683 4864 1722 4932 et
1749 4856 1880 4953 Tigris,

771 5116 798 5179 (¹)
813 5114 844 5165 E.
860 5115 1033 5169 firmaverant
1284 5114 1381 5178 (bill,
1397 5114 1545 5169 fluminum.
1652 5194 1655 5209 Ι
