4575 6842
709 965 849 1022 csnrus
874 967 1064 1023 vronsnrus
1087 933 1265 1034 ounnrus.
1522 952 1569 1022 79

402 1111 548 1208 Romae3
575 1112 673 1188 unde
696 1112 801 1188 dicit:
827 1105 918 1205 pert
946 1114 1007 1186 cte
1022 1115 1051 1186 ’t
1075 1113 1166 1204 toro,
1195 1111 1341 1206 scilieet,
1370 1111 1571 1206 Florentia3

402 1234 505 1328 septi
529 1255 555 1306 a
579 1235 676 1308 viver
697 1241 811 1326 posto,
838 1231 939 1327 idest,
960 1251 982 1306 a
1008 1230 1233 1328 parentibus,
1251 1231 1310 1306 vel
1334 1232 1494 1326 fortuna,
1512 1227 1575 1324 pot

402 1355 595 1447 sispotpro,
629 1353 730 1447 idest,
762 1351 949 1448 spoliatur,
975 1351 1270 1445 excarnificatur,
1296 1354 1334 1425 di
1363 1353 1441 1443 ben,
1470 1351 1572 1445 idest,

402 1472 506 1547 bonis
531 1473 618 1547 viris
643 1478 680 1548 et
705 1471 810 1546 bonis
834 1471 1017 1567 operibus,
1034 1473 1072 1545 di
1093 1473 1222 1562 piomo
1245 1473 1284 1543 in
1307 1473 1450 1562 pionte,
1468 1470 1572 1565 idest,

402 1591 441 1666 in
465 1592 559 1668 dies:
585 1591 690 1686 quasi
715 1591 829 1668 dicat:
857 1612 933 1686 vos,
952 1591 1015 1686 qui
1040 1589 1210 1666 solebatis
1227 1609 1308 1666 esse
1327 1589 1481 1686 pingues
1498 1611 1572 1664 non

405 1711 456 1787 ita
474 1712 649 1808 paulatim
666 1712 929 1789 demaeramini
943 1705 994 1808 (¹),
1012 1711 1104 1787 sicut
1122 1710 1305 1786 Florentia
1321 1712 1429 1807 plena
1448 1711 1495 1786 de
1513 1711 1573 1788 die

403 1830 440 1906 in
465 1831 562 1907 diem
588 1833 734 1908 videtur
758 1833 943 1930 spolianda
968 1833 1125 1927 oivibns3
1148 1832 1246 1907 unde
1261 1831 1405 1907 dicitze
1428 1853 1452 1904 a
1472 1836 1574 1908 trista

403 1953 510 2024 ruina
528 1973 604 2045 por
628 1955 791 2046 disposto.
810 1953 887 2028 lloo
903 1952 999 2047 dicit,
1017 1953 1103 2047 quia
1129 1953 1167 2026 in
1188 1952 1250 2027 illo
1270 1952 1463 2030 millesimo
1483 1973 1574 2028 con·

404 2077 508 2166 ospta
534 2077 615 2147 erat
639 2072 752 2148 civilis
777 2073 955 2148 discordia
983 2072 1057 2148 cito
1088 2072 1336 2170 parturienda,
1362 2093 1430 2168 per
1457 2094 1572 2168 quam

405 2191 481 2288 ipse
498 2173 578 2268 erat
595 2193 831 2290 expellendus
858 2215 930 2268 non
956 2195 1154 2269 rediturus.
1170 2233 1220 2248 -
1236 2198 1289 2269 Or
1304 2216 1361 2268 oo.
1382 2194 1448 2268 llio
1465 2205 1573 2291 poeta

404 2313 559 2389 ostendit
584 2319 622 2389 et
647 2315 747 2410 ponit
771 2314 1058 2389 consolationem
1081 2313 1218 2390 Foresii
1243 2333 1354 2409 super
1379 2313 1575 2389 desolatio-

404 2452 489 2506 nem
500 2425 537 2526 (²)
564 2433 701 2529 patriae,
731 2434 865 2529 dicens,
897 2433 996 2528 quod
1030 2434 1103 2509 cito
1136 2432 1261 2509 veniet
1290 2432 1473 2528 jndieium
1508 2432 1575 2510 liei

405 2571 515 2647 super
545 2553 660 2648 illum,
687 2553 750 2648 qni
784 2553 853 2628 erit
886 2573 995 2628 eausa
1027 2560 1065 2628 et
1090 2551 1296 2649 principalis
1327 2559 1438 2626 autor
1471 2553 1576 2628 istius

405 2671 630 2746 turbationis.
649 2673 694 2746 Et
708 2673 755 2748 ad
781 2673 1055 2769 intelligentiam
1077 2672 1187 2746 buius
1204 2672 1331 2766 literas,
1349 2693 1433 2767 quae
1450 2673 1575 2748 multis

406 2789 550 2865 videtur
574 2792 743 2887 obscura,
770 2797 824 2867 est
849 2791 1049 2885 selendum,
1068 2792 1167 2887 quod
1192 2791 1343 2866 Cursius
1362 2792 1409 2867 de
1425 2791 1575 2867 Donatis

406 2910 511 2986 miles
536 2912 812 3006 probatissimus
827 2913 962 3006 anirno,
981 2933 1093 3014 manu
1115 2919 1153 2987 et
1169 2912 1307 3009 lingua,
1324 2912 1388 3007 qui
1408 2913 1575 3008 princeps

407 3030 518 3124 partis
544 3031 668 3128 nigras,
695 3031 869 3106 reduetus
894 3031 931 3106 in
958 3031 1178 3107 Florentiam
1205 3051 1272 3127 per
1297 3031 1471 3106 carolum
1496 3032 1576 3107 sine

407 3155 507 3226 terra
537 3149 756 3246 deposuerat
785 3157 927 3247 partem
959 3151 1095 3244 albam,
1125 3171 1211 3226 ourn
1244 3158 1341 3226 esset
1370 3151 1407 3225 in
1439 3171 1575 3249 magno

406 3271 496 3345 flore
521 3276 559 3345 et
582 3277 772 3366 potentatu
787 3261 835 3366 (³),
861 3270 979 3348 laetus
999 3277 1054 3346 est
1071 3277 1262 3367 suspectus
1279 3271 1492 3367 regentibus
1509 3289 1576 3365 po·

405 3389 548 3485 pulum,
566 3389 624 3465 vel
649 3391 735 3486 quia
761 3391 953 3466 videbatur
969 3411 1049 3466 esse
1066 3389 1249 3484 dominus,
1266 3410 1341 3464 non
1357 3390 1498 3485 socius3
1516 3392 1577 3468 vel

405 3509 493 3603 quia
518 3509 711 3584 videbatur
724 3498 761 3604 (⁴)
789 3531 863 3587 non
887 3509 996 3604 mgna
1021 3510 1183 3605 tractari,
1204 3530 1293 3585 oum
1315 3510 1444 3586 luisset
1469 3511 1578 3587 reouss

405 3634 554 3725 perator
578 3629 691 3724 partis
715 3629 848 3728 nigrae3
872 3630 936 3706 sed
956 3631 1141 3726 praeoipue
1157 3629 1305 3705 odiosus
1322 3631 1468 3726 populo,
1490 3631 1578 3725 quia

406 3747 523 3824 laetus
547 3747 670 3823 luerat
701 3747 806 3824 sooer
838 3749 1033 3847 Ugucionis
1063 3750 1110 3826 do
1141 3750 1288 3848 Fagiola
1313 3750 1451 3825 domini
1477 3751 1578 3827 Pisa-

409 3889 493 3942 rum
514 3867 752 3965 potentissimi
779 3870 889 3946 bostis
919 3870 1210 3947 florentinorum.
1239 3873 1364 3960 Quare
1396 3872 1578 3948 concitato

408 3989 569 4063 tumultu
595 3989 717 4085 populi
744 3989 904 4066 timentis
920 3989 1123 4066 animosam
1142 3990 1335 4066 audaciam
1354 3991 1445 4085 eins,
1463 3992 1500 4066 in
1519 3992 1579 4065 tu-

410 4129 494 4185 rore
510 4109 578 4182 luit
593 4109 737 4205 citatus,
747 4109 929 4204 bannitus,
943 4117 981 4184 et
996 4099 1268 4186 condemnatus
1278 4111 1317 4185 in
1333 4131 1448 4207 parva
1466 4113 1576 4204 bora3

409 4234 448 4304 ot·
468 4229 538 4304 sub
563 4229 695 4306 vexillo
715 4229 876 4326 justitie,
895 4250 981 4306 curn
1007 4236 1197 4325 potestate,
1216 4230 1417 4326 capitaneo,
1435 4236 1473 4305 et
1498 4229 1578 4306 aliis

409 4349 680 4446 magistratibus
697 4349 790 4424 itum
808 4357 863 4426 est
879 4350 926 4425 od
946 4370 1047 4444 eum,
1065 4356 1258 4444 tamquam
1276 4370 1384 4425 reum
1406 4351 1578 4425 maiesta-

411 4468 471 4542 tis:
502 4469 565 4563 qni
586 4469 822 4564 praesentiens
852 4469 1029 4567 impetum
1060 4469 1164 4545 iratoe
1198 4469 1450 4565 multitudinis,
1481 4489 1580 4566 proe·

411 4589 619 4665 muniverat
654 4611 695 4666 se
732 4610 819 4666 oum
856 4590 932 4664 suis
961 4591 998 4665 in
1030 4590 1152 4687 burgo
1175 4591 1291 4666 sancti
1315 4589 1426 4685 Petri,
1450 4596 1488 4667 et
1512 4613 1579 4688 po-

411 4713 529 4784 tenter
563 4710 695 4786 resistit
729 4729 848 4805 nsque
885 4709 921 4784 in
952 4729 1170 4805 vesperam:
1204 4711 1350 4786 tandem
1384 4711 1579 4787 destitutus

412 4835 556 4923 sperato
572 4829 710 4904 auritio
727 4829 855 4925 soceri,
869 4829 1031 4904 deseruit
1046 4829 1188 4925 domos,
1202 4850 1286 4924 quae
1302 4830 1476 4930 oontinuo
1493 4837 1580 4906 sunt

471 5014 497 5078 (¹)
514 5015 545 5066 n.
561 5015 769 5070 demonstrarint.
957 5017 984 5080 ι’)
1000 5017 1031 5069 E.
1048 5017 1207 5069 dmobttona
1222 5020 1321 5083 muto.

472 5091 499 5154 (Ἴ
516 5096 570 5154 117,
586 5093 710 5157 potentia.
956 5093 983 5158 [1)
1000 5097 1055 5156 117,
1072 5093 1207 5146 utemur
1221 5094 1270 5146 sibl
1284 5107 1338 5146 non
1352 5093 1438 5160 mgna.
