4575 6842
737 959 809 1025 tut
1095 968 1300 1024 connnruu
1325 970 1545 1027 innormen

735 1390 903 1459 CANTUS
927 1390 1197 1475 TRIGESIMUS,
1220 1394 1257 1459 iu
1277 1414 1337 1478 quo
1360 1399 1478 1460 uuum
1497 1394 1579 1461 sicut
1592 1392 1733 1461 Brut-lu
1755 1393 1909 1479 apponte

814 1504 975 1571 diodoto
992 1504 1147 1586 flummts,·
1169 1511 1198 1571 et
1219 1506 1301 1572 elcut
1321 1506 1381 1573 ullu
1402 1504 1531 1573 domm
1548 1526 1618 1591 quoe
1636 1505 1908 1590 apparatuum

806 1618 904 1699 prices
925 1617 1025 1683 multu
1045 1619 1216 1699 receptavit
1237 1616 1382 1684 Bcutrici
1403 1618 1442 1685 dc
1462 1620 1594 1685 crimine
1616 1618 1738 1686 Dentis
1760 1623 1907 1705 euripos

811 1729 1008 1813 relinquerat
1035 1750 1104 1795 eam
1124 1749 1191 1812 pro
1220 1729 1295 1795 allia
1320 1731 1430 1811 uuum,
1460 1736 1491 1797 ct
1518 1732 1600 1798 alud
1620 1730 1746 1799 Duutce
1761 1732 1907 1816 ploravit

811 1860 917 1905 eorm
937 1841 1011 1923 ipsu
1032 1860 1066 1905 se
1082 1840 1219 1922 puderse.

814 2098 1025 2306 Quemne
1048 2195 1075 2267 u
1097 2195 1297 2266 settentrtou
1313 2195 1371 2265 del
1381 2195 1500 2284 prtmo
1525 2195 1622 2266 ciclo.
1642 2193 1841 2287 Postquam
1867 2194 1905 2269 lu

732 2314 951 2410 precedenti
969 2313 1127 2408 capitulo
1149 2317 1256 2407 poeta
1276 2318 1401 2387 noster
1417 2312 1606 2408 descripsit
1622 2311 1826 2409 figuraliter
1842 2334 1903 2389 ec·

731 2433 878 2509 clesiam
892 2432 956 2507 Dei
971 2430 1197 2526 militantem,
1209 2452 1307 2506 nunc
1319 2438 1588 2526 consequenter
1603 2432 1640 2505 in
1653 2433 1722 2505 isto
1732 2433 1831 2508 XXX
1841 2455 1903 2509 oa·

733 2554 847 2651 pitulo
866 2553 1062 2629 introducit
1085 2552 1302 2647 Beatricem,
1323 2572 1408 2647 quae
1431 2551 1536 2627 docet
1560 2558 1759 2647 utramque
1783 2556 1904 2632 eccle·

734 2674 825 2749 siam
844 2680 885 2749 ut
901 2694 967 2769 per
987 2674 1202 2749 militantem
1225 2679 1407 2769 praeparet
1427 2693 1516 2747 eum
1539 2673 1586 2749 ad
1603 2674 1902 2770 triumphantem.

734 2921 857 3010 partes
873 2915 1080 3011 generales3
1095 2914 1131 2987 in
1145 2912 1262 3008 prima
1280 2933 1440 3007 quarum
1456 2913 1674 2988 continuans
1690 2934 1731 2989 se
1746 2915 1794 2989 ad
1807 2936 1901 3010 prce·

733 3036 910 3129 rcdentia,
936 3034 1092 3110 ostendit
1116 3034 1274 3128 qualiter
1296 3034 1480 3109 exercitus
1504 3034 1572 3109 iste
1595 3032 1811 3109 victoriosus
1836 3056 1903 3130 po·

733 3155 848 3232 suerit
864 3176 1048 3250 campum.
1066 3156 1106 3228 ln
1127 3154 1287 3229 secunda
1307 3154 1477 3229 describit
1502 3153 1616 3249 ipsam
1635 3154 1838 3229 Boatricem
1866 3156 1902 3229 in

737 3278 863 3351 nabitu
877 3283 914 3351 et
925 3284 1022 3371 actu,
1036 3276 1101 3350 ibi:
1115 3281 1156 3347 Io
1171 3278 1242 3349 uidi
1252 3266 1323 3366 uid.
1334 3276 1373 3348 ln
1386 3275 1494 3349 tertia
1508 3275 1794 3371 increpationem
1807 3276 1903 3350 illius

733 3397 779 3472 ad
792 3417 844 3491 se,
858 3403 895 3472 et
911 3395 1165 3491 increpationis
1181 3394 1366 3488 ellectum,
1384 3395 1451 3469 lbi:
1481 3400 1591 3485 Quasi
1606 3398 1842 3487 ummiruptio.
1861 3397 1901 3471 ln

732 3524 866 3611 quarta
883 3521 920 3591 et
938 3516 1065 3590 ultime
1084 3515 1231 3589 Beatrin
1249 3514 1334 3591 lacit
1351 3533 1523 3611 magnam
1544 3515 1899 3591 commendationem

733 3636 779 3711 de
792 3637 918 3730 Dante,
933 3642 974 3708 ut
988 3634 1191 3710 evidentius
1207 3640 1340 3731 arguat
1356 3634 1436 3710 eius
1453 3656 1633 3729 errorem,
1647 3636 1715 3710 ibi:
1729 3638 1900 3728 Ettu,pur

730 3760 857 3850 fama.
876 3756 930 3829 Ad
949 3754 1111 3850 primum
1129 3755 1280 3830 veniens
1297 3754 1379 3829 dico
1396 3754 1494 3849 quod
1511 3763 1619 3850 poeta
1636 3756 1791 3831 ostendit
1807 3776 1902 3851 quo—

732 3876 843 3950 modo
860 3874 1043 3950 exercitus
1063 3875 1333 3970 suprascriptus
1349 3875 1468 3970 primo
1486 3875 1597 3951 luerit
1620 3882 1902 3953 castrametatus

732 4016 797 4092 per
812 4017 924 4070 unam
938 3996 1249 4090 comparationem
1264 3996 1533 4071 subtilissimam
1548 4004 1586 4071 et
1598 3996 1899 4092 propriissimam3

730 4116 813 4191 ideo
839 4121 893 4191 est
919 4114 976 4190 hic
1002 4114 1238 4189 insistendum
1264 4104 1479 4211 specialiter,
1497 4118 1583 4211 quia
1602 4124 1724 4192 textus
1749 4118 1818 4192 iste
1843 4125 1899 4193 est

731 4237 911 4313 obscurus
936 4243 974 4311 et
999 4237 1094 4311 malo
1119 4236 1305 4331 expositus
1329 4256 1352 4310 a
1378 4236 1562 4333 plurimis3
1588 4238 1671 4313 idco
1698 4245 1898 4333 antequam

731 4358 875 4433 veniam
910 4357 957 4432 ad
990 4346 1145 4450 literam,
1172 4357 1387 4432 sententiam
1420 4358 1633 4433 enucleabo.
1661 4357 1775 4456 igitur
1800 4365 1898 4454 nota,

730 4479 855 4571 lector,
879 4477 978 4572 quod
1002 4483 1110 4573 poeta
1135 4476 1172 4551 in
1197 4476 1331 4551 ellectu
1357 4499 1431 4553 non
1456 4477 1536 4551 vult
1560 4478 1660 4551 aliud
1684 4478 1806 4554 dicere
1831 4480 1900 4553 nisi

730 4597 829 4690 quod
854 4596 948 4671 sicut
973 4596 1198 4673 constellatio
1223 4598 1537 4692 septemtrionalis,
1553 4618 1637 4692 quae
1656 4597 1788 4672 dicitur
1813 4620 1901 4674 cur-

731 4737 806 4810 rus,
832 4722 1002 4791 constans
1028 4737 1074 4792 ex
1100 4724 1240 4811 septem
1267 4718 1378 4791 stellis
1399 4718 1461 4792 ubi
1479 4725 1535 4791 est
1552 4724 1796 4812 tramoutana,
1814 4718 1901 4793 diri·

729 4837 781 4933 git
806 4858 934 4913 omnes
960 4838 1174 4934 navigantes
1198 4836 1236 4911 in
1263 4838 1402 4914 mundo
1423 4847 1549 4913 nostro
1573 4838 1610 4913 in
1636 4839 1695 4913 via
1715 4860 1783 4913 sua
1801 4840 1901 4914 etad

730 4965 876 5055 portum
896 4980 1026 5052 suum;
1054 4960 1102 5034 ita
1129 4967 1230 5034 recte
1254 4982 1277 5034 a
1303 4960 1419 5053 simili,
1439 4959 1505 5035 ista
1522 4966 1662 5055 septem
1681 4959 1901 5036 candelabra

730 5098 815 5172 quae
840 5084 925 5153 sunt
949 5085 1088 5175 septem
1113 5079 1210 5155 dona
1234 5079 1388 5176 Spiritus
1412 5081 1540 5175 sancti,
1565 5086 1755 5175 tamquam
1785 5082 1899 5157 coele-
