<?xml version="1.0" encoding="UTF-8"?>
<!DOCTYPE html PUBLIC "-//W3C//DTD XHTML 1.0 Transitional//EN"
    "http://www.w3.org/TR/xhtml1/DTD/xhtml1-transitional.dtd">
<html xmlns="http://www.w3.org/1999/xhtml" xml:lang="en" lang="en">
 <head>
  <title>
</title>
<meta http-equiv="Content-Type" content="text/html;charset=utf-8" />
  <meta name='ocr-system' content='tesseract 3.04.00' />
  <meta name='ocr-capabilities' content='ocr_page ocr_carea ocr_par ocr_line ocrx_word'/>
</head>
<body>
  <div class='ocr_page' id='page_1' title='image "./comentumsuperda00unkngoog_0456.png"; bbox 0 0 4575 6842; ppageno 0'>
   <div class='ocr_carea' id='block_1_1' title="bbox 721 968 1509 1040">
    <p class='ocr_par' dir='ltr' id='par_1_1' title="bbox 721 968 1509 1040">
     <span class='ocr_line' id='line_1_1' title="bbox 721 968 1509 1040; baseline -0.016 0"><span class='ocrx_word' id='word_1_1' title='bbox 721 968 794 1040; x_wconf 76' lang='lat' dir='ltr'><strong>itt</strong></span> <span class='ocrx_word' id='word_1_2' title='bbox 1113 976 1318 1033; x_wconf 79' lang='lat' dir='ltr'><strong>coumvnuu</strong></span> <span class='ocrx_word' id='word_1_3' title='bbox 1343 974 1509 1033; x_wconf 76' lang='lat' dir='ltr'><strong>anasum</strong></span> 
     </span>
    </p>
   </div>
   <div class='ocr_carea' id='block_1_2' title="bbox 719 1117 1903 4955">
    <p class='ocr_par' dir='ltr' id='par_1_2' title="bbox 719 1117 1903 4955">
     <span class='ocr_line' id='line_1_2' title="bbox 722 1117 1893 1220; baseline -0.009 -17"><span class='ocrx_word' id='word_1_4' title='bbox 722 1146 795 1203; x_wconf 88' lang='lat' dir='ltr'><strong>una</strong></span> <span class='ocrx_word' id='word_1_5' title='bbox 820 1129 948 1199; x_wconf 77' lang='lat' dir='ltr'><strong>astate</strong></span> <span class='ocrx_word' id='word_1_6' title='bbox 971 1122 1126 1199; x_wconf 81' lang='lat' dir='ltr'><strong>dnonas.</strong></span> <span class='ocrx_word' id='word_1_7' title='bbox 1142 1122 1303 1199; x_wconf 88' lang='lat' dir='ltr'><strong>victoriis</strong></span> <span class='ocrx_word' id='word_1_8' title='bbox 1321 1122 1505 1220; x_wconf 83' lang='lat' dir='ltr'><strong>gloriosus</strong></span> <span class='ocrx_word' id='word_1_9' title='bbox 1530 1118 1661 1195; x_wconf 76' lang='lat' dir='ltr'><strong>redivit</strong></span> <span class='ocrx_word' id='word_1_10' title='bbox 1686 1119 1724 1195; x_wconf 88' lang='lat' dir='ltr'><strong>in</strong></span> <span class='ocrx_word' id='word_1_11' title='bbox 1740 1117 1893 1195; x_wconf 77' lang='lat' dir='ltr'><strong>Galim</strong></span> 
     </span>
     <span class='ocr_line' id='line_1_3' title="bbox 720 1231 1897 1340; baseline -0.005 -21"><span class='ocrx_word' id='word_1_12' title='bbox 720 1242 978 1340; x_wconf 83' lang='lat' dir='ltr'><strong>*cisalpinam</strong></span> <span class='ocrx_word' id='word_1_13' title='bbox 1004 1243 1128 1317; x_wconf 70' lang='lat' dir='ltr'><strong>Cesar</strong></span> <span class='ocrx_word' id='word_1_14' title='bbox 1152 1242 1283 1319; x_wconf 90' lang='lat' dir='ltr'><strong>deiude</strong></span> <span class='ocrx_word' id='word_1_15' title='bbox 1309 1262 1482 1317; x_wconf 87' lang='lat' dir='ltr'><strong>reversus</strong></span> <span class='ocrx_word' id='word_1_16' title='bbox 1506 1240 1544 1315; x_wconf 95' lang='lat' dir='ltr'><strong>in</strong></span> <span class='ocrx_word' id='word_1_17' title='bbox 1567 1238 1756 1315; x_wconf 84' lang='lat' dir='ltr'><strong>Galliam*</strong></span> <span class='ocrx_word' id='word_1_18' title='bbox 1771 1231 1809 1331; x_wconf 82' lang='lat'><strong>(¹)</strong></span> <span class='ocrx_word' id='word_1_19' title='bbox 1831 1239 1897 1313; x_wconf 75' lang='lat' dir='ltr'><strong>lra-</strong></span> 
     </span>
     <span class='ocr_line' id='line_1_4' title="bbox 720 1359 1897 1455; baseline -0.008 -12"><span class='ocrx_word' id='word_1_20' title='bbox 720 1364 802 1443; x_wconf 88' lang='lat' dir='ltr'><strong>buit</strong></span> <span class='ocrx_word' id='word_1_21' title='bbox 833 1364 972 1439; x_wconf 93' lang='lat' dir='ltr'><strong>bellum</strong></span> <span class='ocrx_word' id='word_1_22' title='bbox 1007 1361 1277 1439; x_wconf 85' lang='lat' dir='ltr'><strong>atrocissimum</strong></span> <span class='ocrx_word' id='word_1_23' title='bbox 1311 1382 1397 1439; x_wconf 92' lang='lat' dir='ltr'><strong>cum</strong></span> <span class='ocrx_word' id='word_1_24' title='bbox 1439 1360 1590 1455; x_wconf 86' lang='lat' dir='ltr'><strong>Nerviis,</strong></span> <span class='ocrx_word' id='word_1_25' title='bbox 1621 1359 1685 1455; x_wconf 87' lang='lat' dir='ltr'><strong>qui</strong></span> <span class='ocrx_word' id='word_1_26' title='bbox 1720 1360 1824 1434; x_wconf 77' lang='lat' dir='ltr'><strong>ieros</strong></span> <span class='ocrx_word' id='word_1_27' title='bbox 1857 1364 1897 1433; x_wconf 87' lang='lat' dir='ltr'><strong>et</strong></span> 
     </span>
     <span class='ocr_line' id='line_1_5' title="bbox 719 1481 1896 1580; baseline -0.008 -17"><span class='ocrx_word' id='word_1_28' title='bbox 719 1483 858 1563; x_wconf 76' lang='lat' dir='ltr'><strong>dorum</strong></span> <span class='ocrx_word' id='word_1_29' title='bbox 883 1503 1002 1580; x_wconf 78' lang='lat' dir='ltr'><strong>genus</strong></span> <span class='ocrx_word' id='word_1_30' title='bbox 1024 1481 1230 1576; x_wconf 87' lang='lat' dir='ltr'><strong>bominum,</strong></span> <span class='ocrx_word' id='word_1_31' title='bbox 1248 1488 1324 1557; x_wconf 72' lang='lat' dir='ltr'><strong>mm</strong></span> <span class='ocrx_word' id='word_1_32' title='bbox 1353 1481 1534 1557; x_wconf 84' lang='lat' dir='ltr'><strong>obstinate</strong></span> <span class='ocrx_word' id='word_1_33' title='bbox 1558 1485 1832 1578; x_wconf 77' lang='lat' dir='ltr'><strong>pugnaverunt,</strong></span> <span class='ocrx_word' id='word_1_34' title='bbox 1854 1484 1896 1553; x_wconf 79' lang='lat' dir='ltr'><strong>et</strong></span> 
     </span>
     <span class='ocr_line' id='line_1_6' title="bbox 719 1600 1893 1699; baseline -0.004 -19"><span class='ocrx_word' id='word_1_35' title='bbox 719 1604 864 1699; x_wconf 86' lang='lat' dir='ltr'><strong>equites</strong></span> <span class='ocrx_word' id='word_1_36' title='bbox 887 1602 1127 1679; x_wconf 83' lang='lat' dir='ltr'><strong>Trevirorum</strong></span> <span class='ocrx_word' id='word_1_37' title='bbox 1154 1603 1325 1699; x_wconf 81' lang='lat' dir='ltr'><strong>lugerent</strong></span> <span class='ocrx_word' id='word_1_38' title='bbox 1354 1603 1419 1697; x_wconf 90' lang='lat' dir='ltr'><strong>qui</strong></span> <span class='ocrx_word' id='word_1_39' title='bbox 1445 1608 1624 1677; x_wconf 86' lang='lat' dir='ltr'><strong>venerant</strong></span> <span class='ocrx_word' id='word_1_40' title='bbox 1649 1600 1686 1675; x_wconf 90' lang='lat' dir='ltr'><strong>iu</strong></span> <span class='ocrx_word' id='word_1_41' title='bbox 1712 1600 1893 1675; x_wconf 82' lang='lat' dir='ltr'><strong>auxilium</strong></span> 
     </span>
     <span class='ocr_line' id='line_1_7' title="bbox 721 1719 1896 1819; baseline -0.007 -16"><span class='ocrx_word' id='word_1_42' title='bbox 721 1724 886 1803; x_wconf 72' lang='lat' dir='ltr'><strong>essens</strong></span> <span class='ocrx_word' id='word_1_43' title='bbox 911 1722 983 1799; x_wconf 89' lang='lat' dir='ltr'><strong>Sed</strong></span> <span class='ocrx_word' id='word_1_44' title='bbox 1006 1722 1129 1801; x_wconf 72' lang='lat' dir='ltr'><strong>Getam</strong></span> <span class='ocrx_word' id='word_1_45' title='bbox 1154 1742 1242 1799; x_wconf 89' lang='lat' dir='ltr'><strong>cum</strong></span> <span class='ocrx_word' id='word_1_46' title='bbox 1267 1743 1414 1819; x_wconf 89' lang='lat' dir='ltr'><strong>semper</strong></span> <span class='ocrx_word' id='word_1_47' title='bbox 1443 1722 1701 1819; x_wconf 79' lang='lat' dir='ltr'><strong>magnanimus</strong></span> <span class='ocrx_word' id='word_1_48' title='bbox 1726 1728 1833 1816; x_wconf 86' lang='lat' dir='ltr'><strong>esset,</strong></span> <span class='ocrx_word' id='word_1_49' title='bbox 1858 1719 1896 1795; x_wconf 90' lang='lat' dir='ltr'><strong>iu</strong></span> 
     </span>
     <span class='ocr_line' id='line_1_8' title="bbox 723 1834 1894 1942; baseline -0.007 -19"><span class='ocrx_word' id='word_1_50' title='bbox 723 1845 865 1942; x_wconf 77' lang='lat' dir='ltr'><strong>magnis</strong></span> <span class='ocrx_word' id='word_1_51' title='bbox 886 1843 1056 1939; x_wconf 90' lang='lat' dir='ltr'><strong>periculis</strong></span> <span class='ocrx_word' id='word_1_52' title='bbox 1074 1844 1258 1919; x_wconf 84' lang='lat' dir='ltr'><strong>maximus</strong></span> <span class='ocrx_word' id='word_1_53' title='bbox 1271 1834 1323 1938; x_wconf 78' lang='lat'><strong>(²),</strong></span> <span class='ocrx_word' id='word_1_54' title='bbox 1340 1844 1520 1919; x_wconf 88' lang='lat' dir='ltr'><strong>auxilium</strong></span> <span class='ocrx_word' id='word_1_55' title='bbox 1541 1842 1641 1937; x_wconf 87' lang='lat' dir='ltr'><strong>quod</strong></span> <span class='ocrx_word' id='word_1_56' title='bbox 1657 1842 1803 1917; x_wconf 75' lang='lat' dir='ltr'><strong>aliunde</strong></span> <span class='ocrx_word' id='word_1_57' title='bbox 1821 1862 1894 1916; x_wconf 90' lang='lat' dir='ltr'><strong>non</strong></span> 
     </span>
     <span class='ocr_line' id='line_1_9' title="bbox 722 1962 1895 2062; baseline -0.003 -23"><span class='ocrx_word' id='word_1_58' title='bbox 722 1971 866 2062; x_wconf 88' lang='lat' dir='ltr'><strong>poterat</strong></span> <span class='ocrx_word' id='word_1_59' title='bbox 890 1986 913 2039; x_wconf 90' lang='lat' dir='ltr'><strong>a</strong></span> <span class='ocrx_word' id='word_1_60' title='bbox 939 1964 1059 2059; x_wconf 87' lang='lat' dir='ltr'><strong>seipso</strong></span> <span class='ocrx_word' id='word_1_61' title='bbox 1082 1964 1245 2059; x_wconf 82' lang='lat' dir='ltr'><strong>accepit3</strong></span> <span class='ocrx_word' id='word_1_62' title='bbox 1274 1986 1359 2039; x_wconf 91' lang='lat' dir='ltr'><strong>nam</strong></span> <span class='ocrx_word' id='word_1_63' title='bbox 1386 1963 1552 2040; x_wconf 88' lang='lat' dir='ltr'><strong>detracto</strong></span> <span class='ocrx_word' id='word_1_64' title='bbox 1577 1970 1682 2039; x_wconf 85' lang='lat' dir='ltr'><strong>scuto</strong></span> <span class='ocrx_word' id='word_1_65' title='bbox 1707 1964 1771 2038; x_wconf 94' lang='lat' dir='ltr'><strong>uui</strong></span> <span class='ocrx_word' id='word_1_66' title='bbox 1793 1962 1895 2039; x_wconf 92' lang='lat' dir='ltr'><strong>militi</strong></span> 
     </span>
     <span class='ocr_line' id='line_1_10' title="bbox 722 2084 1898 2181; baseline -0.003 -18"><span class='ocrx_word' id='word_1_67' title='bbox 722 2106 792 2163; x_wconf 82' lang='lat' dir='ltr'><strong>suo</strong></span> <span class='ocrx_word' id='word_1_68' title='bbox 816 2084 853 2161; x_wconf 90' lang='lat' dir='ltr'><strong>in</strong></span> <span class='ocrx_word' id='word_1_69' title='bbox 879 2084 1037 2181; x_wconf 82' lang='lat' dir='ltr'><strong>primam</strong></span> <span class='ocrx_word' id='word_1_70' title='bbox 1062 2084 1180 2161; x_wconf 88' lang='lat' dir='ltr'><strong>aciem</strong></span> <span class='ocrx_word' id='word_1_71' title='bbox 1207 2104 1374 2180; x_wconf 86' lang='lat' dir='ltr'><strong>currens,</strong></span> <span class='ocrx_word' id='word_1_72' title='bbox 1398 2104 1529 2161; x_wconf 88' lang='lat' dir='ltr'><strong>amore</strong></span> <span class='ocrx_word' id='word_1_73' title='bbox 1553 2090 1591 2160; x_wconf 92' lang='lat' dir='ltr'><strong>et</strong></span> <span class='ocrx_word' id='word_1_74' title='bbox 1621 2084 1762 2179; x_wconf 90' lang='lat' dir='ltr'><strong>pudore</strong></span> <span class='ocrx_word' id='word_1_75' title='bbox 1788 2104 1898 2159; x_wconf 89' lang='lat' dir='ltr'><strong>revo-</strong></span> 
     </span>
     <span class='ocr_line' id='line_1_11' title="bbox 721 2204 1898 2303; baseline -0.003 -20"><span class='ocrx_word' id='word_1_76' title='bbox 721 2207 812 2283; x_wconf 85' lang='lat' dir='ltr'><strong>catis</strong></span> <span class='ocrx_word' id='word_1_77' title='bbox 836 2205 912 2280; x_wconf 90' lang='lat' dir='ltr'><strong>suis</strong></span> <span class='ocrx_word' id='word_1_78' title='bbox 929 2205 1167 2303; x_wconf 73' lang='lat' dir='ltr'><strong>reintegravit</strong></span> <span class='ocrx_word' id='word_1_79' title='bbox 1184 2227 1358 2303; x_wconf 80' lang='lat' dir='ltr'><strong>pugnam.</strong></span> <span class='ocrx_word' id='word_1_80' title='bbox 1377 2204 1435 2281; x_wconf 91' lang='lat' dir='ltr'><strong>Sic</strong></span> <span class='ocrx_word' id='word_1_81' title='bbox 1454 2226 1607 2281; x_wconf 88' lang='lat' dir='ltr'><strong>romana</strong></span> <span class='ocrx_word' id='word_1_82' title='bbox 1625 2205 1898 2302; x_wconf 86' lang='lat' dir='ltr'><strong>perseverantia</strong></span> 
     </span>
     <span class='ocr_line' id='line_1_12' title="bbox 721 2326 1898 2423; baseline -0.002 -22"><span class='ocrx_word' id='word_1_83' title='bbox 721 2326 960 2423; x_wconf 78' lang='lat' dir='ltr'><strong>pertinaciam</strong></span> <span class='ocrx_word' id='word_1_84' title='bbox 984 2326 1204 2402; x_wconf 87' lang='lat' dir='ltr'><strong>Nerviorum</strong></span> <span class='ocrx_word' id='word_1_85' title='bbox 1224 2326 1320 2421; x_wconf 87' lang='lat' dir='ltr'><strong>vicit,</strong></span> <span class='ocrx_word' id='word_1_86' title='bbox 1346 2332 1383 2403; x_wconf 87' lang='lat' dir='ltr'><strong>et</strong></span> <span class='ocrx_word' id='word_1_87' title='bbox 1407 2326 1529 2403; x_wconf 84' lang='lat' dir='ltr'><strong>Caesar</strong></span> <span class='ocrx_word' id='word_1_88' title='bbox 1548 2326 1664 2401; x_wconf 87' lang='lat' dir='ltr'><strong>iactus</strong></span> <span class='ocrx_word' id='word_1_89' title='bbox 1683 2332 1739 2401; x_wconf 89' lang='lat' dir='ltr'><strong>est</strong></span> <span class='ocrx_word' id='word_1_90' title='bbox 1758 2326 1898 2419; x_wconf 82' lang='lat' dir='ltr'><strong>victor3</strong></span> 
     </span>
     <span class='ocr_line' id='line_1_13' title="bbox 722 2446 1898 2545; baseline -0.006 -19"><span class='ocrx_word' id='word_1_91' title='bbox 722 2469 792 2545; x_wconf 84' lang='lat' dir='ltr'><strong>pm</strong></span> <span class='ocrx_word' id='word_1_92' title='bbox 817 2467 890 2543; x_wconf 83' lang='lat' dir='ltr'><strong>qua</strong></span> <span class='ocrx_word' id='word_1_93' title='bbox 916 2446 1069 2524; x_wconf 90' lang='lat' dir='ltr'><strong>victoria</strong></span> <span class='ocrx_word' id='word_1_94' title='bbox 1095 2447 1309 2543; x_wconf 88' lang='lat' dir='ltr'><strong>snpplicatio</strong></span> <span class='ocrx_word' id='word_1_95' title='bbox 1334 2447 1542 2542; x_wconf 87' lang='lat' dir='ltr'><strong>quindecim</strong></span> <span class='ocrx_word' id='word_1_96' title='bbox 1568 2447 1712 2522; x_wconf 91' lang='lat' dir='ltr'><strong>dierum</strong></span> <span class='ocrx_word' id='word_1_97' title='bbox 1731 2446 1825 2521; x_wconf 85' lang='lat' dir='ltr'><strong>iacta</strong></span> <span class='ocrx_word' id='word_1_98' title='bbox 1843 2450 1898 2520; x_wconf 90' lang='lat' dir='ltr'><strong>est</strong></span> 
     </span>
     <span class='ocr_line' id='line_1_14' title="bbox 723 2566 1898 2661; baseline -0.003 -16"><span class='ocrx_word' id='word_1_99' title='bbox 723 2570 863 2645; x_wconf 70' lang='lat' dir='ltr'><strong>Rome</strong></span> <span class='ocrx_word' id='word_1_100' title='bbox 894 2568 1017 2644; x_wconf 84' lang='lat' dir='ltr'><strong>Caesar</strong></span> <span class='ocrx_word' id='word_1_101' title='bbox 1042 2567 1174 2643; x_wconf 92' lang='lat' dir='ltr'><strong>deinde</strong></span> <span class='ocrx_word' id='word_1_102' title='bbox 1199 2568 1364 2643; x_wconf 79' lang='lat' dir='ltr'><strong>transivit</strong></span> <span class='ocrx_word' id='word_1_103' title='bbox 1388 2569 1558 2644; x_wconf 86' lang='lat' dir='ltr'><strong>Rhenum</strong></span> <span class='ocrx_word' id='word_1_104' title='bbox 1585 2568 1622 2643; x_wconf 94' lang='lat' dir='ltr'><strong>iu</strong></span> <span class='ocrx_word' id='word_1_105' title='bbox 1647 2566 1898 2661; x_wconf 88' lang='lat' dir='ltr'><strong>Germaniam,</strong></span> 
     </span>
     <span class='ocr_line' id='line_1_15' title="bbox 723 2688 1898 2789; baseline -0.002 -25"><span class='ocrx_word' id='word_1_106' title='bbox 723 2689 820 2767; x_wconf 85' lang='lat' dir='ltr'><strong>lacto</strong></span> <span class='ocrx_word' id='word_1_107' title='bbox 844 2694 955 2789; x_wconf 89' lang='lat' dir='ltr'><strong>ponte</strong></span> <span class='ocrx_word' id='word_1_108' title='bbox 978 2688 1175 2763; x_wconf 84' lang='lat' dir='ltr'><strong>artificioso</strong></span> <span class='ocrx_word' id='word_1_109' title='bbox 1192 2688 1310 2783; x_wconf 87' lang='lat' dir='ltr'><strong>valde,</strong></span> <span class='ocrx_word' id='word_1_110' title='bbox 1332 2688 1395 2764; x_wconf 91' lang='lat' dir='ltr'><strong>ubi</strong></span> <span class='ocrx_word' id='word_1_111' title='bbox 1415 2689 1513 2781; x_wconf 89' lang='lat' dir='ltr'><strong>stetit</strong></span> <span class='ocrx_word' id='word_1_112' title='bbox 1525 2690 1649 2763; x_wconf 88' lang='lat' dir='ltr'><strong>solum</strong></span> <span class='ocrx_word' id='word_1_113' title='bbox 1668 2688 1794 2764; x_wconf 91' lang='lat' dir='ltr'><strong>decem</strong></span> <span class='ocrx_word' id='word_1_114' title='bbox 1814 2695 1898 2762; x_wconf 90' lang='lat' dir='ltr'><strong>octo</strong></span> 
     </span>
     <span class='ocr_line' id='line_1_16' title="bbox 723 2808 1896 2905; baseline -0.007 -17"><span class='ocrx_word' id='word_1_115' title='bbox 723 2810 876 2888; x_wconf 84' lang='lat' dir='ltr'><strong>diebus:</strong></span> <span class='ocrx_word' id='word_1_116' title='bbox 902 2816 940 2885; x_wconf 91' lang='lat' dir='ltr'><strong>et</strong></span> <span class='ocrx_word' id='word_1_117' title='bbox 965 2829 1138 2884; x_wconf 89' lang='lat' dir='ltr'><strong>reversus</strong></span> <span class='ocrx_word' id='word_1_118' title='bbox 1171 2808 1207 2883; x_wconf 93' lang='lat' dir='ltr'><strong>iu</strong></span> <span class='ocrx_word' id='word_1_119' title='bbox 1233 2808 1399 2904; x_wconf 89' lang='lat' dir='ltr'><strong>Galliam,</strong></span> <span class='ocrx_word' id='word_1_120' title='bbox 1425 2809 1520 2884; x_wconf 88' lang='lat' dir='ltr'><strong>lacto</strong></span> <span class='ocrx_word' id='word_1_121' title='bbox 1551 2829 1687 2905; x_wconf 82' lang='lat' dir='ltr'><strong>magno</strong></span> <span class='ocrx_word' id='word_1_122' title='bbox 1718 2813 1896 2903; x_wconf 88' lang='lat' dir='ltr'><strong>apparatu</strong></span> 
     </span>
     <span class='ocr_line' id='line_1_17' title="bbox 723 2927 1899 3026; baseline -0.005 -20"><span class='ocrx_word' id='word_1_123' title='bbox 723 2931 887 3026; x_wconf 86' lang='lat' dir='ltr'><strong>navium,</strong></span> <span class='ocrx_word' id='word_1_124' title='bbox 904 2930 1071 3005; x_wconf 84' lang='lat' dir='ltr'><strong>transivit</strong></span> <span class='ocrx_word' id='word_1_125' title='bbox 1094 2930 1132 3004; x_wconf 90' lang='lat' dir='ltr'><strong>iu</strong></span> <span class='ocrx_word' id='word_1_126' title='bbox 1154 2930 1378 3006; x_wconf 91' lang='lat' dir='ltr'><strong>Britanniam</strong></span> <span class='ocrx_word' id='word_1_127' title='bbox 1404 2930 1512 3005; x_wconf 89' lang='lat' dir='ltr'><strong>tertio</strong></span> <span class='ocrx_word' id='word_1_128' title='bbox 1537 2949 1636 3005; x_wconf 89' lang='lat' dir='ltr'><strong>anno</strong></span> <span class='ocrx_word' id='word_1_129' title='bbox 1657 2928 1740 3003; x_wconf 91' lang='lat' dir='ltr'><strong>belli</strong></span> <span class='ocrx_word' id='word_1_130' title='bbox 1766 2927 1899 3025; x_wconf 80' lang='lat' dir='ltr'><strong>gallici,</strong></span> 
     </span>
     <span class='ocr_line' id='line_1_18' title="bbox 724 3050 1899 3148; baseline -0.004 -20"><span class='ocrx_word' id='word_1_131' title='bbox 724 3052 813 3148; x_wconf 85' lang='lat' dir='ltr'><strong>quia</strong></span> <span class='ocrx_word' id='word_1_132' title='bbox 837 3052 995 3127; x_wconf 86' lang='lat' dir='ltr'><strong>britanni</strong></span> <span class='ocrx_word' id='word_1_133' title='bbox 1020 3051 1197 3127; x_wconf 89' lang='lat' dir='ltr'><strong>dederant</strong></span> <span class='ocrx_word' id='word_1_134' title='bbox 1222 3050 1358 3126; x_wconf 86' lang='lat' dir='ltr'><strong>auxilia</strong></span> <span class='ocrx_word' id='word_1_135' title='bbox 1383 3050 1498 3147; x_wconf 77' lang='lat' dir='ltr'><strong>gallis.</strong></span> <span class='ocrx_word' id='word_1_136' title='bbox 1527 3050 1577 3125; x_wconf 88' lang='lat' dir='ltr'><strong>lbi</strong></span> <span class='ocrx_word' id='word_1_137' title='bbox 1596 3070 1723 3146; x_wconf 90' lang='lat' dir='ltr'><strong>passus</strong></span> <span class='ocrx_word' id='word_1_138' title='bbox 1744 3055 1799 3127; x_wconf 87' lang='lat' dir='ltr'><strong>est</strong></span> <span class='ocrx_word' id='word_1_139' title='bbox 1820 3068 1899 3123; x_wconf 86' lang='lat' dir='ltr'><strong>ma·</strong></span> 
     </span>
     <span class='ocr_line' id='line_1_19' title="bbox 723 3167 1898 3271; baseline -0.005 -24"><span class='ocrx_word' id='word_1_140' title='bbox 723 3194 838 3271; x_wconf 73' lang='lat' dir='ltr'><strong>gnam</strong></span> <span class='ocrx_word' id='word_1_141' title='bbox 868 3178 1135 3267; x_wconf 75' lang='lat' dir='ltr'><strong>tempestatem,</strong></span> <span class='ocrx_word' id='word_1_142' title='bbox 1168 3170 1217 3247; x_wconf 86' lang='lat' dir='ltr'><strong>ita</strong></span> <span class='ocrx_word' id='word_1_143' title='bbox 1247 3178 1289 3245; x_wconf 90' lang='lat' dir='ltr'><strong>ut</strong></span> <span class='ocrx_word' id='word_1_144' title='bbox 1321 3191 1514 3247; x_wconf 89' lang='lat' dir='ltr'><strong>romanam</strong></span> <span class='ocrx_word' id='word_1_145' title='bbox 1546 3170 1738 3246; x_wconf 89' lang='lat' dir='ltr'><strong>audaciam</strong></span> <span class='ocrx_word' id='word_1_146' title='bbox 1770 3167 1898 3243; x_wconf 88' lang='lat' dir='ltr'><strong>mundi</strong></span> 
     </span>
     <span class='ocr_line' id='line_1_20' title="bbox 723 3286 1898 3387; baseline -0.004 -20"><span class='ocrx_word' id='word_1_147' title='bbox 723 3291 857 3367; x_wconf 89' lang='lat' dir='ltr'><strong>linibus</strong></span> <span class='ocrx_word' id='word_1_148' title='bbox 882 3312 957 3366; x_wconf 92' lang='lat' dir='ltr'><strong>nou</strong></span> <span class='ocrx_word' id='word_1_149' title='bbox 981 3298 1192 3367; x_wconf 90' lang='lat' dir='ltr'><strong>contentam</strong></span> <span class='ocrx_word' id='word_1_150' title='bbox 1218 3291 1399 3387; x_wconf 83' lang='lat' dir='ltr'><strong>castigare</strong></span> <span class='ocrx_word' id='word_1_151' title='bbox 1418 3290 1607 3367; x_wconf 87' lang='lat' dir='ltr'><strong>videretur</strong></span> <span class='ocrx_word' id='word_1_152' title='bbox 1625 3290 1816 3383; x_wconf 83' lang='lat' dir='ltr'><strong>Oceanus3</strong></span> <span class='ocrx_word' id='word_1_153' title='bbox 1834 3286 1898 3363; x_wconf 89' lang='lat' dir='ltr'><strong>sed</strong></span> 
     </span>
     <span class='ocr_line' id='line_1_21' title="bbox 727 3410 1898 3511; baseline -0.002 -26"><span class='ocrx_word' id='word_1_154' title='bbox 727 3431 797 3506; x_wconf 89' lang='lat' dir='ltr'><strong>pro</strong></span> <span class='ocrx_word' id='word_1_155' title='bbox 822 3411 974 3487; x_wconf 87' lang='lat' dir='ltr'><strong>victoria</strong></span> <span class='ocrx_word' id='word_1_156' title='bbox 1000 3410 1215 3507; x_wconf 87' lang='lat' dir='ltr'><strong>supplicatio</strong></span> <span class='ocrx_word' id='word_1_157' title='bbox 1239 3410 1366 3508; x_wconf 81' lang='lat' dir='ltr'><strong>viginti</strong></span> <span class='ocrx_word' id='word_1_158' title='bbox 1391 3410 1535 3487; x_wconf 88' lang='lat' dir='ltr'><strong>dierum</strong></span> <span class='ocrx_word' id='word_1_159' title='bbox 1561 3412 1656 3487; x_wconf 90' lang='lat' dir='ltr'><strong>iacta</strong></span> <span class='ocrx_word' id='word_1_160' title='bbox 1682 3417 1739 3485; x_wconf 88' lang='lat' dir='ltr'><strong>est</strong></span> <span class='ocrx_word' id='word_1_161' title='bbox 1759 3410 1898 3511; x_wconf 84' lang='lat' dir='ltr'><strong>Borma,</strong></span> 
     </span>
     <span class='ocr_line' id='line_1_22' title="bbox 724 3530 1901 3625; baseline -0.002 -20"><span class='ocrx_word' id='word_1_162' title='bbox 724 3530 826 3625; x_wconf 85' lang='lat' dir='ltr'><strong>quod</strong></span> <span class='ocrx_word' id='word_1_163' title='bbox 852 3552 1045 3624; x_wconf 89' lang='lat' dir='ltr'><strong>nunquam</strong></span> <span class='ocrx_word' id='word_1_164' title='bbox 1071 3530 1321 3607; x_wconf 79' lang='lat' dir='ltr'><strong>antefactum</strong></span> <span class='ocrx_word' id='word_1_165' title='bbox 1349 3530 1490 3607; x_wconf 85' lang='lat' dir='ltr'><strong>iuerat:</strong></span> <span class='ocrx_word' id='word_1_166' title='bbox 1511 3538 1547 3607; x_wconf 91' lang='lat' dir='ltr'><strong>et</strong></span> <span class='ocrx_word' id='word_1_167' title='bbox 1573 3537 1707 3625; x_wconf 83' lang='lat' dir='ltr'><strong>quarto</strong></span> <span class='ocrx_word' id='word_1_168' title='bbox 1732 3550 1830 3605; x_wconf 91' lang='lat' dir='ltr'><strong>auno</strong></span> <span class='ocrx_word' id='word_1_169' title='bbox 1846 3530 1901 3604; x_wconf 84' lang='lat' dir='ltr'><strong>vi-</strong></span> 
     </span>
     <span class='ocr_line' id='line_1_23' title="bbox 725 3650 1901 3748; baseline 0.002 -23"><span class='ocrx_word' id='word_1_170' title='bbox 725 3650 832 3725; x_wconf 83' lang='lat' dir='ltr'><strong>sitata</strong></span> <span class='ocrx_word' id='word_1_171' title='bbox 850 3650 966 3725; x_wconf 91' lang='lat' dir='ltr'><strong>Gallia</strong></span> <span class='ocrx_word' id='word_1_172' title='bbox 991 3650 1164 3748; x_wconf 88' lang='lat' dir='ltr'><strong>cisalpina</strong></span> <span class='ocrx_word' id='word_1_173' title='bbox 1189 3657 1227 3727; x_wconf 87' lang='lat' dir='ltr'><strong>et</strong></span> <span class='ocrx_word' id='word_1_174' title='bbox 1251 3651 1401 3748; x_wconf 77' lang='lat' dir='ltr'><strong>illyrica,</strong></span> <span class='ocrx_word' id='word_1_175' title='bbox 1422 3672 1507 3746; x_wconf 82' lang='lat' dir='ltr'><strong>quse</strong></span> <span class='ocrx_word' id='word_1_176' title='bbox 1532 3673 1632 3727; x_wconf 93' lang='lat' dir='ltr'><strong>nunc</strong></span> <span class='ocrx_word' id='word_1_177' title='bbox 1651 3650 1783 3727; x_wconf 90' lang='lat' dir='ltr'><strong>dicitur</strong></span> <span class='ocrx_word' id='word_1_178' title='bbox 1800 3652 1901 3727; x_wconf 91' lang='lat' dir='ltr'><strong>Scla-</strong></span> 
     </span>
     <span class='ocr_line' id='line_1_24' title="bbox 726 3770 1901 3868; baseline -0.001 -23"><span class='ocrx_word' id='word_1_179' title='bbox 726 3770 848 3865; x_wconf 88' lang='lat' dir='ltr'><strong>vouia,</strong></span> <span class='ocrx_word' id='word_1_180' title='bbox 879 3776 917 3847; x_wconf 89' lang='lat' dir='ltr'><strong>et</strong></span> <span class='ocrx_word' id='word_1_181' title='bbox 949 3778 1031 3847; x_wconf 88' lang='lat' dir='ltr'><strong>erat</strong></span> <span class='ocrx_word' id='word_1_182' title='bbox 1062 3771 1133 3846; x_wconf 92' lang='lat' dir='ltr'><strong>sub</strong></span> <span class='ocrx_word' id='word_1_183' title='bbox 1162 3771 1345 3868; x_wconf 80' lang='lat' dir='ltr'><strong>legatione</strong></span> <span class='ocrx_word' id='word_1_184' title='bbox 1376 3791 1465 3867; x_wconf 89' lang='lat' dir='ltr'><strong>sua,</strong></span> <span class='ocrx_word' id='word_1_185' title='bbox 1494 3772 1629 3849; x_wconf 89' lang='lat' dir='ltr'><strong>iterum</strong></span> <span class='ocrx_word' id='word_1_186' title='bbox 1665 3772 1831 3848; x_wconf 83' lang='lat' dir='ltr'><strong>transivit</strong></span> <span class='ocrx_word' id='word_1_187' title='bbox 1863 3772 1901 3845; x_wconf 88' lang='lat' dir='ltr'><strong>in</strong></span> 
     </span>
     <span class='ocr_line' id='line_1_25' title="bbox 725 3890 1899 3987; baseline -0.002 -20"><span class='ocrx_word' id='word_1_188' title='bbox 725 3890 950 3967; x_wconf 86' lang='lat' dir='ltr'><strong>Britanniam</strong></span> <span class='ocrx_word' id='word_1_189' title='bbox 976 3910 1062 3967; x_wconf 89' lang='lat' dir='ltr'><strong>cum</strong></span> <span class='ocrx_word' id='word_1_190' title='bbox 1090 3890 1220 3966; x_wconf 87' lang='lat' dir='ltr'><strong>maiori</strong></span> <span class='ocrx_word' id='word_1_191' title='bbox 1247 3898 1474 3987; x_wconf 87' lang='lat' dir='ltr'><strong>tempestate,</strong></span> <span class='ocrx_word' id='word_1_192' title='bbox 1500 3893 1563 3966; x_wconf 94' lang='lat' dir='ltr'><strong>ubi</strong></span> <span class='ocrx_word' id='word_1_193' title='bbox 1590 3894 1686 3968; x_wconf 89' lang='lat' dir='ltr'><strong>bello</strong></span> <span class='ocrx_word' id='word_1_194' title='bbox 1708 3893 1795 3968; x_wconf 89' lang='lat' dir='ltr'><strong>vicit</strong></span> <span class='ocrx_word' id='word_1_195' title='bbox 1812 3893 1899 3968; x_wconf 88' lang='lat' dir='ltr'><strong>Gas-</strong></span> 
     </span>
     <span class='ocr_line' id='line_1_26' title="bbox 726 4011 1899 4107; baseline 0.001 -22"><span class='ocrx_word' id='word_1_196' title='bbox 726 4011 945 4087; x_wconf 84' lang='lat' dir='ltr'><strong>eivellanum</strong></span> <span class='ocrx_word' id='word_1_197' title='bbox 971 4011 1095 4087; x_wconf 89' lang='lat' dir='ltr'><strong>virum</strong></span> <span class='ocrx_word' id='word_1_198' title='bbox 1124 4011 1364 4087; x_wconf 74' lang='lat' dir='ltr'><strong>fortissimum</strong></span> <span class='ocrx_word' id='word_1_199' title='bbox 1394 4033 1507 4107; x_wconf 83' lang='lat' dir='ltr'><strong>quem</strong></span> <span class='ocrx_word' id='word_1_200' title='bbox 1540 4032 1671 4088; x_wconf 86' lang='lat' dir='ltr'><strong>omnes</strong></span> <span class='ocrx_word' id='word_1_201' title='bbox 1700 4013 1832 4087; x_wconf 85' lang='lat' dir='ltr'><strong>ducem</strong></span> <span class='ocrx_word' id='word_1_202' title='bbox 1860 4019 1899 4089; x_wconf 90' lang='lat' dir='ltr'><strong>et</strong></span> 
     </span>
     <span class='ocr_line' id='line_1_27' title="bbox 725 4130 1899 4228; baseline 0.002 -23"><span class='ocrx_word' id='word_1_203' title='bbox 725 4150 856 4228; x_wconf 75' lang='lat' dir='ltr'><strong>regem</strong></span> <span class='ocrx_word' id='word_1_204' title='bbox 891 4130 1054 4207; x_wconf 81' lang='lat' dir='ltr'><strong>fecerant</strong></span> <span class='ocrx_word' id='word_1_205' title='bbox 1086 4132 1184 4227; x_wconf 90' lang='lat' dir='ltr'><strong>apud</strong></span> <span class='ocrx_word' id='word_1_206' title='bbox 1213 4132 1437 4208; x_wconf 84' lang='lat' dir='ltr'><strong>Leondiuam</strong></span> <span class='ocrx_word' id='word_1_207' title='bbox 1473 4132 1778 4227; x_wconf 75' lang='lat' dir='ltr'><strong>civitatemque</strong></span> <span class='ocrx_word' id='word_1_208' title='bbox 1809 4138 1899 4207; x_wconf 76' lang='lat' dir='ltr'><strong>brec</strong></span> 
     </span>
     <span class='ocr_line' id='line_1_28' title="bbox 726 4248 1900 4349; baseline 0.002 -24"><span class='ocrx_word' id='word_1_209' title='bbox 726 4248 991 4327; x_wconf 71' lang='lat' dir='ltr'><strong>trinobantum</strong></span> <span class='ocrx_word' id='word_1_210' title='bbox 1009 4253 1232 4346; x_wconf 84' lang='lat' dir='ltr'><strong>vocabatur3</strong></span> <span class='ocrx_word' id='word_1_211' title='bbox 1250 4259 1287 4328; x_wconf 93' lang='lat' dir='ltr'><strong>et</strong></span> <span class='ocrx_word' id='word_1_212' title='bbox 1308 4259 1453 4347; x_wconf 88' lang='lat' dir='ltr'><strong>recepta</strong></span> <span class='ocrx_word' id='word_1_213' title='bbox 1471 4253 1568 4327; x_wconf 92' lang='lat' dir='ltr'><strong>urbe</strong></span> <span class='ocrx_word' id='word_1_214' title='bbox 1586 4273 1672 4327; x_wconf 88' lang='lat' dir='ltr'><strong>cum</strong></span> <span class='ocrx_word' id='word_1_215' title='bbox 1691 4254 1770 4329; x_wconf 88' lang='lat' dir='ltr'><strong>aliis</strong></span> <span class='ocrx_word' id='word_1_216' title='bbox 1791 4254 1900 4349; x_wconf 85' lang='lat' dir='ltr'><strong>quin·</strong></span> 
     </span>
     <span class='ocr_line' id='line_1_29' title="bbox 725 4372 1898 4471; baseline 0 -24"><span class='ocrx_word' id='word_1_217' title='bbox 725 4393 803 4467; x_wconf 82' lang='lat' dir='ltr'><strong>que</strong></span> <span class='ocrx_word' id='word_1_218' title='bbox 827 4392 954 4467; x_wconf 80' lang='lat' dir='ltr'><strong>pacem</strong></span> <span class='ocrx_word' id='word_1_219' title='bbox 980 4372 1078 4449; x_wconf 86' lang='lat' dir='ltr'><strong>dedit</strong></span> <span class='ocrx_word' id='word_1_220' title='bbox 1102 4372 1358 4466; x_wconf 84' lang='lat' dir='ltr'><strong>Cassivellauo,</strong></span> <span class='ocrx_word' id='word_1_221' title='bbox 1388 4379 1582 4449; x_wconf 77' lang='lat' dir='ltr'><strong>mumulus</strong></span> <span class='ocrx_word' id='word_1_222' title='bbox 1612 4374 1739 4450; x_wconf 86' lang='lat' dir='ltr'><strong>iecisse</strong></span> <span class='ocrx_word' id='word_1_223' title='bbox 1772 4394 1898 4471; x_wconf 74' lang='lat' dir='ltr'><strong>regern</strong></span> 
     </span>
     <span class='ocr_line' id='line_1_30' title="bbox 726 4492 1898 4587; baseline -0.002 -18"><span class='ocrx_word' id='word_1_224' title='bbox 726 4498 766 4569; x_wconf 87' lang='lat' dir='ltr'><strong>et</strong></span> <span class='ocrx_word' id='word_1_225' title='bbox 791 4492 1015 4568; x_wconf 88' lang='lat' dir='ltr'><strong>Britanniam</strong></span> <span class='ocrx_word' id='word_1_226' title='bbox 1043 4492 1288 4587; x_wconf 88' lang='lat' dir='ltr'><strong>tributariam,</strong></span> <span class='ocrx_word' id='word_1_227' title='bbox 1313 4499 1352 4571; x_wconf 90' lang='lat' dir='ltr'><strong>et</strong></span> <span class='ocrx_word' id='word_1_228' title='bbox 1382 4514 1553 4569; x_wconf 87' lang='lat' dir='ltr'><strong>reversus</strong></span> <span class='ocrx_word' id='word_1_229' title='bbox 1586 4501 1641 4570; x_wconf 89' lang='lat' dir='ltr'><strong>est</strong></span> <span class='ocrx_word' id='word_1_230' title='bbox 1675 4494 1712 4569; x_wconf 91' lang='lat' dir='ltr'><strong>in</strong></span> <span class='ocrx_word' id='word_1_231' title='bbox 1745 4494 1898 4571; x_wconf 80' lang='lat' dir='ltr'><strong>Galliam</strong></span> 
     </span>
     <span class='ocr_line' id='line_1_31' title="bbox 727 4614 1900 4711; baseline 0.001 -24"><span class='ocrx_word' id='word_1_232' title='bbox 727 4632 860 4689; x_wconf 86' lang='lat' dir='ltr'><strong>sereno</strong></span> <span class='ocrx_word' id='word_1_233' title='bbox 878 4614 984 4709; x_wconf 92' lang='lat' dir='ltr'><strong>mari,</strong></span> <span class='ocrx_word' id='word_1_234' title='bbox 998 4614 1098 4708; x_wconf 86' lang='lat' dir='ltr'><strong>quod</strong></span> <span class='ocrx_word' id='word_1_235' title='bbox 1114 4634 1183 4689; x_wconf 91' lang='lat' dir='ltr'><strong>suo</strong></span> <span class='ocrx_word' id='word_1_236' title='bbox 1200 4614 1371 4690; x_wconf 87' lang='lat' dir='ltr'><strong>domitori</strong></span> <span class='ocrx_word' id='word_1_237' title='bbox 1385 4616 1564 4711; x_wconf 85' lang='lat' dir='ltr'><strong>gratulari</strong></span> <span class='ocrx_word' id='word_1_238' title='bbox 1578 4615 1781 4690; x_wconf 87' lang='lat' dir='ltr'><strong>videbatur.</strong></span> <span class='ocrx_word' id='word_1_239' title='bbox 1797 4616 1900 4689; x_wconf 77' lang='lat' dir='ltr'><strong>barno</strong></span> 
     </span>
     <span class='ocr_line' id='line_1_32' title="bbox 727 4733 1903 4832; baseline 0 -23"><span class='ocrx_word' id='word_1_240' title='bbox 727 4733 859 4828; x_wconf 77' lang='lat' dir='ltr'><strong>quinto</strong></span> <span class='ocrx_word' id='word_1_241' title='bbox 882 4734 992 4811; x_wconf 85' lang='lat' dir='ltr'><strong>buius</strong></span> <span class='ocrx_word' id='word_1_242' title='bbox 1017 4736 1102 4811; x_wconf 91' lang='lat' dir='ltr'><strong>belli</strong></span> <span class='ocrx_word' id='word_1_243' title='bbox 1126 4734 1232 4829; x_wconf 75' lang='lat' dir='ltr'><strong>uest</strong></span> <span class='ocrx_word' id='word_1_244' title='bbox 1258 4756 1387 4811; x_wconf 87' lang='lat' dir='ltr'><strong>omnes</strong></span> <span class='ocrx_word' id='word_1_245' title='bbox 1412 4736 1497 4832; x_wconf 80' lang='lat' dir='ltr'><strong>galli</strong></span> <span class='ocrx_word' id='word_1_246' title='bbox 1522 4736 1749 4812; x_wconf 88' lang='lat' dir='ltr'><strong>rebellarunt</strong></span> <span class='ocrx_word' id='word_1_247' title='bbox 1770 4735 1903 4811; x_wconf 72' lang='lat' dir='ltr'><strong>ceno</strong></span> 
     </span>
     <span class='ocr_line' id='line_1_33' title="bbox 727 4852 1903 4955; baseline 0.002 -26"><span class='ocrx_word' id='word_1_248' title='bbox 727 4852 825 4929; x_wconf 74' lang='lat' dir='ltr'><strong>dttoe</strong></span> <span class='ocrx_word' id='word_1_249' title='bbox 841 4853 1098 4931; x_wconf 87' lang='lat' dir='ltr'><strong>induciomaro</strong></span> <span class='ocrx_word' id='word_1_250' title='bbox 1116 4854 1322 4950; x_wconf 83' lang='lat' dir='ltr'><strong>trevirensi,</strong></span> <span class='ocrx_word' id='word_1_251' title='bbox 1336 4876 1449 4951; x_wconf 61' lang='lat' dir='ltr'><strong>mem</strong></span> <span class='ocrx_word' id='word_1_252' title='bbox 1466 4854 1648 4933; x_wconf 74' lang='lat' dir='ltr'><strong>Labienus</strong></span> <span class='ocrx_word' id='word_1_253' title='bbox 1666 4856 1808 4955; x_wconf 79' lang='lat' dir='ltr'><strong>legatus</strong></span> <span class='ocrx_word' id='word_1_254' title='bbox 1824 4856 1903 4931; x_wconf 74' lang='lat' dir='ltr'><strong>Ga-</strong></span> 
     </span>
    </p>
   </div>
   <div class='ocr_carea' id='block_1_3' title="bbox 703 5044 1820 5185">
    <p class='ocr_par' dir='ltr' id='par_1_3' title="bbox 703 5044 1820 5185">
     <span class='ocr_line' id='line_1_34' title="bbox 703 5044 1820 5185; baseline -0.003 -85"><span class='ocrx_word' id='word_1_255' title='bbox 703 5059 706 5067; x_wconf 87' lang='lat'>·</span> <span class='ocrx_word' id='word_1_256' title='bbox 791 5045 819 5185; x_wconf 53' lang='lat'><strong>{2}</strong></span> <span class='ocrx_word' id='word_1_257' title='bbox 834 5044 872 5173; x_wconf 51' lang='lat' dir='ltr'><strong>ifle</strong></span> <span class='ocrx_word' id='word_1_258' title='bbox 884 5046 1033 5175; x_wconf 44' lang='lat' dir='ltr'><strong>mern</strong></span> <span class='ocrx_word' id='word_1_259' title='bbox 1049 5048 1058 5097; x_wconf 93' lang='lat' dir='ltr'><strong>l</strong></span> <span class='ocrx_word' id='word_1_260' title='bbox 1074 5048 1124 5099; x_wconf 86' lang='lat' dir='ltr'><strong>dus</strong></span> <span class='ocrx_word' id='word_1_261' title='bbox 1140 5048 1275 5099; x_wconf 81' lang='lat' dir='ltr'><strong>asteriscbl</strong></span> <span class='ocrx_word' id='word_1_262' title='bbox 1291 5062 1338 5099; x_wconf 86' lang='lat' dir='ltr'><strong>son</strong></span> <span class='ocrx_word' id='word_1_263' title='bbox 1354 5048 1467 5113; x_wconf 75' lang='lat' dir='ltr'><strong>uppltts</strong></span> <span class='ocrx_word' id='word_1_264' title='bbox 1482 5048 1523 5099; x_wconf 78' lang='lat' dir='ltr'><strong>dal</strong></span> <span class='ocrx_word' id='word_1_265' title='bbox 1538 5046 1625 5101; x_wconf 73' lang='lat' dir='ltr'><strong>cnud</strong></span> <span class='ocrx_word' id='word_1_266' title='bbox 1642 5053 1688 5099; x_wconf 85' lang='lat' dir='ltr'><strong>te</strong></span> <span class='ocrx_word' id='word_1_267' title='bbox 1704 5048 1820 5098; x_wconf 69' lang='lat' dir='ltr'><strong>aalma</strong></span> 
     </span>
    </p>
   </div>
   <div class='ocr_carea' id='block_1_4' title="bbox 0 0 2298 6836">
    <p class='ocr_par' dir='ltr' id='par_1_4' title="bbox 0 0 2298 6836">
     <span class='ocr_line' id='line_1_35' title="bbox 0 0 2298 6836; baseline 0 0"><span class='ocrx_word' id='word_1_268' title='bbox 0 0 2298 6836; x_wconf 95' lang='lat' dir='ltr'><strong> </strong></span> 
     </span>
    </p>
   </div>
  </div>
 </body>
</html>
