4575 6842
765 983 767 992 ·
847 962 988 1017 cunnus
1012 962 1158 1016 surinus.
1515 946 1588 1015 433
1713 931 1715 937 ’

261 1202 264 1205 ,
414 1124 490 1181 ⁸⁰¹¹
514 1071 643 1179 'lamii
667 1122 794 1199 l‘fllem
819 1103 859 1178 h
884 1103 1056 1199 potentia.
1076 1071 1196 1199 Scipio
1220 1103 1347 1178 hahuit
1371 1074 1588 1201 gloriosissi-

416 1244 519 1301 muui
544 1224 775 1319 triumphuni
800 1224 847 1299 de
874 1222 1076 1298 Hannibale
1104 1232 1142 1300 et
1171 1222 1404 1320 Carthagine
1434 1223 1481 1299 de
1512 1244 1589 1319 quo

409 1345 489 1440 J’ani
514 1343 653 1419 dictum
680 1350 737 1421 eit
759 1342 856 1439 aliut,
874 1348 913 1419 et
931 1343 977 1418 de
994 1342 1137 1440 magnis
1155 1342 1324 1418 laudibus
1340 1342 1420 1418 eius
1445 1342 1588 1419 dicetur

415 1464 576 1541 inferiori
593 1465 764 1560 capitulo.
781 1464 1098 1560 incognitionem
1119 1463 1282 1558 Pompeii
1300 1470 1445 1559 oportet
1464 1464 1586 1558 aliqua

414 1588 640 1682 praemittere
664 1586 837 1662 breuiter.
857 1586 919 1660 list
936 1586 1048 1684 igitur
1065 1584 1254 1660 sciendum
1273 1584 1373 1680 quod
1392 1584 1589 1679 Pompeius

410 1707 635 1803 juvenculus
659 1706 788 1781 decem
813 1712 898 1781 octo
924 1726 1110 1781 annorum
1140 1704 1300 1805 suscepit
1312 1697 1350 1797 (¹)
1381 1703 1587 1779 exercitum

415 1808 540 1923 patris,
557 1826 625 1901 iuii
644 1827 824 1923 syrianus,
849 1830 888 1901 a
912 1826 1065 1920 iuriam,
1082 1824 1253 1919 siciliam,
1271 1823 1443 1916 inicam,
1460 1821 1589 1916 Hispa

416 1950 515 2025 uiam
541 1947 693 2025 diversis
718 1948 821 2023 bellis
846 1945 1014 2021 liberavit
1038 1946 1085 2021 de
1111 1946 1281 2020 manibus
1301 1945 1439 2019 ducum
1457 1942 1589 2017 llaria·

415 2090 563 2147 norum.
590 2068 655 2143 llic
683 2066 879 2163 Pompeius
904 2074 978 2142 tres
1004 2066 1209 2169 triumphos
1238 2065 1416 2140 notabiles
1440 2062 1586 2139 habuit:

415 2190 578 2287 primum
595 2190 643 2264 de
662 2187 793 2280 Africa,
811 2208 925 2281 quam
943 2193 1059 2262 totam
1078 2186 1245 2262 liberavit
1262 2186 1308 2261 de
1327 2186 1495 2260 manibus
1512 2186 1588 2257 Ma-

417 2312 608 2387 rianorum
632 2309 776 2384 devicto
792 2307 942 2382 domim
956 2298 994 2400 (²)
1013 2306 1187 2402 Mariano,
1206 2311 1243 2381 et
1267 2306 1405 2381 leiitlia
1423 2326 1490 2380 reu
1510 2305 1588 2378 Nu-

415 2430 535 2507 niiliae
560 2430 705 2505 fautore
733 2428 854 2524 Marii;
879 2436 918 2505 ct
947 2435 1035 2502 tunc
1067 2427 1188 2523 primo
1221 2425 1500 2524 cognominatus
1534 2431 1589 2500 est

415 2572 585 2648 magnus.
611 2550 823 2625 Secundum
851 2549 1079 2645 triumphurn
1106 2546 1233 2621 habuit
1258 2546 1305 2621 de
1326 2544 1449 2641 piratis
1465 2544 1513 2619 de
1530 2544 1589 2619 Ci-

415 2671 496 2747 licia
510 2660 550 2763 (³)
568 2670 630 2765 qui
649 2690 784 2766 magna
797 2668 1031 2743 multitudine
1044 2667 1122 2743 lere
1134 2687 1220 2742 cuni
1243 2666 1342 2741 niille
1361 2666 1515 2739 navibus
1533 2665 1589 2739 in·

415 2790 596 2867 instabant
611 2789 735 2864 omnia
753 2789 883 2884 maria,
900 2789 950 2863 ita
967 2789 1066 2883 quod
1085 2793 1268 2864 venerunt
1290 2806 1408 2881 usque
1424 2785 1586 2860 Hostiam

415 2918 453 2987 et
477 2916 655 3006 ceperunt
679 2911 833 2986 classem
860 2930 1052 2984 romanam
1070 2929 1158 2983 cum
1175 2909 1429 2985 consulatum
1451 2928 1588 3005 magno

415 3032 558 3128 pirdere
583 3049 836 3107 romaneium.
864 3030 1060 3125 Pompeius
1088 3038 1213 3107 autem
1248 3052 1314 3125 per
1345 3030 1481 3103 inultus
1506 3049 1588 3102 ma-

415 3172 508 3249 gnos
532 3152 645 3226 duces
669 3152 809 3248 legatos
833 3170 933 3244 sues,
958 3150 1095 3225 scilicet
1117 3149 1306 3242 Catonern,
1328 3150 1532 3224 Varronem
1551 3154 1588 3223 et

414 3272 506 3347 alios
521 3271 714 3366 occupavit
727 3271 852 3345 lauces
868 3269 1035 3345 emnium
1051 3270 1231 3362 marium;
1246 3275 1283 3343 et
1296 3267 1495 3343 incredibili
1513 3266 1588 3340 vir-

415 3398 496 3467 tute
520 3397 557 3467 et
581 3390 768 3466 celeritate
792 3390 879 3465 istus
904 3389 990 3464 uicit
1015 3390 1052 3463 in
1070 3390 1192 3465 Cilicia
1207 3378 1262 3483 (⁸);
1282 3394 1318 3463 et
1338 3388 1417 3462 sine
1441 3387 1589 3479 damno,

414 3512 494 3587 sine
518 3510 697 3607 sanguine
720 3510 845 3584 omnia
870 3509 988 3583 maria
1015 3508 1169 3584 reddidit
1198 3528 1328 3583 secura
1355 3507 1470 3601 spatio
1496 3527 1590 3601 qua-

415 3631 583 3728 draginta
608 3630 766 3722 dierum,
791 3636 828 3705 et
853 3649 899 3704 ex
924 3629 1051 3723 piratis
1067 3629 1152 3704 lecit
1169 3628 1352 3704 civitatem
1370 3627 1534 3703 Laudem
1551 3626 1590 3701 in

415 3750 643 3827 lumbardia.
670 3750 834 3825 Tertium
853 3748 1083 3843 triumphum
1101 3748 1206 3822 duxit
1222 3748 1527 3845 gloriosissimum
1544 3747 1591 3823 de

415 3871 620 3949 llitliridate
632 3870 790 3967 Tigrane
801 3874 838 3944 et
852 3867 976 3943 multis
992 3867 1200 3942 nationibus
1216 3867 1367 3941 orientis
1380 3873 1417 3942 ct
1429 3874 1590 3963 septem·

415 3992 554 4071 trionis.
579 3991 803 4067 Mithridates
827 4008 990 4083 namque
1014 3988 1286 4084 potentissimus
1304 4009 1369 4063 reri
1389 3988 1493 4063 Ponti
1510 3988 1590 4063 bel-

416 4114 495 4191 luni
519 4111 633 4208 gessit
658 4131 744 4185 cuni
767 4109 929 4184 iunianis
946 4130 1013 4204 per
1029 4108 1270 4205 quadraginta
1286 4130 1413 4203 annos,
1432 4109 1495 4203 qni
1513 4128 1588 4182 una

416 4233 477 4309 die
500 4234 598 4308 ultra
623 4232 852 4329 septuaginta
879 4230 991 4305 millia
1018 4251 1257 4305 romanorum
1284 4230 1460 4306 trucidari
1487 4231 1588 4323 lecit3

416 4353 456 4429 in
484 4354 567 4429 dsia
598 4354 734 4427 multas
765 4351 970 4447 provincias
1002 4351 1214 4446 occupavit3
1241 4351 1437 4446 aliquando
1472 4351 1589 4425 victus

312 4520 316 4525 -
417 4474 553 4549 intuta
569 4472 724 4566 Luculli,
741 4471 910 4547 felicitate
922 4471 1042 4567 Sylla,
1055 4471 1202 4546 tandem
1221 4471 1421 4547 debellatus
1438 4492 1460 4545 a
1479 4472 1589 4546 Puni-

416 4593 499 4689 peio
524 4594 562 4667 in
593 4592 723 4667 ultima
751 4592 1004 4687 desperatione
1037 4610 1181 4666 ueneno
1215 4598 1253 4666 ct
1286 4590 1385 4666 lerrc
1417 4591 1586 4686 spiritum

417 4714 566 4809 expulit
583 4712 780 4808 Pompeius
797 4713 913 4787 multa
930 4711 1001 4787 alia
1019 4732 1134 4809 regna
1150 4712 1244 4807 cepit
1262 4712 1298 4786 in
1315 4712 1476 4806 oriente3
1490 4711 1590 4786 unde

419 4832 607 4913 recutita
631 4838 760 4907 senatu
792 4852 833 4907 se
865 4832 992 4906 vicisse
1017 4831 1143 4929 viginti
1168 4833 1261 4906 duos
1286 4853 1393 4929 reges
1419 4831 1586 4907 orientis:

479 5020 507 5085 (¹)
523 5020 554 5071 lt
570 5034 586 5071 ο
601 5024 625 5081 t,
642 5025 761 5084 suscepto
776 5021 894 5071 exercitu
909 5019 998 5083 patris.
1152 5018 1179 5081 (¹)
1195 5018 1226 5068 n
1244 5032 1260 5070 e
1276 5023 1299 5078 t,
1316 5018 1431 5069 Domitio
1447 5017 1574 5069 Mariano.

478 5095 715 5161 t'ticuuciaiin.
1152 5094 1380 5157 pisinnan.

552 5203 591 5249 ll.
1429 5202 1458 5244 28
