<?xml version="1.0" encoding="UTF-8"?>
<!DOCTYPE html PUBLIC "-//W3C//DTD XHTML 1.0 Transitional//EN"
    "http://www.w3.org/TR/xhtml1/DTD/xhtml1-transitional.dtd">
<html xmlns="http://www.w3.org/1999/xhtml" xml:lang="en" lang="en">
 <head>
  <title>
</title>
<meta http-equiv="Content-Type" content="text/html;charset=utf-8" />
  <meta name='ocr-system' content='tesseract 3.04.00' />
  <meta name='ocr-capabilities' content='ocr_page ocr_carea ocr_par ocr_line ocrx_word'/>
</head>
<body>
  <div class='ocr_page' id='page_1' title='image "./comentumsuperda00unkngoog_0491.png"; bbox 0 0 4575 6842; ppageno 0'>
   <div class='ocr_carea' id='block_1_1' title="bbox 840 830 1596 950">
    <p class='ocr_par' dir='ltr' id='par_1_1' title="bbox 840 830 1596 950">
     <span class='ocr_line' id='line_1_1' title="bbox 840 830 1596 950; baseline 0 -2"><span class='ocrx_word' id='word_1_1' title='bbox 840 894 979 950; x_wconf 77' lang='lat' dir='ltr'>CANTUS</span> <span class='ocrx_word' id='word_1_2' title='bbox 1004 893 1187 949; x_wconf 77' lang='lat' dir='ltr'><strong>Sllmlllls.</strong></span> <span class='ocrx_word' id='word_1_3' title='bbox 1211 830 1213 835; x_wconf 23' lang='grc' dir='ltr'>Ι</span> <span class='ocrx_word' id='word_1_4' title='bbox 1527 883 1596 949; x_wconf 77' lang='grc'><strong>471</strong></span> 
     </span>
    </p>
   </div>
   <div class='ocr_carea' id='block_1_2' title="bbox 422 1030 1601 2214">
    <p class='ocr_par' dir='ltr' id='par_1_2' title="bbox 422 1030 1601 2214">
     <span class='ocr_line' id='line_1_2' title="bbox 424 1030 1600 1135; baseline 0 -22"><span class='ocrx_word' id='word_1_5' title='bbox 424 1045 549 1115; x_wconf 85' lang='lat' dir='ltr'><strong>ereata</strong></span> <span class='ocrx_word' id='word_1_6' title='bbox 574 1039 645 1115; x_wconf 87' lang='lat' dir='ltr'><strong>suh</strong></span> <span class='ocrx_word' id='word_1_7' title='bbox 671 1039 803 1135; x_wconf 92' lang='lat' dir='ltr'><strong>medio,</strong></span> <span class='ocrx_word' id='word_1_8' title='bbox 820 1061 840 1112; x_wconf 85' lang='lat' dir='ltr'><strong>e</strong></span> <span class='ocrx_word' id='word_1_9' title='bbox 858 1030 951 1132; x_wconf 81' lang='lat' dir='ltr'><strong>perd</strong></span> <span class='ocrx_word' id='word_1_10' title='bbox 970 1034 1034 1132; x_wconf 78' lang='lat' dir='ltr'><strong>piri</strong></span> <span class='ocrx_word' id='word_1_11' title='bbox 1058 1042 1088 1113; x_wconf 82' lang='lat' dir='ltr'><strong>re</strong></span> <span class='ocrx_word' id='word_1_12' title='bbox 1108 1040 1231 1132; x_wconf 86' lang='lat' dir='ltr'><strong>ptuce;</strong></span> <span class='ocrx_word' id='word_1_13' title='bbox 1256 1038 1355 1132; x_wconf 86' lang='lat' dir='ltr'><strong>qnod</strong></span> <span class='ocrx_word' id='word_1_14' title='bbox 1380 1039 1523 1134; x_wconf 88' lang='lat' dir='ltr'><strong>probat,</strong></span> <span class='ocrx_word' id='word_1_15' title='bbox 1544 1037 1600 1113; x_wconf 94' lang='lat' dir='ltr'><strong>di-</strong></span> 
     </span>
     <span class='ocr_line' id='line_1_3' title="bbox 423 1156 1600 1255; baseline -0.001 -20"><span class='ocrx_word' id='word_1_16' title='bbox 423 1179 530 1235; x_wconf 85' lang='lat' dir='ltr'><strong>oens:</strong></span> <span class='ocrx_word' id='word_1_17' title='bbox 557 1156 631 1252; x_wconf 78' lang='lat' dir='ltr'><strong>oid,</strong></span> <span class='ocrx_word' id='word_1_18' title='bbox 656 1160 759 1255; x_wconf 83' lang='lat' dir='ltr'><strong>idest,</strong></span> <span class='ocrx_word' id='word_1_19' title='bbox 786 1159 884 1255; x_wconf 86' lang='lat' dir='ltr'><strong>quia,</strong></span> <span class='ocrx_word' id='word_1_20' title='bbox 911 1162 933 1232; x_wconf 89' lang='lat' dir='ltr'><strong>t&#39;</strong></span> <span class='ocrx_word' id='word_1_21' title='bbox 945 1161 1061 1232; x_wconf 88' lang='lat' dir='ltr'><strong>ordor</strong></span> <span class='ocrx_word' id='word_1_22' title='bbox 1089 1166 1206 1249; x_wconf 81' lang='lat' dir='ltr'><strong>santo,</strong></span> <span class='ocrx_word' id='word_1_23' title='bbox 1237 1157 1340 1253; x_wconf 87' lang='lat' dir='ltr'><strong>idest,</strong></span> <span class='ocrx_word' id='word_1_24' title='bbox 1370 1179 1478 1233; x_wconf 87' lang='lat' dir='ltr'><strong>amor</strong></span> <span class='ocrx_word' id='word_1_25' title='bbox 1507 1158 1600 1234; x_wconf 88' lang='lat' dir='ltr'><strong>divi-</strong></span> 
     </span>
     <span class='ocr_line' id='line_1_4' title="bbox 424 1277 1599 1375; baseline -0.002 -21"><span class='ocrx_word' id='word_1_26' title='bbox 424 1300 507 1375; x_wconf 90' lang='lat' dir='ltr'><strong>nus,</strong></span> <span class='ocrx_word' id='word_1_27' title='bbox 531 1282 583 1354; x_wconf 83' lang='lat' dir='ltr'><strong>ct&#39;</strong></span> <span class='ocrx_word' id='word_1_28' title='bbox 595 1282 681 1372; x_wconf 77' lang='lat' dir='ltr'><strong>oprri</strong></span> <span class='ocrx_word' id='word_1_29' title='bbox 703 1300 788 1353; x_wconf 79' lang='lat' dir='ltr'><strong>cosa</strong></span> <span class='ocrx_word' id='word_1_30' title='bbox 803 1280 948 1370; x_wconf 67' lang='lat' dir='ltr'><strong>raguta,</strong></span> <span class='ocrx_word' id='word_1_31' title='bbox 966 1277 1070 1371; x_wconf 86' lang='lat' dir='ltr'><strong>idest,</strong></span> <span class='ocrx_word' id='word_1_32' title='bbox 1086 1277 1211 1352; x_wconf 87' lang='lat' dir='ltr'><strong>omnia</strong></span> <span class='ocrx_word' id='word_1_33' title='bbox 1229 1278 1344 1374; x_wconf 88' lang='lat' dir='ltr'><strong>replet</strong></span> <span class='ocrx_word' id='word_1_34' title='bbox 1361 1278 1502 1354; x_wconf 92' lang='lat' dir='ltr'><strong>lumine</strong></span> <span class='ocrx_word' id='word_1_35' title='bbox 1519 1300 1599 1373; x_wconf 92' lang='lat' dir='ltr'><strong>suo,</strong></span> 
     </span>
     <span class='ocr_line' id='line_1_5' title="bbox 422 1393 1600 1494; baseline -0.002 -19"><span class='ocrx_word' id='word_1_36' title='bbox 422 1394 526 1493; x_wconf 74' lang='lat' dir='ltr'><strong>e&#39;piti</strong></span> <span class='ocrx_word' id='word_1_37' title='bbox 551 1401 670 1473; x_wconf 79' lang='lat' dir='ltr'><strong>vivore</strong></span> <span class='ocrx_word' id='word_1_38' title='bbox 694 1401 788 1471; x_wconf 78' lang='lat' dir='ltr'><strong>mlta</strong></span> <span class='ocrx_word' id='word_1_39' title='bbox 807 1393 870 1490; x_wconf 74' lang='lat' dir='ltr'><strong>piri</strong></span> <span class='ocrx_word' id='word_1_40' title='bbox 895 1399 1127 1488; x_wconf 69' lang='lat' dir='ltr'><strong>sampsone,</strong></span> <span class='ocrx_word' id='word_1_41' title='bbox 1145 1396 1240 1472; x_wconf 90' lang='lat' dir='ltr'><strong>sicut</strong></span> <span class='ocrx_word' id='word_1_42' title='bbox 1263 1396 1301 1471; x_wconf 92' lang='lat' dir='ltr'><strong>in</strong></span> <span class='ocrx_word' id='word_1_43' title='bbox 1325 1398 1456 1494; x_wconf 88' lang='lat' dir='ltr'><strong>angelo</strong></span> <span class='ocrx_word' id='word_1_44' title='bbox 1477 1406 1514 1474; x_wconf 94' lang='lat' dir='ltr'><strong>et</strong></span> <span class='ocrx_word' id='word_1_45' title='bbox 1531 1399 1600 1473; x_wconf 92' lang='lat' dir='ltr'><strong>ho-</strong></span> 
     </span>
     <span class='ocr_line' id='line_1_6' title="bbox 425 1516 1599 1614; baseline 0.001 -21"><span class='ocrx_word' id='word_1_46' title='bbox 425 1520 536 1613; x_wconf 91' lang='lat' dir='ltr'><strong>mine,</strong></span> <span class='ocrx_word' id='word_1_47' title='bbox 563 1518 626 1613; x_wconf 86' lang='lat' dir='ltr'><strong>qui</strong></span> <span class='ocrx_word' id='word_1_48' title='bbox 651 1538 779 1593; x_wconf 86' lang='lat' dir='ltr'><strong>seeum</strong></span> <span class='ocrx_word' id='word_1_49' title='bbox 805 1516 1023 1614; x_wconf 89' lang='lat' dir='ltr'><strong>participant</strong></span> <span class='ocrx_word' id='word_1_50' title='bbox 1048 1516 1204 1610; x_wconf 85' lang='lat' dir='ltr'><strong>ratione,</strong></span> <span class='ocrx_word' id='word_1_51' title='bbox 1220 1522 1258 1590; x_wconf 90' lang='lat' dir='ltr'><strong>et</strong></span> <span class='ocrx_word' id='word_1_52' title='bbox 1284 1516 1444 1593; x_wconf 86' lang='lat' dir='ltr'><strong>maxime</strong></span> <span class='ocrx_word' id='word_1_53' title='bbox 1470 1519 1599 1613; x_wconf 88' lang='lat' dir='ltr'><strong>homo;</strong></span> 
     </span>
     <span class='ocr_line' id='line_1_7' title="bbox 424 1639 1600 1731; baseline -0.003 -15"><span class='ocrx_word' id='word_1_54' title='bbox 424 1640 524 1715; x_wconf 91' lang='lat' dir='ltr'><strong>unde</strong></span> <span class='ocrx_word' id='word_1_55' title='bbox 548 1639 651 1715; x_wconf 89' lang='lat' dir='ltr'><strong>dicit:</strong></span> <span class='ocrx_word' id='word_1_56' title='bbox 677 1642 700 1712; x_wconf 70' lang='grc' dir='ltr'><em>Γ</em></span> <span class='ocrx_word' id='word_1_57' title='bbox 712 1659 844 1712; x_wconf 78' lang='lat' dir='ltr'><strong>amano</strong></span> <span class='ocrx_word' id='word_1_58' title='bbox 861 1646 1029 1713; x_wconf 82' lang='lat' dir='ltr'><strong>ereatura</strong></span> <span class='ocrx_word' id='word_1_59' title='bbox 1044 1639 1324 1731; x_wconf 75' lang='lat' dir='ltr'><strong>s’nouontnppin</strong></span> <span class='ocrx_word' id='word_1_60' title='bbox 1350 1640 1387 1713; x_wconf 84' lang='lat' dir='ltr'><strong>di</strong></span> <span class='ocrx_word' id='word_1_61' title='bbox 1412 1644 1491 1712; x_wconf 80' lang='lat' dir='ltr'><strong>tutte</strong></span> <span class='ocrx_word' id='word_1_62' title='bbox 1517 1658 1600 1731; x_wconf 82' lang='lat' dir='ltr'><strong>que·</strong></span> 
     </span>
     <span class='ocr_line' id='line_1_8' title="bbox 422 1758 1601 1851; baseline -0.002 -16"><span class='ocrx_word' id='word_1_63' title='bbox 422 1768 474 1835; x_wconf 85' lang='lat' dir='ltr'><strong>rte</strong></span> <span class='ocrx_word' id='word_1_64' title='bbox 497 1781 589 1851; x_wconf 80' lang='lat' dir='ltr'><strong>rose,</strong></span> <span class='ocrx_word' id='word_1_65' title='bbox 613 1758 754 1835; x_wconf 88' lang='lat' dir='ltr'><strong>soilioet</strong></span> <span class='ocrx_word' id='word_1_66' title='bbox 774 1758 1012 1834; x_wconf 67' lang='lat' dir='ltr'><strong>immortalite</strong></span> <span class='ocrx_word' id='word_1_67' title='bbox 1028 1763 1067 1833; x_wconf 89' lang='lat' dir='ltr'><strong>et</strong></span> <span class='ocrx_word' id='word_1_68' title='bbox 1081 1758 1251 1833; x_wconf 90' lang='lat' dir='ltr'><strong>libertate</strong></span> <span class='ocrx_word' id='word_1_69' title='bbox 1276 1758 1436 1833; x_wconf 87' lang='lat' dir='ltr'><strong>arbitrii:</strong></span> <span class='ocrx_word' id='word_1_70' title='bbox 1457 1764 1495 1834; x_wconf 90' lang='lat' dir='ltr'><strong>et</strong></span> <span class='ocrx_word' id='word_1_71' title='bbox 1512 1779 1601 1833; x_wconf 89' lang='lat' dir='ltr'><strong>vere</strong></span> 
     </span>
     <span class='ocr_line' id='line_1_9' title="bbox 424 1877 1601 1976; baseline -0.001 -22"><span class='ocrx_word' id='word_1_72' title='bbox 424 1879 570 1957; x_wconf 84' lang='lat' dir='ltr'><strong>ridetur</strong></span> <span class='ocrx_word' id='word_1_73' title='bbox 595 1878 693 1973; x_wconf 89' lang='lat' dir='ltr'><strong>quod</strong></span> <span class='ocrx_word' id='word_1_74' title='bbox 718 1878 842 1953; x_wconf 88' lang='lat' dir='ltr'><strong>anima</strong></span> <span class='ocrx_word' id='word_1_75' title='bbox 861 1879 1026 1954; x_wconf 90' lang='lat' dir='ltr'><strong>humana</strong></span> <span class='ocrx_word' id='word_1_76' title='bbox 1051 1878 1096 1951; x_wconf 90' lang='lat' dir='ltr'><strong>sit</strong></span> <span class='ocrx_word' id='word_1_77' title='bbox 1120 1877 1355 1975; x_wconf 83' lang='lat' dir='ltr'><strong>singulariter</strong></span> <span class='ocrx_word' id='word_1_78' title='bbox 1374 1878 1601 1976; x_wconf 85' lang='lat' dir='ltr'><strong>privilegiata</strong></span> 
     </span>
     <span class='ocr_line' id='line_1_10' title="bbox 424 1998 1600 2096; baseline 0 -21"><span class='ocrx_word' id='word_1_79' title='bbox 424 2000 462 2075; x_wconf 93' lang='lat' dir='ltr'><strong>in</strong></span> <span class='ocrx_word' id='word_1_80' title='bbox 487 2000 656 2077; x_wconf 85' lang='lat' dir='ltr'><strong>libertate</strong></span> <span class='ocrx_word' id='word_1_81' title='bbox 679 1998 833 2094; x_wconf 88' lang='lat' dir='ltr'><strong>arbitrii,</strong></span> <span class='ocrx_word' id='word_1_82' title='bbox 866 1999 953 2094; x_wconf 89' lang='lat' dir='ltr'><strong>quia</strong></span> <span class='ocrx_word' id='word_1_83' title='bbox 983 1998 1138 2095; x_wconf 81' lang='lat' dir='ltr'>angelus</span> <span class='ocrx_word' id='word_1_84' title='bbox 1172 2019 1245 2072; x_wconf 92' lang='lat' dir='ltr'><strong>non</strong></span> <span class='ocrx_word' id='word_1_85' title='bbox 1282 2005 1400 2094; x_wconf 89' lang='lat' dir='ltr'><strong>potest</strong></span> <span class='ocrx_word' id='word_1_86' title='bbox 1434 2019 1600 2096; x_wconf 86' lang='lat' dir='ltr'><strong>peccare,</strong></span> 
     </span>
     <span class='ocr_line' id='line_1_11' title="bbox 423 2111 1601 2214; baseline -0.001 -20"><span class='ocrx_word' id='word_1_87' title='bbox 423 2139 493 2195; x_wconf 87' lang='lat' dir='ltr'><strong>neo</strong></span> <span class='ocrx_word' id='word_1_88' title='bbox 518 2119 594 2214; x_wconf 89' lang='lat' dir='ltr'><strong>ipse</strong></span> <span class='ocrx_word' id='word_1_89' title='bbox 619 2120 737 2212; x_wconf 88' lang='lat' dir='ltr'><strong>Dens;</strong></span> <span class='ocrx_word' id='word_1_90' title='bbox 764 2118 846 2193; x_wconf 94' lang='lat' dir='ltr'><strong>ideo</strong></span> <span class='ocrx_word' id='word_1_91' title='bbox 871 2118 977 2193; x_wconf 88' lang='lat' dir='ltr'><strong>dicit:</strong></span> <span class='ocrx_word' id='word_1_92' title='bbox 994 2140 1014 2191; x_wconf 83' lang='lat' dir='ltr'><strong>e</strong></span> <span class='ocrx_word' id='word_1_93' title='bbox 1029 2120 1140 2191; x_wconf 82' lang='lat' dir='ltr'><strong>s&#39;unu</strong></span> <span class='ocrx_word' id='word_1_94' title='bbox 1157 2138 1298 2209; x_wconf 68' lang='lat' dir='ltr'><strong>monem</strong></span> <span class='ocrx_word' id='word_1_95' title='bbox 1316 2118 1419 2214; x_wconf 88' lang='lat' dir='ltr'><strong>idest,</strong></span> <span class='ocrx_word' id='word_1_96' title='bbox 1445 2111 1601 2193; x_wconf 84' lang='lat' dir='ltr'><strong>immor·</strong></span> 
     </span>
    </p>
   </div>
   <div class='ocr_carea' id='block_1_3' title="bbox 424 2238 1736 2454">
    <p class='ocr_par' dir='ltr' id='par_1_3' title="bbox 424 2238 1736 2454">
     <span class='ocr_line' id='line_1_12' title="bbox 425 2238 1702 2331; baseline -0.006 -16"><span class='ocrx_word' id='word_1_97' title='bbox 425 2240 543 2315; x_wconf 88' lang='lat' dir='ltr'><strong>talitas</strong></span> <span class='ocrx_word' id='word_1_98' title='bbox 567 2239 644 2315; x_wconf 89' lang='lat' dir='ltr'><strong>sola</strong></span> <span class='ocrx_word' id='word_1_99' title='bbox 669 2239 728 2315; x_wconf 86' lang='lat' dir='ltr'><strong>rel</strong></span> <span class='ocrx_word' id='word_1_100' title='bbox 754 2238 903 2313; x_wconf 83' lang='lat' dir='ltr'><strong>libertas</strong></span> <span class='ocrx_word' id='word_1_101' title='bbox 935 2239 1024 2331; x_wconf 86' lang='lat' dir='ltr'><strong>sola,</strong></span> <span class='ocrx_word' id='word_1_102' title='bbox 1056 2241 1200 2313; x_wconf 80' lang='lat' dir='ltr'><strong>connino</strong></span> <span class='ocrx_word' id='word_1_103' title='bbox 1226 2242 1286 2313; x_wconf 84' lang='lat' dir='ltr'><strong>rte</strong></span> <span class='ocrx_word' id='word_1_104' title='bbox 1309 2243 1438 2331; x_wconf 75' lang='lat' dir='ltr'><strong>suppia</strong></span> <span class='ocrx_word' id='word_1_105' title='bbox 1470 2243 1508 2313; x_wconf 84' lang='lat' dir='ltr'><strong>dt</strong></span> <span class='ocrx_word' id='word_1_106' title='bbox 1535 2261 1602 2313; x_wconf 84' lang='lat' dir='ltr'><strong>suo</strong></span> <span class='ocrx_word' id='word_1_107' title='bbox 1699 2299 1702 2307; x_wconf 88' lang='lat'><em>.</em></span> 
     </span>
     <span class='ocr_line' id='line_1_13' title="bbox 424 2348 1736 2454; baseline 0 -21"><span class='ocrx_word' id='word_1_108' title='bbox 424 2348 580 2451; x_wconf 79' lang='lat' dir='ltr'><strong>noditttd,</strong></span> <span class='ocrx_word' id='word_1_109' title='bbox 606 2358 790 2435; x_wconf 80' lang='lat' dir='ltr'><strong>sciliceta</strong></span> <span class='ocrx_word' id='word_1_110' title='bbox 815 2358 1049 2433; x_wconf 92' lang='lat' dir='ltr'><strong>similitudine</strong></span> <span class='ocrx_word' id='word_1_111' title='bbox 1075 2358 1275 2454; x_wconf 80' lang='lat' dir='ltr'><strong>Creatoris3</strong></span> <span class='ocrx_word' id='word_1_112' title='bbox 1304 2365 1506 2454; x_wconf 87' lang='lat' dir='ltr'><strong>utrumque</strong></span> <span class='ocrx_word' id='word_1_113' title='bbox 1531 2380 1602 2434; x_wconf 87' lang='lat' dir='ltr'><strong>au·</strong></span> <span class='ocrx_word' id='word_1_114' title='bbox 1733 2394 1736 2399; x_wconf 21' lang='grc' dir='ltr'><strong>Δ</strong></span> 
     </span>
    </p>
   </div>
   <div class='ocr_carea' id='block_1_4' title="bbox 426 2479 1609 5099">
    <p class='ocr_par' dir='ltr' id='par_1_4' title="bbox 426 2479 1609 5099">
     <span class='ocr_line' id='line_1_14' title="bbox 426 2479 1603 2576; baseline -0.002 -19"><span class='ocrx_word' id='word_1_115' title='bbox 426 2488 501 2557; x_wconf 90' lang='lat' dir='ltr'><strong>tem</strong></span> <span class='ocrx_word' id='word_1_116' title='bbox 528 2479 682 2575; x_wconf 82' lang='lat' dir='ltr'>perdidit</span> <span class='ocrx_word' id='word_1_117' title='bbox 701 2500 768 2576; x_wconf 92' lang='lat' dir='ltr'><strong>per</strong></span> <span class='ocrx_word' id='word_1_118' title='bbox 785 2484 977 2575; x_wconf 87' lang='lat' dir='ltr'><strong>peccatum</strong></span> <span class='ocrx_word' id='word_1_119' title='bbox 1005 2479 1041 2553; x_wconf 94' lang='lat' dir='ltr'><strong>in</strong></span> <span class='ocrx_word' id='word_1_120' title='bbox 1067 2480 1187 2575; x_wconf 92' lang='lat' dir='ltr'><strong>primo</strong></span> <span class='ocrx_word' id='word_1_121' title='bbox 1207 2487 1381 2575; x_wconf 73' lang='lat' dir='ltr'><strong>parente,</strong></span> <span class='ocrx_word' id='word_1_122' title='bbox 1399 2480 1498 2555; x_wconf 91' lang='lat' dir='ltr'><strong>unde</strong></span> <span class='ocrx_word' id='word_1_123' title='bbox 1511 2480 1603 2555; x_wconf 89' lang='lat' dir='ltr'><strong>sub·</strong></span> 
     </span>
     <span class='ocr_line' id='line_1_15' title="bbox 427 2596 1602 2698; baseline 0 -21"><span class='ocrx_word' id='word_1_124' title='bbox 427 2602 498 2677; x_wconf 93' lang='lat' dir='ltr'><strong>dit:</strong></span> <span class='ocrx_word' id='word_1_125' title='bbox 524 2605 600 2676; x_wconf 85' lang='lat' dir='ltr'><strong>soto</strong></span> <span class='ocrx_word' id='word_1_126' title='bbox 623 2603 812 2693; x_wconf 83' lang='lat' dir='ltr'><strong>ilpeocoto</strong></span> <span class='ocrx_word' id='word_1_127' title='bbox 836 2596 858 2675; x_wconf 70' lang='lat' dir='ltr'><strong>e*</strong></span> <span class='ocrx_word' id='word_1_128' title='bbox 880 2604 960 2694; x_wconf 78' lang='lat' dir='ltr'><strong>quet</strong></span> <span class='ocrx_word' id='word_1_129' title='bbox 981 2603 1042 2673; x_wconf 83' lang='lat' dir='ltr'><strong>rte</strong></span> <span class='ocrx_word' id='word_1_130' title='bbox 1066 2603 1103 2675; x_wconf 86' lang='lat' dir='ltr'><strong>lo</strong></span> <span class='ocrx_word' id='word_1_131' title='bbox 1126 2603 1323 2696; x_wconf 72' lang='lat' dir='ltr'><strong>disfranca,</strong></span> <span class='ocrx_word' id='word_1_132' title='bbox 1354 2601 1456 2697; x_wconf 87' lang='lat' dir='ltr'><strong>idest,</strong></span> <span class='ocrx_word' id='word_1_133' title='bbox 1482 2602 1602 2698; x_wconf 87' lang='lat' dir='ltr'><strong>privat</strong></span> 
     </span>
     <span class='ocr_line' id='line_1_16' title="bbox 429 2720 1602 2820; baseline 0.001 -24"><span class='ocrx_word' id='word_1_134' title='bbox 429 2741 513 2796; x_wconf 88' lang='lat' dir='ltr'><strong>eam</strong></span> <span class='ocrx_word' id='word_1_135' title='bbox 539 2720 708 2795; x_wconf 90' lang='lat' dir='ltr'><strong>libertate</strong></span> <span class='ocrx_word' id='word_1_136' title='bbox 732 2720 907 2817; x_wconf 87' lang='lat' dir='ltr'><strong>ingenita,</strong></span> <span class='ocrx_word' id='word_1_137' title='bbox 924 2727 962 2797; x_wconf 89' lang='lat' dir='ltr'><strong>et</strong></span> <span class='ocrx_word' id='word_1_138' title='bbox 982 2720 1068 2796; x_wconf 82' lang='lat' dir='ltr'><strong>lacit</strong></span> <span class='ocrx_word' id='word_1_139' title='bbox 1092 2742 1175 2797; x_wconf 90' lang='lat' dir='ltr'><strong>eam</strong></span> <span class='ocrx_word' id='word_1_140' title='bbox 1197 2722 1371 2797; x_wconf 80' lang='lat' dir='ltr'><strong>miseram</strong></span> <span class='ocrx_word' id='word_1_141' title='bbox 1390 2729 1427 2797; x_wconf 91' lang='lat' dir='ltr'><strong>et</strong></span> <span class='ocrx_word' id='word_1_142' title='bbox 1443 2743 1602 2820; x_wconf 88' lang='lat' dir='ltr'><strong>servam,</strong></span> 
     </span>
     <span class='ocr_line' id='line_1_17' title="bbox 428 2845 1601 2938; baseline 0.003 -23"><span class='ocrx_word' id='word_1_143' title='bbox 428 2861 497 2916; x_wconf 88' lang='lat' dir='ltr'><strong>nec</strong></span> <span class='ocrx_word' id='word_1_144' title='bbox 523 2848 642 2936; x_wconf 91' lang='lat' dir='ltr'><strong>potest</strong></span> <span class='ocrx_word' id='word_1_145' title='bbox 665 2861 732 2936; x_wconf 92' lang='lat' dir='ltr'><strong>per</strong></span> <span class='ocrx_word' id='word_1_146' title='bbox 756 2861 798 2916; x_wconf 94' lang='lat' dir='ltr'><strong>se</strong></span> <span class='ocrx_word' id='word_1_147' title='bbox 823 2862 1031 2938; x_wconf 80' lang='lat' dir='ltr'><strong>resurgere,</strong></span> <span class='ocrx_word' id='word_1_148' title='bbox 1058 2864 1077 2915; x_wconf 84' lang='lat' dir='ltr'><strong>e</strong></span> <span class='ocrx_word' id='word_1_149' title='bbox 1106 2845 1199 2937; x_wconf 82' lang='lat' dir='ltr'><strong>[otta</strong></span> <span class='ocrx_word' id='word_1_150' title='bbox 1218 2846 1382 2917; x_wconf 82' lang='lat' dir='ltr'><strong>dissimile</strong></span> <span class='ocrx_word' id='word_1_151' title='bbox 1406 2846 1446 2915; x_wconf 87' lang='lat' dir='ltr'><strong>nt</strong></span> <span class='ocrx_word' id='word_1_152' title='bbox 1467 2866 1601 2918; x_wconf 87' lang='lat' dir='ltr'><strong>sommo</strong></span> 
     </span>
     <span class='ocr_line' id='line_1_18' title="bbox 429 2958 1600 3062; baseline 0.005 -27"><span class='ocrx_word' id='word_1_153' title='bbox 429 2962 525 3056; x_wconf 74' lang='lat' dir='ltr'><strong>ome,</strong></span> <span class='ocrx_word' id='word_1_154' title='bbox 553 2960 699 3055; x_wconf 85' lang='lat' dir='ltr'><strong>scilicet,</strong></span> <span class='ocrx_word' id='word_1_155' title='bbox 724 2963 813 3056; x_wconf 89' lang='lat' dir='ltr'><strong>Deo,</strong></span> <span class='ocrx_word' id='word_1_156' title='bbox 833 2958 964 3055; x_wconf 78' lang='lat' dir='ltr'><strong>percte&#39;</strong></span> <span class='ocrx_word' id='word_1_157' title='bbox 990 2965 1048 3037; x_wconf 87' lang='lat' dir='ltr'><strong>det</strong></span> <span class='ocrx_word' id='word_1_158' title='bbox 1078 2965 1168 3036; x_wconf 82' lang='lat' dir='ltr'><strong>tome</strong></span> <span class='ocrx_word' id='word_1_159' title='bbox 1196 2985 1274 3058; x_wconf 82' lang='lat' dir='ltr'><strong>suo,</strong></span> <span class='ocrx_word' id='word_1_160' title='bbox 1299 2963 1445 3059; x_wconf 85' lang='lat' dir='ltr'><strong>scilicet,</strong></span> <span class='ocrx_word' id='word_1_161' title='bbox 1471 2967 1600 3062; x_wconf 87' lang='lat' dir='ltr'><strong>gratiae</strong></span> 
     </span>
     <span class='ocr_line' id='line_1_19' title="bbox 429 3081 1604 3176; baseline 0.003 -20"><span class='ocrx_word' id='word_1_162' title='bbox 429 3101 518 3176; x_wconf 82' lang='lat' dir='ltr'><strong>suae,</strong></span> <span class='ocrx_word' id='word_1_163' title='bbox 538 3103 631 3174; x_wconf 83' lang='lat' dir='ltr'><strong>poco</strong></span> <span class='ocrx_word' id='word_1_164' title='bbox 655 3083 684 3155; x_wconf 85' lang='lat' dir='ltr'><strong>s’</strong></span> <span class='ocrx_word' id='word_1_165' title='bbox 695 3083 884 3175; x_wconf 68' lang='lat' dir='ltr'><strong>imitancur,</strong></span> <span class='ocrx_word' id='word_1_166' title='bbox 901 3082 992 3156; x_wconf 90' lang='lat' dir='ltr'><strong>idest</strong></span> <span class='ocrx_word' id='word_1_167' title='bbox 1013 3081 1259 3157; x_wconf 91' lang='lat' dir='ltr'><strong>illuminatur:</strong></span> <span class='ocrx_word' id='word_1_168' title='bbox 1277 3091 1315 3157; x_wconf 92' lang='lat' dir='ltr'><strong>et</strong></span> <span class='ocrx_word' id='word_1_169' title='bbox 1332 3083 1417 3157; x_wconf 85' lang='lat' dir='ltr'><strong>dicit</strong></span> <span class='ocrx_word' id='word_1_170' title='bbox 1435 3090 1604 3159; x_wconf 76' lang='lat' dir='ltr'><strong>notanter</strong></span> 
     </span>
     <span class='ocr_line' id='line_1_20' title="bbox 429 3200 1605 3298; baseline 0.004 -24"><span class='ocrx_word' id='word_1_171' title='bbox 429 3222 575 3296; x_wconf 92' lang='lat' dir='ltr'><strong>parum,</strong></span> <span class='ocrx_word' id='word_1_172' title='bbox 592 3200 680 3295; x_wconf 86' lang='lat' dir='ltr'><strong>quia</strong></span> <span class='ocrx_word' id='word_1_173' title='bbox 696 3201 820 3277; x_wconf 87' lang='lat' dir='ltr'><strong>anima</strong></span> <span class='ocrx_word' id='word_1_174' title='bbox 845 3201 991 3298; x_wconf 75' lang='lat' dir='ltr'><strong>pessimi</strong></span> <span class='ocrx_word' id='word_1_175' title='bbox 1008 3201 1166 3276; x_wconf 89' lang='lat' dir='ltr'><strong>hominis</strong></span> <span class='ocrx_word' id='word_1_176' title='bbox 1193 3202 1228 3276; x_wconf 95' lang='lat' dir='ltr'><strong>in</strong></span> <span class='ocrx_word' id='word_1_177' title='bbox 1255 3204 1379 3277; x_wconf 91' lang='lat' dir='ltr'><strong>multis</strong></span> <span class='ocrx_word' id='word_1_178' title='bbox 1397 3211 1452 3279; x_wconf 87' lang='lat' dir='ltr'><strong>est</strong></span> <span class='ocrx_word' id='word_1_179' title='bbox 1474 3204 1605 3279; x_wconf 90' lang='lat' dir='ltr'><strong>melior</strong></span> 
     </span>
     <span class='ocr_line' id='line_1_21' title="bbox 427 3322 1603 3420; baseline 0.002 -24"><span class='ocrx_word' id='word_1_180' title='bbox 427 3322 552 3397; x_wconf 86' lang='lat' dir='ltr'><strong>anima</strong></span> <span class='ocrx_word' id='word_1_181' title='bbox 564 3322 675 3416; x_wconf 85' lang='lat' dir='ltr'><strong>bruti,</strong></span> <span class='ocrx_word' id='word_1_182' title='bbox 691 3328 731 3395; x_wconf 93' lang='lat' dir='ltr'><strong>ut</strong></span> <span class='ocrx_word' id='word_1_183' title='bbox 744 3322 830 3397; x_wconf 87' lang='lat' dir='ltr'><strong>dicit</strong></span> <span class='ocrx_word' id='word_1_184' title='bbox 842 3323 1195 3420; x_wconf 79' lang='lat' dir='ltr'><strong>Augustinus-Et.</strong></span> <span class='ocrx_word' id='word_1_185' title='bbox 1211 3323 1276 3398; x_wconf 88' lang='lat' dir='ltr'><strong>llic</strong></span> <span class='ocrx_word' id='word_1_186' title='bbox 1286 3324 1435 3399; x_wconf 82' lang='lat' dir='ltr'><strong>Beatrir</strong></span> <span class='ocrx_word' id='word_1_187' title='bbox 1448 3323 1603 3399; x_wconf 89' lang='lat' dir='ltr'><strong>ostendit</strong></span> 
     </span>
     <span class='ocr_line' id='line_1_22' title="bbox 428 3441 1605 3540; baseline 0.001 -23"><span class='ocrx_word' id='word_1_188' title='bbox 428 3442 527 3537; x_wconf 89' lang='lat' dir='ltr'><strong>quod</strong></span> <span class='ocrx_word' id='word_1_189' title='bbox 553 3442 600 3517; x_wconf 87' lang='lat' dir='ltr'><strong>ad</strong></span> <span class='ocrx_word' id='word_1_190' title='bbox 624 3441 876 3518; x_wconf 87' lang='lat' dir='ltr'><strong>infirmitatem</strong></span> <span class='ocrx_word' id='word_1_191' title='bbox 903 3443 1110 3518; x_wconf 82' lang='lat' dir='ltr'><strong>necessario</strong></span> <span class='ocrx_word' id='word_1_192' title='bbox 1135 3444 1303 3539; x_wconf 85' lang='lat' dir='ltr'><strong>sequitur</strong></span> <span class='ocrx_word' id='word_1_193' title='bbox 1331 3444 1521 3540; x_wconf 89' lang='lat' dir='ltr'><strong>medicina,</strong></span> <span class='ocrx_word' id='word_1_194' title='bbox 1552 3445 1605 3518; x_wconf 93' lang='lat' dir='ltr'><strong>di-</strong></span> 
     </span>
     <span class='ocr_line' id='line_1_23' title="bbox 428 3561 1605 3657; baseline 0.002 -20"><span class='ocrx_word' id='word_1_195' title='bbox 428 3582 535 3637; x_wconf 84' lang='lat' dir='ltr'><strong>uens:</strong></span> <span class='ocrx_word' id='word_1_196' title='bbox 562 3561 700 3657; x_wconf 88' lang='lat' dir='ltr'><strong>etipsa</strong></span> <span class='ocrx_word' id='word_1_197' title='bbox 726 3570 899 3638; x_wconf 88' lang='lat' dir='ltr'><strong>creatura</strong></span> <span class='ocrx_word' id='word_1_198' title='bbox 924 3564 1099 3657; x_wconf 84' lang='lat' dir='ltr'><strong>hnmana,</strong></span> <span class='ocrx_word' id='word_1_199' title='bbox 1126 3567 1200 3637; x_wconf 78' lang='lat' dir='ltr'><strong>tnui</strong></span> <span class='ocrx_word' id='word_1_200' title='bbox 1224 3586 1296 3638; x_wconf 84' lang='lat' dir='ltr'><strong>non</strong></span> <span class='ocrx_word' id='word_1_201' title='bbox 1320 3568 1453 3639; x_wconf 80' lang='lat' dir='ltr'><strong>rtoiene</strong></span> <span class='ocrx_word' id='word_1_202' title='bbox 1476 3570 1514 3640; x_wconf 86' lang='lat' dir='ltr'><strong>in</strong></span> <span class='ocrx_word' id='word_1_203' title='bbox 1538 3586 1605 3639; x_wconf 85' lang='lat' dir='ltr'><strong>sua</strong></span> 
     </span>
     <span class='ocr_line' id='line_1_24' title="bbox 429 3672 1605 3782; baseline 0.004 -25"><span class='ocrx_word' id='word_1_204' title='bbox 429 3672 576 3775; x_wconf 73' lang='lat' dir='ltr'><strong>dipmtd,</strong></span> <span class='ocrx_word' id='word_1_205' title='bbox 605 3682 707 3777; x_wconf 83' lang='lat' dir='ltr'><strong>idest,</strong></span> <span class='ocrx_word' id='word_1_206' title='bbox 733 3704 808 3758; x_wconf 92' lang='lat' dir='ltr'><strong>non</strong></span> <span class='ocrx_word' id='word_1_207' title='bbox 834 3682 1033 3758; x_wconf 87' lang='lat' dir='ltr'><strong>revertitur</strong></span> <span class='ocrx_word' id='word_1_208' title='bbox 1058 3683 1094 3755; x_wconf 93' lang='lat' dir='ltr'><strong>in</strong></span> <span class='ocrx_word' id='word_1_209' title='bbox 1125 3684 1318 3779; x_wconf 85' lang='lat' dir='ltr'><strong>pristinum</strong></span> <span class='ocrx_word' id='word_1_210' title='bbox 1349 3686 1506 3782; x_wconf 83' lang='lat' dir='ltr'><strong>gradum</strong></span> <span class='ocrx_word' id='word_1_211' title='bbox 1538 3708 1605 3762; x_wconf 91' lang='lat' dir='ltr'><strong>uo-</strong></span> 
     </span>
     <span class='ocr_line' id='line_1_25' title="bbox 430 3803 1604 3900; baseline 0.003 -22"><span class='ocrx_word' id='word_1_212' title='bbox 430 3803 587 3897; x_wconf 87' lang='lat' dir='ltr'><strong>bilitatis,</strong></span> <span class='ocrx_word' id='word_1_213' title='bbox 612 3825 650 3877; x_wconf 85' lang='lat' dir='ltr'><strong>se</strong></span> <span class='ocrx_word' id='word_1_214' title='bbox 673 3826 746 3878; x_wconf 83' lang='lat' dir='ltr'><strong>non</strong></span> <span class='ocrx_word' id='word_1_215' title='bbox 769 3806 925 3897; x_wconf 80' lang='lat' dir='ltr'><strong>riempie,</strong></span> <span class='ocrx_word' id='word_1_216' title='bbox 956 3803 1058 3897; x_wconf 91' lang='lat' dir='ltr'><strong>idest,</strong></span> <span class='ocrx_word' id='word_1_217' title='bbox 1084 3806 1238 3900; x_wconf 85' lang='lat' dir='ltr'><strong>supplet,</strong></span> <span class='ocrx_word' id='word_1_218' title='bbox 1265 3808 1353 3880; x_wconf 87' lang='lat' dir='ltr'><strong>dove</strong></span> <span class='ocrx_word' id='word_1_219' title='bbox 1377 3810 1480 3900; x_wconf 85' lang='lat' dir='ltr'><strong>culpa</strong></span> <span class='ocrx_word' id='word_1_220' title='bbox 1510 3804 1604 3898; x_wconf 74' lang='lat' dir='ltr'><strong>odeo,</strong></span> 
     </span>
     <span class='ocr_line' id='line_1_26' title="bbox 430 3923 1605 4023; baseline 0.003 -24"><span class='ocrx_word' id='word_1_221' title='bbox 430 3926 534 4018; x_wconf 90' lang='lat' dir='ltr'><strong>idest,</strong></span> <span class='ocrx_word' id='word_1_222' title='bbox 568 3924 699 4019; x_wconf 85' lang='lat' dir='ltr'><strong>privat,</strong></span> <span class='ocrx_word' id='word_1_223' title='bbox 732 3946 798 3997; x_wconf 82' lang='lat' dir='ltr'><strong>con</strong></span> <span class='ocrx_word' id='word_1_224' title='bbox 830 3927 941 4016; x_wconf 72' lang='lat' dir='ltr'><strong>pionte</strong></span> <span class='ocrx_word' id='word_1_225' title='bbox 967 3945 1072 4017; x_wconf 84' lang='lat' dir='ltr'><strong>pene,</strong></span> <span class='ocrx_word' id='word_1_226' title='bbox 1106 3923 1214 4018; x_wconf 85' lang='lat' dir='ltr'><strong>idest,</strong></span> <span class='ocrx_word' id='word_1_227' title='bbox 1248 3926 1371 4001; x_wconf 91' lang='lat' dir='ltr'><strong>debita</strong></span> <span class='ocrx_word' id='word_1_228' title='bbox 1404 3928 1605 4023; x_wconf 88' lang='lat' dir='ltr'><strong>punitione,</strong></span> 
     </span>
     <span class='ocr_line' id='line_1_27' title="bbox 430 4042 1603 4138; baseline 0.003 -21"><span class='ocrx_word' id='word_1_229' title='bbox 430 4051 556 4119; x_wconf 71' lang='lat' dir='ltr'><strong>condo</strong></span> <span class='ocrx_word' id='word_1_230' title='bbox 581 4047 656 4117; x_wconf 87' lang='lat' dir='ltr'><strong>mot</strong></span> <span class='ocrx_word' id='word_1_231' title='bbox 677 4045 828 4135; x_wconf 84' lang='lat' dir='ltr'><strong>dilettor,</strong></span> <span class='ocrx_word' id='word_1_232' title='bbox 853 4042 956 4137; x_wconf 90' lang='lat' dir='ltr'><strong>idest,</strong></span> <span class='ocrx_word' id='word_1_233' title='bbox 982 4049 1110 4118; x_wconf 88' lang='lat' dir='ltr'><strong>contra</strong></span> <span class='ocrx_word' id='word_1_234' title='bbox 1135 4051 1350 4138; x_wconf 80' lang='lat' dir='ltr'><strong>peccatum3</strong></span> <span class='ocrx_word' id='word_1_235' title='bbox 1382 4046 1476 4120; x_wconf 91' lang='lat' dir='ltr'><strong>sicut</strong></span> <span class='ocrx_word' id='word_1_236' title='bbox 1506 4047 1603 4121; x_wconf 88' lang='lat' dir='ltr'><strong>enim</strong></span> 
     </span>
     <span class='ocr_line' id='line_1_28' title="bbox 431 4163 1605 4261; baseline 0.003 -24"><span class='ocrx_word' id='word_1_237' title='bbox 431 4166 469 4239; x_wconf 95' lang='lat' dir='ltr'><strong>in</strong></span> <span class='ocrx_word' id='word_1_238' title='bbox 493 4184 650 4261; x_wconf 88' lang='lat' dir='ltr'><strong>corpore</strong></span> <span class='ocrx_word' id='word_1_239' title='bbox 675 4166 839 4239; x_wconf 88' lang='lat' dir='ltr'><strong>humano</strong></span> <span class='ocrx_word' id='word_1_240' title='bbox 859 4163 1121 4259; x_wconf 84' lang='lat' dir='ltr'><strong>quodcumque</strong></span> <span class='ocrx_word' id='word_1_241' title='bbox 1139 4163 1279 4238; x_wconf 92' lang='lat' dir='ltr'><strong>malum</strong></span> <span class='ocrx_word' id='word_1_242' title='bbox 1298 4166 1405 4260; x_wconf 85' lang='lat' dir='ltr'><strong>culpa</strong></span> <span class='ocrx_word' id='word_1_243' title='bbox 1423 4164 1508 4240; x_wconf 86' lang='lat' dir='ltr'><strong>iacit</strong></span> <span class='ocrx_word' id='word_1_244' title='bbox 1525 4186 1605 4260; x_wconf 87' lang='lat' dir='ltr'><strong>poe-</strong></span> 
     </span>
     <span class='ocr_line' id='line_1_29' title="bbox 431 4282 1606 4381; baseline -0.001 -22"><span class='ocrx_word' id='word_1_245' title='bbox 431 4284 582 4359; x_wconf 87' lang='lat' dir='ltr'><strong>nitentia</strong></span> <span class='ocrx_word' id='word_1_246' title='bbox 608 4291 754 4381; x_wconf 87' lang='lat' dir='ltr'><strong>purgat.</strong></span> <span class='ocrx_word' id='word_1_247' title='bbox 779 4285 824 4357; x_wconf 84' lang='lat' dir='ltr'><strong>Et</strong></span> <span class='ocrx_word' id='word_1_248' title='bbox 849 4283 970 4357; x_wconf 87' lang='lat' dir='ltr'><strong>subdit</strong></span> <span class='ocrx_word' id='word_1_249' title='bbox 996 4282 1284 4379; x_wconf 84' lang='lat' dir='ltr'><strong>magnitudinem</strong></span> <span class='ocrx_word' id='word_1_250' title='bbox 1318 4284 1435 4379; x_wconf 85' lang='lat' dir='ltr'><strong>eulpae</strong></span> <span class='ocrx_word' id='word_1_251' title='bbox 1465 4292 1502 4360; x_wconf 88' lang='lat' dir='ltr'><strong>et</strong></span> <span class='ocrx_word' id='word_1_252' title='bbox 1537 4285 1606 4358; x_wconf 91' lang='lat' dir='ltr'><strong>mi-</strong></span> 
     </span>
     <span class='ocr_line' id='line_1_30' title="bbox 431 4397 1609 4497; baseline 0.001 -19"><span class='ocrx_word' id='word_1_253' title='bbox 431 4403 537 4478; x_wconf 83' lang='lat' dir='ltr'><strong>seriae</strong></span> <span class='ocrx_word' id='word_1_254' title='bbox 562 4403 732 4497; x_wconf 84' lang='lat' dir='ltr'><strong>hominis,</strong></span> <span class='ocrx_word' id='word_1_255' title='bbox 760 4404 903 4478; x_wconf 86' lang='lat' dir='ltr'><strong>dicens:</strong></span> <span class='ocrx_word' id='word_1_256' title='bbox 935 4410 1055 4477; x_wconf 85' lang='lat' dir='ltr'><strong>vostra</strong></span> <span class='ocrx_word' id='word_1_257' title='bbox 1080 4409 1223 4497; x_wconf 84' lang='lat' dir='ltr'><strong>notura,</strong></span> <span class='ocrx_word' id='word_1_258' title='bbox 1252 4406 1393 4496; x_wconf 79' lang='lat' dir='ltr'><strong>quatrdo</strong></span> <span class='ocrx_word' id='word_1_259' title='bbox 1415 4397 1520 4496; x_wconf 86' lang='lat' dir='ltr'><strong>peocd</strong></span> <span class='ocrx_word' id='word_1_260' title='bbox 1551 4409 1609 4481; x_wconf 85' lang='lat' dir='ltr'><strong>net</strong></span> 
     </span>
     <span class='ocr_line' id='line_1_31' title="bbox 430 4523 1608 4636; baseline 0.003 -39"><span class='ocrx_word' id='word_1_261' title='bbox 430 4546 522 4636; x_wconf 63' lang='lat' dir='ltr'><strong>serpe</strong></span> <span class='ocrx_word' id='word_1_262' title='bbox 552 4545 630 4617; x_wconf 85' lang='lat' dir='ltr'><strong>sno,</strong></span> <span class='ocrx_word' id='word_1_263' title='bbox 656 4523 803 4617; x_wconf 86' lang='lat' dir='ltr'><strong>scilicet,</strong></span> <span class='ocrx_word' id='word_1_264' title='bbox 835 4524 873 4598; x_wconf 90' lang='lat' dir='ltr'><strong>in</strong></span> <span class='ocrx_word' id='word_1_265' title='bbox 898 4523 1026 4617; x_wconf 76' lang='lat' dir='ltr'><strong>Adam,</strong></span> <span class='ocrx_word' id='word_1_266' title='bbox 1057 4529 1143 4597; x_wconf 83' lang='lat' dir='ltr'><strong>tutto</strong></span> <span class='ocrx_word' id='word_1_267' title='bbox 1172 4528 1214 4619; x_wconf 80' lang='lat' dir='ltr'><strong>su</strong></span> <span class='ocrx_word' id='word_1_268' title='bbox 1245 4532 1382 4597; x_wconf 84' lang='lat' dir='ltr'><strong>remoto</strong></span> <span class='ocrx_word' id='word_1_269' title='bbox 1414 4527 1463 4597; x_wconf 88' lang='lat' dir='ltr'><strong>do</strong></span> <span class='ocrx_word' id='word_1_270' title='bbox 1494 4533 1608 4616; x_wconf 81' lang='lat' dir='ltr'><strong>queste</strong></span> 
     </span>
     <span class='ocr_line' id='line_1_32' title="bbox 431 4636 1608 4739; baseline 0 -20"><span class='ocrx_word' id='word_1_271' title='bbox 431 4637 616 4735; x_wconf 68' lang='lat' dir='ltr'><strong>dignitudt,</strong></span> <span class='ocrx_word' id='word_1_272' title='bbox 643 4644 729 4738; x_wconf 88' lang='lat' dir='ltr'><strong>quia</strong></span> <span class='ocrx_word' id='word_1_273' title='bbox 755 4643 849 4719; x_wconf 84' lang='lat' dir='ltr'><strong>iacta</strong></span> <span class='ocrx_word' id='word_1_274' title='bbox 876 4649 930 4717; x_wconf 91' lang='lat' dir='ltr'><strong>est</strong></span> <span class='ocrx_word' id='word_1_275' title='bbox 956 4643 1122 4718; x_wconf 88' lang='lat' dir='ltr'><strong>mortalis</strong></span> <span class='ocrx_word' id='word_1_276' title='bbox 1148 4650 1185 4719; x_wconf 91' lang='lat' dir='ltr'><strong>et</strong></span> <span class='ocrx_word' id='word_1_277' title='bbox 1210 4666 1317 4720; x_wconf 86' lang='lat' dir='ltr'><strong>serva</strong></span> <span class='ocrx_word' id='word_1_278' title='bbox 1343 4644 1494 4739; x_wconf 85' lang='lat' dir='ltr'><strong>peccati,</strong></span> <span class='ocrx_word' id='word_1_279' title='bbox 1512 4636 1608 4719; x_wconf 72' lang='lat' dir='ltr'><strong>como</strong></span> 
     </span>
     <span class='ocr_line' id='line_1_33' title="bbox 431 4762 1606 4860; baseline 0.002 -23"><span class='ocrx_word' id='word_1_280' title='bbox 431 4767 469 4837; x_wconf 88' lang='lat' dir='ltr'><strong>di</strong></span> <span class='ocrx_word' id='word_1_281' title='bbox 486 4766 677 4857; x_wconf 85' lang='lat' dir='ltr'><strong>paradiso,</strong></span> <span class='ocrx_word' id='word_1_282' title='bbox 702 4763 806 4858; x_wconf 89' lang='lat' dir='ltr'><strong>idest,</strong></span> <span class='ocrx_word' id='word_1_283' title='bbox 831 4762 927 4839; x_wconf 83' lang='lat' dir='ltr'><strong>siout</strong></span> <span class='ocrx_word' id='word_1_284' title='bbox 951 4763 1090 4859; x_wconf 79' lang='lat' dir='ltr'><strong>privata</strong></span> <span class='ocrx_word' id='word_1_285' title='bbox 1122 4771 1178 4839; x_wconf 93' lang='lat' dir='ltr'><strong>est</strong></span> <span class='ocrx_word' id='word_1_286' title='bbox 1210 4764 1391 4859; x_wconf 81' lang='lat' dir='ltr'><strong>felicitate,</strong></span> <span class='ocrx_word' id='word_1_287' title='bbox 1418 4765 1464 4839; x_wconf 91' lang='lat' dir='ltr'><strong>ad</strong></span> <span class='ocrx_word' id='word_1_288' title='bbox 1493 4786 1606 4860; x_wconf 89' lang='lat' dir='ltr'><strong>quam</strong></span> 
     </span>
     <span class='ocr_line' id='line_1_34' title="bbox 433 4884 1608 4980; baseline 0.001 -20"><span class='ocrx_word' id='word_1_289' title='bbox 433 4891 515 4960; x_wconf 87' lang='lat' dir='ltr'><strong>erat</strong></span> <span class='ocrx_word' id='word_1_290' title='bbox 538 4892 676 4977; x_wconf 87' lang='lat' dir='ltr'><strong>creata,</strong></span> <span class='ocrx_word' id='word_1_291' title='bbox 694 4891 730 4961; x_wconf 89' lang='lat' dir='ltr'><strong>et</strong></span> <span class='ocrx_word' id='word_1_292' title='bbox 752 4905 866 4980; x_wconf 87' lang='lat' dir='ltr'><strong>quam</strong></span> <span class='ocrx_word' id='word_1_293' title='bbox 892 4888 1035 4979; x_wconf 88' lang='lat' dir='ltr'><strong>poterat</strong></span> <span class='ocrx_word' id='word_1_294' title='bbox 1060 4885 1266 4979; x_wconf 90' lang='lat' dir='ltr'><strong>promereri</strong></span> <span class='ocrx_word' id='word_1_295' title='bbox 1284 4907 1349 4980; x_wconf 89' lang='lat' dir='ltr'><strong>per</strong></span> <span class='ocrx_word' id='word_1_296' title='bbox 1367 4884 1522 4960; x_wconf 87' lang='lat' dir='ltr'><strong>liberam</strong></span> <span class='ocrx_word' id='word_1_297' title='bbox 1542 4906 1608 4961; x_wconf 90' lang='lat' dir='ltr'><strong>vo·</strong></span> 
     </span>
     <span class='ocr_line' id='line_1_35' title="bbox 434 5003 1608 5099; baseline 0 -20"><span class='ocrx_word' id='word_1_298' title='bbox 434 5006 625 5080; x_wconf 88' lang='lat' dir='ltr'><strong>luntatem.</strong></span> <span class='ocrx_word' id='word_1_299' title='bbox 651 5006 695 5078; x_wconf 85' lang='lat' dir='ltr'><strong>Et</strong></span> <span class='ocrx_word' id='word_1_300' title='bbox 720 5005 779 5080; x_wconf 85' lang='lat' dir='ltr'><strong>hio</strong></span> <span class='ocrx_word' id='word_1_301' title='bbox 805 5011 891 5080; x_wconf 90' lang='lat' dir='ltr'><strong>nota</strong></span> <span class='ocrx_word' id='word_1_302' title='bbox 914 5003 1043 5099; x_wconf 86' lang='lat' dir='ltr'><strong>pulcre</strong></span> <span class='ocrx_word' id='word_1_303' title='bbox 1067 5004 1167 5099; x_wconf 89' lang='lat' dir='ltr'><strong>quod</strong></span> <span class='ocrx_word' id='word_1_304' title='bbox 1193 5004 1308 5081; x_wconf 77' lang='lat' dir='ltr'><strong>Adam</strong></span> <span class='ocrx_word' id='word_1_305' title='bbox 1335 5011 1436 5081; x_wconf 88' lang='lat' dir='ltr'><strong>recte</strong></span> <span class='ocrx_word' id='word_1_306' title='bbox 1467 5005 1534 5079; x_wconf 88' lang='lat' dir='ltr'><strong>luit</strong></span> <span class='ocrx_word' id='word_1_307' title='bbox 1559 5006 1608 5079; x_wconf 94' lang='lat' dir='ltr'><strong>si-</strong></span> 
     </span>
    </p>
   </div>
   <div class='ocr_carea' id='block_1_5' title="bbox 0 0 2310 6836">
    <p class='ocr_par' dir='ltr' id='par_1_5' title="bbox 0 0 2310 6836">
     <span class='ocr_line' id='line_1_36' title="bbox 0 0 2310 6836; baseline 0 0"><span class='ocrx_word' id='word_1_308' title='bbox 0 0 2310 6836; x_wconf 95' lang='lat' dir='ltr'><strong> </strong></span> 
     </span>
    </p>
   </div>
  </div>
 </body>
</html>
