4575 6842
848 984 989 1041 caurus
1012 983 1157 1060 maus.
1513 968 1583 1035 att

414 1136 490 1205 stra
507 1150 582 1204 uon
598 1130 709 1225 lunge
723 1150 747 1203 a
763 1122 948 1224 Pompeio.
962 1127 1140 1224 Sperabat
1157 1127 1256 1202 enim
1270 1126 1461 1201 victoriam
1479 1144 1587 1199 suum

413 1252 452 1325 in
476 1250 674 1343 nebriute,
700 1248 896 1344 Pompeius
922 1269 1013 1325 vero
1037 1249 1075 1322 in
1099 1248 1295 1341 tarditate3
1313 1254 1461 1343 propter
1486 1244 1587 1341 quod

416 1390 502 1445 cum
529 1390 603 1444 nou
627 1374 749 1464 posset
781 1368 907 1463 aliquo
940 1368 1052 1443 modo
1077 1386 1281 1463 provocare
1306 1367 1522 1463 Pompeium
1548 1364 1586 1439 in

415 1490 600 1588 proeiium,
620 1489 769 1565 taudem
794 1489 907 1564 cinxit
923 1510 1011 1565 eum
1029 1488 1217 1564 obsidione
1233 1488 1331 1583 apud
1353 1488 1583 1563 ituracbium

415 1609 715 1707 inexpugnabite;
739 1616 777 1685 et
798 1610 989 1685 consilium
1016 1610 1112 1705 cepit
1136 1630 1182 1685 ex
1209 1616 1343 1685 natura
1368 1610 1448 1683 loci.
1474 1610 1587 1685 Erant

414 1732 513 1809 euim
533 1730 630 1806 circa
647 1736 768 1805 castra
785 1731 948 1826 Pompeii
966 1730 1071 1804 multi
1093 1730 1155 1806 alti
1172 1736 1210 1805 et
1226 1729 1347 1825 asperi
1364 1730 1485 1822 colles,
1504 1728 1587 1823 qui-

412 1853 484 1927 bus
502 1850 688 1945 occupatis
709 1850 793 1927 iecit
810 1851 937 1949 viginti
956 1858 1119 1946 quatuor
1134 1850 1294 1945 castella,
1312 1854 1349 1925 et
1371 1870 1418 1925 ex
1439 1848 1587 1925 castello

413 1972 451 2047 in
470 1972 661 2047 castelium
684 1970 925 2047 munitionem
951 1970 1056 2046 duxit
1080 1990 1167 2045 cum
1193 1970 1288 2045 fossa
1315 1990 1381 2065 per
1401 1968 1586 2045 sexdecim

414 2092 596 2186 milliaria3
611 2091 660 2166 ibi
676 2092 783 2187 ptura
800 2092 928 2187 proelia
945 2091 1181 2187 particularia
1198 2091 1292 2166 iacta
1310 2097 1396 2165 sunt
1413 2111 1499 2165 cum
1519 2089 1588 2163 mi·-
1713 2072 1722 2090 '

413 2213 517 2290 rabili
543 2212 748 2289 resistentia
772 2218 809 2287 et
834 2212 1007 2308 patientia
1031 2213 1311 2288 caesariensium
1338 2219 1376 2287 et
1401 2209 1588 2305 potissime

413 2335 538 2411 Sceuae
556 2332 795 2427 centurionis3
810 2333 958 2409 taudem
976 2353 1051 2407 una
1067 2333 1127 2407 dia
1143 2333 1238 2407 iacta
1256 2338 1312 2407 est
1327 2328 1587 2405 violentissima

412 2454 567 2550 eruptio.
585 2455 630 2529 Et
647 2454 843 2548 Pompeius
860 2454 987 2547 victor,
1014 2453 1109 2527 tacta
1135 2473 1270 2550 magna
1295 2450 1395 2526 caede
1411 2450 1458 2524 de
1475 2449 1587 2525 bosti-

411 2576 492 2669 bus,
517 2596 604 2649 suos
627 2594 650 2649 a
676 2574 807 2669 proelio
831 2572 1029 2667 revocavit,
1056 2572 1144 2665 quia
1170 2572 1291 2646 timuit
1316 2570 1473 2663 insidias,
1499 2569 1587 2663 quia

412 2714 488 2769 uon
512 2694 682 2790 sperabat
705 2694 811 2767 istam
840 2692 1040 2787 victoriam,
1068 2692 1126 2770 vel
1152 2690 1239 2787 quia
1266 2712 1338 2765 nox
1364 2689 1587 2786 supervenit,

413 2815 473 2891 vel
497 2814 583 2910 quia
609 2813 778 2908 sperabat
796 2812 985 2888 victoriam
1011 2812 1090 2887 sine
1114 2812 1238 2905 caede3
1265 2812 1328 2887 sed
1353 2816 1454 2885 certe
1479 2829 1587 2884 error

413 2934 503 3009 fuit:
539 2933 622 3008 ideo
654 2933 749 3010 bene
773 2932 896 3008 Cesar
924 2940 1013 3007 tunc
1046 2932 1160 3009 dixit:
1188 2932 1402 3027 Pompeium
1436 2931 1587 3007 uincere

413 3054 564 3131 nescire
590 3052 714 3129 Cesar
736 3052 867 3129 deinde
891 3054 1100 3129 consolatus
1117 3074 1205 3128 suos
1222 3053 1388 3127 transivit
1412 3052 1449 3126 in
1474 3053 1586 3127 Thes·

414 3174 554 3266 saliam,
586 3181 624 3248 et
658 3173 853 3269 Pompeius
884 3181 1035 3249 secutus
1072 3180 1128 3249 est
1165 3174 1284 3271 ipsum
1310 3174 1372 3269 qui
1399 3172 1587 3269 sapientis-

414 3296 508 3369 sime
532 3294 679 3369 volebat
703 3294 851 3369 vincere
875 3314 962 3369 cum
992 3294 1163 3370 dilatione
1178 3289 1234 3389 (Ἲς
1261 3295 1325 3370 sed
1352 3294 1468 3369 rictus
1494 3312 1602 3386 que,

415 3415 500 3490 retis
528 3416 696 3490 omnium
722 3414 858 3488 invitus
891 3415 1028 3489 taxavit
1060 3417 1221 3490 habenas
1251 3416 1432 3508 tortunae3
1461 3421 1588 3488 tamen

414 3556 574 3631 sequens
602 3533 795 3609 consitium
824 3535 996 3630 aliorum,
1022 3534 1180 3611 finaliter
1213 3536 1327 3611 fidens
1354 3534 1587 3610 multitudine

415 3676 551 3751 magna
567 3655 678 3749 coepit
694 3674 868 3750 pugnam.
881 3654 1063 3729 Labienus
1080 3654 1143 3749 qui
1166 3656 1284 3731 iactus
1303 3661 1383 3730 erat
1401 3654 1513 3729 hostis
1531 3654 1586 3727 iu-

414 3774 628 3851 iestissimus
653 3773 787 3849 Caesari
813 3774 851 3848 iu
876 3774 973 3849 bello
997 3774 1092 3848 civili
1117 3776 1284 3850 animose
1300 3776 1587 3850 incitavitPom-

413 3894 573 3990 poianos.
599 3895 722 3969 Cesar
745 3914 837 3969 aero
862 3893 1056 3991 magnifice
1075 3894 1242 3969 accendit
1258 3915 1345 3970 suos
1362 3902 1400 3970 et
1418 3894 1585 3969 ordinem

414 4033 550 4110 pugnae
572 4014 690 4109 dedit3
715 4014 779 4090 sed
803 4015 990 4091 tardantes
1014 4015 1195 4089 crastinus
1215 4016 1253 4090 in
1271 4015 1373 4090 rabie
1387 4007 1424 4107 (²)
1452 4014 1586 4089 turonis

413 4154 543 4209 omnes
563 4134 601 4209 in
617 4134 787 4229 proelium
809 4136 933 4227 traxit,
950 4135 1013 4230 qui
1030 4135 1141 4231 paulo
1158 4142 1239 4230 post
1253 4134 1455 4230 justissime
1472 4134 1585 4209 inter-

414 4253 531 4329 iectus
556 4261 613 4329 est
631 4256 771 4351 jactato
786 4247 822 4349 (³)
840 4257 961 4353 gtadio
979 4257 1016 4330 in
1033 4276 1076 4331 os
1092 4256 1183 4331 eius.
1201 4256 1397 4351 Pompeius
1417 4255 1586 4331 studebat

414 4396 501 4451 cum
528 4376 762 4451 multitudine
786 4378 956 4471 equitum
980 4377 1250 4452 circumvenire
1276 4375 1480 4452 exercitum
1506 4377 1585 4451 Coe-

414 4496 525 4588 saris3
551 4496 615 4571 sed
644 4496 731 4570 nibil
762 4497 881 4592 magis
909 4498 1035 4571 nocuit
1063 4497 1142 4590 sibi,
1177 4518 1289 4591 quam
1321 4497 1517 4571 multitudo
1548 4503 1586 4573 et

413 4616 602 4691 diversitas
627 4636 713 4710 quae
737 4636 804 4712 per
831 4638 948 4691 unum
979 4618 1057 4714 regi
1087 4626 1125 4691 et
1156 4617 1301 4691 traenari
1327 4637 1401 4691 non
1431 4624 1584 4712 poterat.

413 4736 535 4811 cesar
558 4742 684 4811 autem
710 4743 748 4811 et
778 4736 962 4811 tortissimi
993 4736 1114 4811 militis
1143 4745 1181 4811 et
1209 4736 1345 4810 summi
1375 4737 1478 4811 ducis
1504 4738 1587 4812 otii-

413 4855 512 4931 eium
538 4877 684 4953 gerens,
710 4878 809 4932 nunc
834 4856 978 4951 feriens,
1005 4878 1103 4932 nunc
1128 4859 1327 4933 exhortans
1347 4858 1518 4934 omnibus
1539 4859 1586 4934 ad

476 5114 504 5177 (¹)
520 5120 543 5177 t.
560 5116 705 5167 dilectione.
892 5114 966 5179 (dli.
982 5116 1010 5167 tu
1027 5116 1133 5169 rabiem.
1321 5116 1349 5180 ι’)
1364 5117 1482 5183 ejecto.
