4575 6842
739 967 810 1036 314
1131 981 1336 1039 COMENTUM
1361 985 1528 1038 runautst

736 1126 997 1202 sententialiter
1023 1127 1104 1202 vuit
1128 1125 1252 1202 dicere
1277 1129 1377 1223 quod
1402 1128 1520 1203 tactus
1544 1137 1600 1204 est
1625 1150 1722 1203 unus
1742 1149 1789 1204 cx
1807 1127 1911 1203 nobi·

736 1246 831 1321 libus
856 1247 963 1343 pullis
989 1246 1092 1322 istius
1117 1249 1201 1322 aitte
1226 1250 1380 1344 aquiiae3
1407 1270 1492 1325 nam
1525 1251 1656 1326 ocutus
1684 1250 1765 1326 eius
1794 1251 1908 1346 respi-

735 1367 834 1443 ciens
860 1369 987 1443 ncuios
1012 1369 1198 1463 Beatricis,
1218 1370 1407 1466 vigoratus
1432 1369 1543 1466 eoepit
1574 1371 1755 1466 respicere
1779 1371 1907 1464 solem,

732 1489 834 1582 quod
859 1487 960 1585 prius
994 1486 1116 1564 iacere
1151 1510 1224 1563 non
1259 1496 1442 1585 potuerat,
1471 1511 1494 1565 a
1524 1490 1631 1564 sirniii
1661 1490 1756 1566 sicut
1785 1491 1910 1566 radius

734 1609 819 1684 soiis
846 1609 1025 1684 retractus
1050 1609 1086 1682 in
1111 1611 1261 1704 speculo
1287 1611 1410 1685 resaiit
1436 1632 1587 1686 sursum
1612 1631 1743 1687 versus
1773 1633 1908 1708 corpus

735 1732 832 1825 solis,
849 1731 954 1825 quasi
976 1730 1101 1805 volens
1126 1731 1248 1806 redire
1273 1732 1320 1806 ad
1345 1731 1469 1807 locum
1490 1731 1589 1806 unde
1605 1732 1708 1827 prius
1732 1741 1907 1827 reuerat3

734 1850 784 1924 ita
811 1850 1013 1926 intellectus
1038 1849 1179 1925 autoris
1203 1852 1308 1945 quasi
1333 1851 1484 1946 quidam
1504 1852 1628 1925 radius
1652 1852 1738 1926 sotis
1757 1831 1909 1948 justitiae

734 1970 860 2044 volens
877 1991 976 2044 nunc
994 1971 1113 2046 redire
1130 1971 1177 2045 ad
1195 1971 1314 2067 ipsum
1334 1971 1432 2046 unde
1448 1978 1613 2065 venerat,
1627 1971 1844 2066 respiciebat
1861 1973 1910 2046 ad

733 2091 859 2164 oculos
890 2090 1075 2185 BeatriciS,
1107 2089 1210 2185 idest,
1236 2091 1583 2185 contemptationem
1618 2096 1655 2165 et
1688 2092 1909 2186 speculatio·

734 2231 818 2285 nem
844 2210 1055 2307 theologiae5
1082 2217 1119 2285 et
1144 2209 1214 2285 isto
1240 2211 1349 2286 medo
1376 2211 1547 2286 resaiibat
1561 2212 1608 2286 ad
1628 2213 1778 2305 coeium,
1796 2219 1833 2287 et
1854 2213 1910 2286 iu-

731 2332 886 2428 cipiebat
913 2351 1018 2426 posse
1042 2330 1171 2406 ridere
1195 2331 1309 2406 sotem
1336 2339 1532 2424 aeternum,
1559 2331 1658 2425 quod
1684 2332 1805 2407 iacere
1831 2353 1905 2406 non

730 2457 874 2548 poterat
900 2450 965 2523 nisi
994 2449 1177 2525 mediante
1201 2450 1269 2525 ista
1295 2471 1401 2526 sacra
1426 2451 1587 2525 scientia.
1609 2451 1744 2527 Ordine
1758 2444 1797 2544 ζ’)
1822 2451 1905 2526 tite·

731 2593 814 2644 ram
840 2590 925 2665 quae
950 2577 1004 2644 est
1030 2570 1131 2644 tortis
1157 2575 1195 2644 et
1219 2577 1393 2645 construe
1418 2571 1500 2664 sic;,
1515 2591 1607 2665 cape
1631 2571 1769 2662 illude,
1787 2571 1905 2646 etde-

732 2691 867 2766 scende
893 2689 1042 2764 interius
1068 2689 1130 2764 ubi
1155 2689 1242 2764 dicit
1264 2693 1293 2763 tt
1315 2693 1398 2783 mio,
1419 2696 1457 2765 et
1473 2690 1550 2765 dic:
1568 2697 1601 2764 Ε
1618 2694 1646 2764 it
1661 2693 1743 2784 mio,
1763 2691 1904 2786 supple,

732 2818 848 2905 actus,
876 2813 992 2906 infuso
1017 2814 1115 2902 dupli
1139 2814 1203 2884 otti
1218 2814 1309 2902 rud,
1329 2809 1475 2905 scilicet,
1493 2811 1678 2905 Beatricis,
1695 2833 1765 2905 per
1779 2815 1831 2903 pti
1848 2832 1908 2885 oc-

731 2935 798 3025 cdi,
826 2932 972 3027 scilicet,
999 2953 1112 3026 meos,
1130 2934 1162 3004 ci
1182 2934 1616 3025 fuscellimontem,
1636 2931 1739 3026 idest,
1757 2931 1794 3004 in
1812 2931 1905 3006 irua-

731 3053 891 3150 ginativa
910 3073 1005 3145 mea,
1022 3045 1053 3126 st
1073 3073 1170 3126 come
1184 3055 1328 3144 rappio,
1344 3052 1491 3146 scilicet,
1513 3054 1609 3147 sotis,
1627 3055 1722 3126 sucu
1737 3056 1833 3126 uscir
1848 3055 1907 3127 det

727 3177 859 3268 primo,
885 3173 1031 3267 scilicet,
1056 3173 1241 3248 mediante
1266 3175 1416 3269 speculo
1434 3175 1491 3248 rei
1508 3195 1618 3269 aqua,
1636 3179 1674 3249 et
1690 3173 1784 3248 sicut
1802 3174 1904 3267 solet,

730 3297 853 3368 risaiir
888 3297 1022 3384 trunco,
1055 3294 1201 3388 scilicet,
1232 3314 1362 3368 versus
1395 3294 1514 3389 ipsum
1548 3295 1676 3388 solem,
1703 3315 1776 3386 pur
1810 3315 1906 3366 come

726 3419 895 3509 pereprin
919 3418 979 3488 cte
1004 3422 1131 3488 torpor
1149 3417 1260 3506 vuote,
1277 3415 1424 3509 scilicet,
1449 3414 1496 3489 ad
1522 3415 1645 3489 iocum
1673 3414 1772 3490 unde
1788 3435 1902 3490 vene-

731 3542 806 3631 rat3
824 3542 862 3612 et
879 3536 949 3610 hoc
966 3537 1046 3610 vuit
1071 3535 1229 3610 naturali
1251 3535 1462 3629 intentione,
1481 3535 1671 3631 inteiligas,
1689 3535 1777 3628 quia
1793 3535 1902 3609 aliam

730 3658 957 3732 voluntatem
985 3677 1057 3731 non
1084 3655 1194 3731 habet
1220 3655 1344 3730 radius
1375 3655 1515 3749 solaris,
1546 3654 1594 3728 ita
1629 3660 1739 3728 autor
1769 3661 1905 3748 noster,

731 3779 794 3872 qui
811 3777 873 3850 diu
891 3777 1013 3852 iuerat
1027 3775 1283 3872 peregrinatus
1295 3796 1318 3850 a
1331 3775 1419 3869 Deo,
1433 3775 1580 3851 volebat
1594 3774 1729 3849 reverti
1744 3773 1791 3847 ad
1804 3794 1904 3857 eum.

731 3900 832 3975 Unde
857 3898 997 3973 subdit:
1023 3921 1042 3970 e
1067 3901 1161 3971 votsc
1189 3900 1217 3970 u
1247 3898 1334 3989 coo,
1361 3896 1508 3989 scilicet,
1538 3895 1835 3989 iuteiiectuaiem,
1867 3897 1907 3967 ct

728 4025 813 4114 soie,
842 4019 977 4095 scilicet
1002 4019 1133 4112 Deum,
1151 4021 1240 4091 oltra
1256 4039 1280 4089 a
1296 4024 1419 4090 cordo
1444 4037 1520 4108 uso,
1538 4015 1641 4108 idest,
1667 4015 1766 4090 ultra
1792 4035 1902 4088 usum

730 4142 903 4216 humanae
927 4139 1097 4233 scicntia,
1118 4137 1204 4232 quia
1223 4139 1417 4230 hucusque
1433 4136 1552 4210 iverat
1570 4155 1635 4230 per
1656 4141 1795 4210 terram
1816 4155 1902 4209 curn

644 4310 646 4316 -
729 4259 887 4357 Virgilio.
907 4260 950 4332 Et
968 4258 1163 4354 respondet
1178 4257 1355 4333 continuo
1372 4255 1563 4349 quaestioni
1581 4253 1711 4348 tacitae,
1732 4253 1818 4348 quia
1837 4275 1905 4350 po·
1953 4286 1959 4298 ·

599 4409 604 4417 ¹
728 4389 824 4458 terat
847 4387 974 4475 petere
999 4379 1137 4454 lector:
1165 4376 1352 4472 quomodo
1377 4375 1509 4450 oculus
1541 4375 1727 4448 humanus
1760 4379 1905 4468 poterat

727 4503 800 4598 pati
827 4501 925 4596 quod
950 4500 1074 4594 aquila
1099 4499 1161 4574 diu
1178 4490 1215 4591 (²)
1242 4516 1316 4572 uon
1342 4499 1488 4592 potestt
1514 4493 1729 4590 respondet:
1755 4490 1907 4567 mottoe‘

726 4625 817 4698 licito
842 4612 891 4714 td,
920 4621 957 4693 in
984 4619 1045 4694 iiio
1071 4619 1152 4693 ioco
1177 4617 1283 4711 felici,
1301 4619 1370 4690 alte
1387 4623 1508 4690 nosue
1533 4610 1638 4705 cotti,
1660 4613 1807 4706 scilicet,
1834 4612 1905 4686 tru-

726 4743 855 4836 manis,
887 4741 981 4815 sicut
1016 4738 1122 4832 visui,
1155 4737 1298 4812 auditui
1330 4742 1369 4811 et
1399 4736 1496 4829 aiiis,
1528 4734 1633 4828 quasi
1662 4733 1770 4826 dicat,
1804 4731 1902 4827 quod

727 4863 839 4936 homo
864 4859 1059 4955 perfectius
1085 4863 1204 4952 potest
1231 4854 1356 4932 videre
1373 4855 1434 4949 ibi,
1451 4857 1512 4928 cte
1530 4857 1590 4946 qui
1609 4875 1682 4927 non
1703 4856 1783 4945 tece,
1803 4850 1903 4945 quod

792 5119 820 5184 (¹)
837 5121 867 5172 Ε.
884 5119 980 5172 Ordine
997 5134 1074 5170 nunc.
1262 5117 1290 5181 (')
1307 5117 1338 5168 Ε.
1354 5117 1408 5180 pati
1422 5117 1467 5166 diu
1483 5129 1535 5165 non
1552 5117 1654 5177 potest!
