4575 6842
583 1037 585 1045 γ
726 965 864 1022 caurus
889 969 1080 1025 nummus
1105 970 1301 1026 secundus.
1552 959 1597 1024 27

429 1108 522 1202 ritia,
549 1129 634 1202 quae
657 1108 706 1183 ita
732 1110 918 1185 excessivo
943 1111 1010 1184 luit
1035 1111 1072 1184 in
1097 1112 1223 1207 Statio,
1245 1120 1287 1187 ut
1311 1113 1507 1209 aliquando
1532 1113 1599 1188 de·

429 1228 555 1304 ficeret
579 1228 645 1304 sibi
671 1229 773 1324 papis
799 1251 884 1305 cum
911 1237 991 1304 erat
1008 1230 1045 1304 in
1062 1231 1193 1306 maiori
1214 1254 1344 1309 amore
1360 1241 1398 1309 et
1414 1234 1541 1310 lavore
1561 1235 1600 1309 iu

428 1347 559 1442 Roma,
582 1350 676 1425 sicut
707 1349 831 1425 scribit
859 1351 1054 1425 luvenalis
1085 1352 1130 1425 Et
1161 1351 1219 1426 hic
1251 1360 1337 1426 nota
1368 1355 1466 1447 quod
1498 1361 1598 1430 recte

429 1469 510 1544 talis
535 1475 589 1544 est
614 1469 765 1544 ellectus
791 1469 1061 1566 prodigalitatis,
1088 1471 1174 1567 quia
1200 1472 1312 1546 trahit
1343 1474 1528 1547 hominem
1559 1473 1598 1547 iu

429 1589 553 1664 omnia
578 1589 810 1665 incommoda
836 1598 873 1666 et
896 1591 1078 1666 contrahit
1104 1592 1273 1667 membra
1304 1593 1341 1666 iu
1366 1592 1426 1666 rili
1452 1593 1598 1687 lectulo,

429 1711 526 1785 relat
550 1730 685 1806 corpus
712 1731 825 1805 parvo
850 1717 888 1786 et
912 1711 1058 1787 sordido
1083 1712 1289 1807 panniculo,
1316 1713 1434 1787 ventri
1459 1712 1599 1788 inducit

424 1831 564 1928 ieiunia
589 1833 700 1927 longo
724 1830 820 1925 odio,
847 1837 883 1907 et
908 1836 1097 1908 stomacho
1115 1854 1234 1909 vacuo
1258 1834 1298 1907 lit
1323 1835 1421 1908 socia
1447 1832 1598 1908 lrumida

428 1951 544 2026 tumes
568 1957 606 2025 et
630 1939 732 2026 arida
749 1933 843 2026 sitis:
870 1952 972 2026 illum
993 1953 1162 2046 sequitur
1178 1952 1339 2028 creditor
1357 1973 1504 2046 avarus,
1526 1952 1597 2026 im-

428 2078 608 2167 portunus
625 2080 788 2166 exactor,
816 2073 990 2166 repetitor
1010 2073 1204 2169 prodigus,
1220 2073 1273 2148 sic
1298 2073 1339 2148 lit
1364 2073 1499 2149 misero
1521 2073 1597 2149 rita

427 2211 547 2288 poeua,
575 2212 675 2266 mors
700 2191 881 2267 solatium.
907 2191 993 2268 ldeo
1017 2191 1102 2267 dicit
1127 2192 1274 2287 Statim,
1302 2193 1400 2287 quod
1425 2193 1472 2267 ad
1496 2192 1593 2267 istud

427 2332 603 2409 magnum
628 2312 758 2386 vitium
784 2317 911 2387 secuta
941 2318 996 2388 est
1021 2313 1130 2407 longa
1159 2333 1288 2407 poena3
1321 2312 1421 2388 unde
1445 2312 1550 2386 dicit:
1577 2333 1597 2385 e

427 2434 593 2524 eupliam
626 2435 664 2506 dt
693 2435 824 2524 lunari,
855 2432 958 2527 idest,
991 2433 1104 2507 multa
1140 2433 1251 2507 millia
1283 2433 1477 2527 mensium,
1507 2453 1593 2507 nam

426 2573 545 2626 annus
570 2552 709 2627 lunaris
734 2559 789 2626 est
820 2543 968 2645 unusl¹l
1003 2553 1149 2645 mensis,
1175 2559 1213 2626 et
1245 2552 1360 2626 utitur
1392 2552 1454 2627 tali
1486 2552 1596 2626 modo

427 2671 609 2766 loquendi,
638 2677 678 2746 ut
703 2691 813 2766 poena
835 2670 1003 2746 videatur
1022 2672 1185 2769 longior,
1202 2675 1321 2744 tunm
1334 2676 1458 2766 punita
1476 2678 1596 2765 questu

427 2793 628 2882 dismrsuru,
653 2790 799 2883 scilicet,
824 2790 1434 2886 prodigalitatem.-E,se.Nt1nc
1459 2791 1595 2867 Statius

340 2899 349 2916 '
426 2910 595 2986 describit
619 2930 726 2984 suam
744 2911 1036 2986 emendationem
1057 2912 1105 2986 ab
1123 2913 1191 2986 isto
1209 2913 1315 3005 vitio,
1335 2918 1373 2986 et
1389 2911 1474 2986 dicit
1493 2911 1593 3006 quod

427 3051 543 3104 unum
570 3030 707 3104 dictum
733 3028 969 3126 virgilianum
998 3031 1151 3105 retraxit
1180 3052 1279 3107 eum.
1314 3033 1358 3106 llt
1391 3031 1437 3105 ad
1463 3030 1594 3106 intelli-

425 3151 586 3248 gentiam
613 3149 716 3223 istius
741 3149 856 3224 lilerae
882 3156 967 3224 nota
994 3151 1091 3244 quod
1118 3152 1287 3249 Virgilius
1304 3151 1412 3226 tertio
1429 3150 1594 3244 Eneidos,

425 3291 512 3346 curn
538 3269 784 3364 descripsisset
808 3268 995 3344 crudelem
1020 3271 1212 3345 avaritiam
1233 3269 1529 3367 Polymnestoris,
1546 3269 1594 3343 de
1722 3349 1730 3367 ,

425 3411 500 3484 qua
525 3389 662 3464 dictum
694 3396 749 3464 est
773 3409 885 3483 supra
910 3388 1069 3484 capitulo
1100 3390 1178 3483 XX,
1209 3388 1426 3464 exclamarit
1441 3379 1478 3481 (²)
1506 3407 1593 3462 curn

424 3510 689 3607 indignatione:
711 3512 795 3603 quid
817 3531 890 3584 non
915 3511 1082 3584 mortalia
1094 3518 1240 3602 pectora
1256 3512 1352 3601 copis
1372 3513 1463 3583 Auri
1486 3529 1595 3583 sacru

421 3636 562 3724 forms?
588 3630 692 3724 quasi
717 3629 823 3724 dicat,
842 3631 940 3724 quud
965 3629 1140 3725 cupiditas
1165 3631 1248 3704 auri
1272 3630 1456 3724 compellit
1480 3629 1592 3704 corda

425 3749 614 3825 hominum
641 3749 686 3823 ad
712 3749 835 3824 omnia
853 3771 987 3846 magna
1005 3749 1119 3842 mala;
1136 3755 1261 3824 tamen
1286 3749 1343 3824 hic
1362 3749 1498 3824 Statius
1516 3751 1592 3827 lar-

424 3869 506 3968 gius
531 3870 793 3965 interpretatur
817 3866 913 3944 is'tud
941 3869 1090 3964 dictum,
1117 3875 1155 3944 et
1179 3869 1264 3943 dicit
1297 3871 1396 3963 quod
1421 3869 1594 3966 Virgilius

423 3991 547 4086 arguit
572 3975 891 4085 intemperantiam
917 3988 1125 4063 divitiarum
1152 3995 1227 4062 tam
1260 3989 1298 4062 in
1328 3988 1447 4063 dando
1477 4010 1590 4086 quam

424 4109 461 4184 in
487 4111 685 4186 retinendo.
704 4110 838 4186 Ordina
864 4131 962 4184 nunc
987 4109 1130 4184 literam
1156 4109 1227 4183 sic:
1245 4114 1278 4180 E
1299 4113 1439 4183 rmdrei
1462 4113 1493 4183 te
1516 4113 1594 4201 pio-

423 4238 494 4305 stre
512 4253 649 4324 mame,
667 4252 759 4326 quas
775 4231 913 4306 iaciunt
930 4229 1070 4326 prodigi
1095 4235 1132 4305 et
1154 4229 1256 4303 avari
1282 4228 1318 4302 in
1344 4229 1497 4323 inlerno,
1516 4233 1593 4302 vol-

423 4356 544 4443 tundo,
569 4353 616 4427 ad
641 4359 818 4448 punctum
836 4349 985 4443 circuli,
1013 4348 1116 4444 qnasi
1141 4348 1256 4423 dicat:
1283 4369 1353 4445 ego
1379 4367 1497 4423 essem
1524 4348 1589 4424 da·

423 4479 581 4566 mnatus,
607 4474 694 4566 quia
711 4491 1003 4568 perseverassem
1031 4489 1177 4564 semper
1202 4470 1239 4543 in
1265 4468 1589 4565 prodigalitatem

420 4614 493 4666 nou
507 4597 599 4687 (csse
618 4595 714 4666 clt'io
730 4595 873 4666 ἀνέκαι’
897 4595 969 4664 mio
992 4612 1094 4683 cura,
1116 4611 1228 4686 super
1246 4590 1314 4664 isto
1332 4589 1429 4683 vitio,
1447 4591 1591 4682 quoodo

419 4716 519 4788 intest
531 4703 567 4787 ld
578 4717 667 4786 dove
679 4721 715 4786 tu
728 4715 866 4804 amomi,
878 4711 987 4786 tertio
999 4710 1165 4806 Eneidos,
1179 4713 1281 4803 musi
1291 4713 1478 4800 decocto,
1487 4709 1589 4803 idest,

421 4833 638 4929 indignatus,
663 4836 868 4908 alcumena
892 4838 1035 4922 nutura,
1056 4830 1199 4906 dicens:
1225 4852 1247 4903 o
1271 4852 1379 4904 sacra
1396 4833 1492 4924 [amc
1514 4833 1592 4902 del·

485 5017 512 5080 (¹)
529 5023 584 5079 ¹1⁷,
600 5019 677 5068 unlus
692 5021 796 5070 mensis.

486 5091 514 5158 ι’)
531 5093 562 5144 ll.
577 5092 704 5145 exclamat
719 5108 780 5144 oum
796 5094 981 5158 indignatione,
997 5093 1095 5144 diecm:
1112 5093 1174 5156 puid
1188 5107 1250 5142 non.
