4575 6842
722 976 862 1035 caurus
886 977 1101 1033 rurensmus
1124 977 1319 1035 secururs.
1535 964 1606 1039 ute

433 1128 551 1219 agunt
574 1128 741 1219 patenter
766 1123 859 1201 sieut
885 1124 1065 1220 principes
1090 1130 1218 1201 eontm
1239 1123 1443 1216 eeclesiam,
1462 1122 1526 1201 sed
1542 1143 1607 1201 oe-

433 1242 544 1337 culte,
569 1246 626 1319 dei
649 1246 796 1338 nionsut
820 1246 962 1334 veiculo,
984 1243 1088 1337 idest,
1113 1263 1249 1321 currus
1275 1243 1460 1319 militantis
1485 1244 1605 1323 eecle-

433 1360 509 1456 siae,
526 1383 610 1457 quae
628 1364 918 1459 triumphaverat
939 1364 1018 1458 jam
1037 1362 1084 1437 de
1104 1362 1398 1458 imperatoribus,
1415 1365 1477 1437 ete
1488 1385 1607 1457 pareo

432 1484 591 1575 Quum,
624 1484 727 1579 idest,
763 1484 930 1561 mmeiica
962 1484 1021 1561 rei
1054 1503 1184 1575 vacua,
1214 1484 1249 1555 α’
1262 1484 1348 1573 euni
1370 1482 1464 1556 teon
1484 1492 1605 1579 pasto,

433 1603 536 1699 idest,
549 1604 650 1683 omni
667 1605 764 1681 bona
776 1604 952 1700 doctrina,
967 1604 1031 1680 sed
1048 1603 1149 1681 omni
1167 1622 1282 1699 pravo
1299 1601 1473 1699 dogmate
1489 1609 1603 1699 pasta

433 1725 479 1803 Et
502 1724 623 1801 subdit
649 1724 890 1805 resistentiam
917 1745 1030 1819 quam
1057 1723 1142 1800 iacit
1160 1722 1304 1817 sapiens
1329 1728 1367 1797 et
1392 1728 1520 1816 potens
1538 1722 1607 1800 du-

435 1844 534 1919 minu
554 1850 683 1921 eontra
700 1844 849 1941 vulpem
874 1843 1028 1940 dejure
1053 1849 1091 1925 et
1115 1843 1163 1919 de
1187 1842 1297 1937 iacto,
1321 1841 1464 1919 dicens:
1485 1864 1545 1918 mu
1570 1846 1608 1919 iu

434 1968 506 2041 mie
530 1968 665 2057 wana,
690 1966 792 2061 idest,
817 1971 942 2043 sauma
967 1964 1161 2060 scriptura,
1187 1963 1294 2037 euius
1324 1963 1479 2060 imperio
1509 1985 1608 2045 nune

434 2106 539 2163 eram
564 2086 719 2181 deditus,
743 2088 980 2180 riprendendo
1013 2088 1069 2176 tei,
1100 2084 1236 2161 scilieet
1265 2084 1429 2179 vulpem,
1453 2087 1491 2158 di
1514 2088 1608 2161 laida

433 2208 542 2299 colpe,
568 2206 670 2303 idest,
702 2206 870 2302 turpibus
900 2205 1109 2299 erroribus;
1143 2216 1230 2280 nam
1259 2203 1407 2281 Beatrix
1439 2204 1607 2299 opposuit

433 2324 481 2400 ad
505 2326 753 2405 detonsionem
778 2348 886 2406 suam
910 2326 1060 2423 angelos
1086 2324 1151 2419 qui
1177 2331 1283 2403 erant
1301 2324 1339 2401 in
1355 2346 1484 2419 curru,
1501 2324 1615 2420 idest,

435 2466 587 2544 magnos
612 2448 782 2525 doctores
806 2455 934 2524 contra
961 2468 1115 2543 magnos
1140 2446 1345 2541 haeretieos,
1363 2446 1458 2521 sieut
1476 2447 1607 2545 nugu-

433 2565 570 2641 stinum
599 2567 946 2662 contrauersim,
977 2566 1246 2663 Hieronymum
1281 2572 1411 2641 eontra
1444 2566 1607 2643 Iovinia-

435 2705 539 2779 num,
556 2686 620 2780 qui
637 2694 840 2783 posuerunt
864 2707 1037 2763 enormes
1054 2706 1217 2780 errores,
1233 2685 1328 2761 sient
1345 2686 1421 2783 ipse
1446 2686 1608 2763 torinia-

435 2824 505 2879 nus
517 2805 581 2898 qui
595 2806 710 2881 voluit
723 2808 967 2905 virginitatem
981 2807 1119 2882 nullam
1133 2802 1170 2899 (¹)
1189 2827 1271 2883 esse
1287 2807 1462 2882 virtutem
1480 2814 1550 2883 ete.
1568 2813 1608 2889 ei

435 2922 486 2997 ita
502 2945 588 3001 curn
606 2928 834 3023 argumentis
851 2928 946 3022 fidei,
959 2931 996 3003 to
1014 2930 1106 3003 notre
1122 2930 1161 3001 in
1177 2934 1275 3003 touta
1289 2931 1381 3021 suta,
1395 2927 1484 3021 quia
1501 2928 1608 3025 iuge-

438 3036 531 3138 rit(¹)
551 3067 573 3122 a
590 3046 682 3123 iacis
698 3049 879 3143 ecclesium
897 3054 1218 3141 quuumsofferson
1234 3050 1473 3123 tumescere
1490 3051 1607 3143 potpe,
1684 3127 1688 3135 ,

436 3165 521 3259 quia
549 3168 749 3246 maceravit
774 3170 923 3265 vulpem
954 3176 991 3245 et
1020 3167 1187 3264 spoliavit
1217 3167 1401 3262 carnibus,
1428 3168 1475 3242 ita
1507 3168 1608 3264 quod

438 3288 611 3363 remansit
635 3289 713 3367 sola
737 3290 839 3385 peliis
864 3296 1016 3367 extensa
1040 3308 1153 3383 super
1179 3287 1336 3383 ossibus3
1362 3289 1422 3364 uei
1448 3290 1527 3365 vuit
1551 3289 1607 3367 di·

436 3426 522 3487 cere
547 3409 646 3505 quod
672 3415 930 3487 remanserunt
954 3428 1038 3487 ossa
1062 3409 1256 3485 combusta
1280 3428 1405 3503 earne,
1431 3408 1519 3503 quia
1544 3428 1608 3485 ec·

435 3526 545 3603 etesia
562 3526 740 3605 incinerat
757 3530 949 3607 haereticos
966 3529 1114 3623 quando
1135 3528 1273 3604 inuenit
1289 3548 1354 3603 eos
1370 3534 1608 3605 oontumaeer

435 3666 483 3723 ne
508 3647 697 3725 effundant
723 3670 907 3727 venenum
933 3650 971 3727 in
1000 3650 1090 3726 alios
1121 3648 1516 3725 credulos-Porcia.
1542 3652 1609 3727 Hie

435 3775 544 3863 poeta
571 3770 685 3867 tangit
709 3769 819 3847 aliam
844 3770 1139 3867 persecutionem
1157 3769 1290 3843 facum
1316 3770 1365 3847 ab
1388 3770 1513 3865 aquila
1538 3772 1609 3847 im-

437 3889 573 3985 periali,
591 3890 654 3967 sed
679 3890 865 3969 contrario
890 3890 1012 3981 modo,
1030 3890 1118 3984 quia
1139 3889 1257 3983 prima
1284 3889 1364 3965 viee
1388 3891 1609 3985 spoliaverat

436 4010 640 4104 ecclesiam,
666 4031 765 4087 nune
790 4032 881 4089 vero
913 4010 1057 4089 vestivit
1088 4030 1172 4087 eam
1206 4010 1345 4085 nudam
1376 4012 1423 4087 de
1447 4012 1596 4107 proprio

437 4131 507 4207 Per
528 4132 597 4207 hoe
615 4131 730 4228 tangit
746 4131 969 4211 dotationem
986 4152 1098 4226 quam
1118 4131 1202 4207 iecit
1218 4131 1476 4207 Constantinus
1493 4154 1607 4227 quam

436 4257 545 4345 poeta
569 4250 670 4347 pann
695 4272 762 4348 pro
790 4274 925 4349 magna
950 4252 1206 4349 perseeutione
1230 4251 1405 4347 ecclesie,
1431 4274 1516 4347 quae
1540 4274 1608 4350 ge·

437 4372 609 4449 neraliter
634 4373 757 4451 iniecit
782 4374 950 4468 praelatus
966 4373 1119 4450 avaritia
1140 4394 1225 4467 quae
1246 4379 1301 4449 est
1326 4374 1607 4451 fundamentum

436 4491 602 4568 omnium
638 4494 834 4568 malorum.
873 4493 964 4570 Dicit
998 4514 1109 4591 ergo:
1149 4497 1276 4571 Poseiu
1306 4497 1379 4569 uidi
1410 4497 1434 4569 l’
1449 4497 1607 4587 ueruto,

435 4630 548 4706 quarn
574 4612 830 4689 Constantinus
855 4614 1114 4708 transportavit
1143 4614 1181 4690 in
1206 4613 1399 4709 Greciam,
1425 4620 1467 4688 ut
1499 4614 1608 4691 oede-

437 4736 492 4807 ret
507 4720 545 4823 (³)
573 4731 707 4827 pastori
732 4732 942 4827 apostolico,
966 4735 1111 4809 soeuder
1132 4755 1200 4825 per
1223 4737 1310 4827 iudi,
1334 4734 1438 4829 idest,
1455 4754 1522 4829 per
1544 4755 1607 4811 ar·

436 4852 578 4947 horem,
595 4854 676 4927 mrd’
689 4874 753 4927 eru
765 4854 851 4945 peto
876 4860 1001 4927 wuutu
1016 4847 1076 4945 pru
1092 4856 1172 4929 neit
1181 4876 1284 4948 meu,
1304 4854 1408 4950 idest,
1426 4864 1607 4950 ventrem,
1748 4946 1753 4951 ,

498 5038 525 5103 (¹)
541 5038 572 5089 B.
588 5039 734 5090 naturalem
750 5052 805 5091 esee
821 5042 953 5093 vlrtntem.
1078 5038 1106 5105 (¹)
1123 5042 1154 5094 E.
1171 5042 1232 5106 quia
1247 5042 1373 5107 sugerunt
1388 5057 1403 5093 u
1419 5040 1494 5093 imis.

499 5116 527 5181 (¹)
543 5120 596 5177 nr,
612 5116 742 5169 mucor
