4575 6842
828 1003 968 1062 caurus
992 1000 1163 1063 omarus.
1511 996 1582 1066 tat

400 1153 575 1243 curram,
601 1148 702 1245 luent
729 1150 885 1244 reluces,
910 1152 1018 1225 credo
1033 1154 1073 1225 al
1088 1153 1193 1224 modu
1212 1152 1251 1225 di
1266 1155 1322 1227 lnr
1347 1156 1430 1227 vste
1454 1160 1582 1245 emme,

410 1270 514 1365 idest,
538 1269 742 1363 interiores,
768 1270 872 1364 quasi
898 1269 1102 1345 secundnm
1128 1271 1227 1365 quod
1253 1272 1370 1369 magis
1399 1280 1436 1348 et
1461 1274 1583 1349 minus

366 1446 370 1451 -
411 1392 534 1468 vident
558 1399 596 1467 et
620 1389 917 1485 contemplantur
940 1388 1085 1484 lleum3
1111 1398 1149 1465 et
1174 1410 1240 1486 per
1265 1392 1334 1467 hoc
1365 1392 1483 1467 innuit
1514 1394 1583 1469 dil-

412 1512 603 1588 ierentiam
629 1510 815 1606 graduum
832 1508 960 1605 gloriar
977 1508 1153 1605 ipsarum,
1170 1532 1193 1585 a
1215 1510 1322 1585 simili
1347 1532 1444 1585 consa
1456 1516 1583 1607 samita

410 1635 443 1705 si
475 1634 560 1705 cede
587 1634 627 1705 t'n
654 1634 814 1725 flumme,
849 1636 889 1706 et
918 1636 974 1705 est
1007 1631 1155 1726 propria
1184 1631 1433 1726 comparatio:
1464 1633 1581 1709 invilla

412 1750 510 1826 enim
536 1749 637 1846 levis,
664 1750 794 1845 lucida,
820 1750 954 1825 ardeus
972 1757 1144 1827 meretur
1161 1750 1293 1845 raptim
1311 1771 1378 1847 per
1395 1750 1581 1827 tlammam

410 1871 622 1967 ardentem3
643 1871 693 1947 ita
713 1878 751 1947 et
774 1871 909 1946 animm
928 1891 1176 1946 venerenmm
1195 1878 1393 1947 moventur
1411 1872 1584 1948 velociter

411 2012 487 2086 quo
513 1993 660 2067 llamma
686 1992 825 2066 amoris
849 1992 961 2066 trahit
986 2012 1069 2086 ens3
1094 2014 1114 2065 c
1138 2014 1235 2066 come
1260 2014 1343 2066 voce
1367 1996 1399 2066 st
1427 1996 1585 2069 discant

409 2116 449 2187 tn
477 2134 571 2204 noce,
605 2112 700 2187 sicut
730 2118 829 2206 patet
860 2112 898 2185 in
927 2113 1042 2187 choro
1070 2112 1294 2207 canentium,
1325 2117 1467 2206 quando
1496 2135 1583 2205 unu,

411 2230 548 2307 scilicet
573 2251 658 2324 vox,
683 2227 842 2326 ‹iserma
865 2254 885 2304 e
909 2232 931 2305 t’
942 2234 1037 2307 altra
1063 2253 1109 2305 va
1132 2253 1152 2304 c
1176 2234 1284 2325 ricdc,
1305 2232 1408 2328 idest,
1428 2234 1584 2309 reverti-

411 2360 493 2427 tur:
520 2359 558 2427 et
581 2360 637 2427 est
661 2352 800 2447 optima
825 2351 1063 2447 comparatio,
1082 2352 1169 2446 quia
1190 2352 1338 2429 venerei
1365 2354 1584 2429 naturaiiter

411 2480 498 2547 sunt
530 2478 710 2565 cantores,
742 2477 780 2547 et
808 2470 963 2547 dirersae
995 2492 1105 2547 voces
1137 2473 1364 2548 cantantium
1395 2473 1584 2549 cuncordi-

411 2599 470 2667 ter
494 2591 632 2669 faciunt
656 2591 802 2666 dulcem
829 2612 974 2687 sunum,
995 2597 1032 2667 et
1058 2592 1106 2666 ita
1134 2592 1323 2667 tric-Di
1347 2595 1488 2688 [radda.
1519 2594 1585 2668 llic

414 2717 524 2787 autur
548 2710 720 2786 describit
746 2711 978 2807 repentinum
1004 2731 1193 2788 accessum
1211 2705 1247 2803 (¹)
1271 2711 1418 2786 illarum
1443 2713 1586 2788 anima·

412 2854 498 2908 rum
525 2852 655 2907 versus
679 2852 744 2907 ens
768 2851 834 2927 per
859 2854 971 2907 unam
995 2833 1307 2928 comparationem
1330 2834 1509 2928 pulcram,
1529 2833 1585 2909 di-

412 2974 520 3029 cens:
546 2956 642 3029 Venti
664 2974 687 3026 o
712 2953 836 3027 vmtttt
850 2974 873 3026 ο
888 2974 949 3044 no,
967 2973 1053 3027 nam
1072 2974 1228 3048 vapores
1247 2953 1351 3028 calidi
1372 2960 1458 3029 suut
1475 2954 1586 3029 lumi·

413 3072 505 3169 nesi,
531 3073 613 3148 ideo
638 3072 832 3148 videntur:
859 3072 977 3169 frigidi
1002 3092 1094 3147 vero
1131 3072 1326 3147 invisibiles
1356 3072 1449 3149 sicut
1474 3074 1584 3170 venti,

412 3214 483 3266 aon
509 3196 660 3267 dncescr
690 3194 728 3265 ds·
755 3194 888 3285 [rodda
915 3192 1017 3283 mate,
1049 3191 1185 3287 repulsi
1219 3214 1242 3267 a
1274 3191 1402 3290 frigida
1435 3193 1586 3291 regione

412 3312 520 3408 aeris,
546 3320 643 3386 tanto
664 3314 793 3407 fecum,
821 3311 924 3406 idest,
951 3317 1025 3387 tam
1053 3312 1209 3407 veloces,
1243 3313 1303 3385 clte
1326 3334 1397 3387 nnn
1418 3334 1587 3407 paresscr

410 3435 564 3525 impediti
586 3452 606 3504 c
630 3434 725 3521 kat,
750 3431 852 3525 idest,
879 3431 973 3528 pigri
999 3438 1037 3507 et
1061 3431 1166 3527 tardi,
1192 3452 1218 3505 a
1241 3434 1297 3505 cti
1319 3454 1438 3507 ncesse
1462 3434 1586 3508 cedato

412 3556 490 3646 mcci
514 3556 599 3626 lumi
622 3555 744 3645 metat,
784 3550 889 3646 idest,
914 3551 994 3626 illos
1023 3552 1172 3647 spiritus
1199 3552 1412 3648 luminosos,
1438 3556 1587 3628 venna

412 3676 493 3767 not}
517 3678 556 3748 et
581 3678 636 3747 ert
660 3672 888 3767 comparatio
908 3672 1055 3767 propria
1080 3672 1127 3747 de
1152 3673 1270 3748 ventis
1290 3674 1336 3749 ad
1357 3674 1500 3749 animas
1524 3695 1587 3749 ra-

414 3792 513 3867 tinne
537 3792 737 3868 velocitatis
760 3799 800 3867 et
819 3792 1032 3868 visibilitatis
1047 3782 1111 3887 (');
1133 3793 1232 3868 unde
1249 3794 1396 3887 quidam
1416 3795 1588 3870 dixerunt

413 3912 575 3987 animam
608 3933 690 3988 esse
720 3920 894 4006 ventum3
920 3917 958 3987 et
989 3912 1085 4005 dicit,
1111 3915 1294 3986 rmatancto
1323 3916 1351 3987 tt
1377 3916 1471 4008 ciro,
1499 3914 1587 4008 quia

414 4031 535 4127 primo
555 4032 801 4108 movebantur
817 4032 1058 4126 circulariter,
1076 4039 1118 4106 ut
1134 4031 1272 4109 dictum
1290 4040 1356 4126 est⁷
1378 4053 1477 4108 nuuc
1498 4054 1588 4110 vero

416 4151 583 4226 iecerunt
613 4158 757 4227 motum
789 4157 945 4246 rectum,
976 4157 1012 4225 et
1043 4170 1109 4247 per
1140 4151 1274 4226 lineam
1306 4158 1444 4227 rectam
1475 4174 1589 4229 vene·

415 4277 503 4345 runt
529 4271 756 4347 velocissime
779 4271 827 4347 ad
853 4290 928 4365 eos,
947 4272 1036 4364 pria
1065 4274 1272 4346 ccminciuto
1301 4274 1339 4344 in
1367 4274 1418 4363 uli
1441 4274 1503 4345 atti
1532 4294 1589 4345 sc·
1694 4273 1700 4284 ’

414 4394 525 4485 ruttrrt
537 4418 553 4486 ;
578 4394 649 4467 linc
672 4392 758 4467 dicit
783 4392 870 4486 quia
896 4400 1094 4467 morentur
1119 4392 1322 4467 secuudum
1352 4399 1494 4467 motum
1521 4416 1589 4469 an-

415 4512 585 4607 gelorum
612 4510 841 4586 merentium
866 4510 965 4585 illam
991 4532 1151 4608 speram,
1171 4519 1214 4586 ut
1238 4512 1359 4587 statim
1382 4512 1525 4588 dicitur.
1545 4514 1590 4589 Et

415 4632 587 4729 exprimit
611 4639 761 4707 cantum
788 4652 901 4727 quem
926 4652 1039 4728 supra
1064 4633 1234 4730 tetigerat
1258 4632 1325 4730 per
1345 4634 1590 4730 comparatiu-

415 4772 501 4827 nem
527 4772 675 4847 vocum,
700 4750 842 4827 dicens:
869 4756 916 4825 Et
948 4756 1104 4826 Osanna.
1135 4753 1207 4829 lsta
1237 4775 1308 4830 rur
1341 4754 1511 4830 hebraica
1542 4756 1590 4830 si-

415 4871 563 4969 gnificat
587 4872 807 4949 immensam
832 4871 1064 4948 allectionem
1098 4872 1231 4949 mentis
1262 4895 1347 4970 quae
1373 4895 1446 4949 non
1470 4881 1591 4971 potest

479 5131 556 5199 (nr.
573 5146 713 5186 m.
964 5131 1245 5199 (naumurum.
