4575 6842
716 906 787 975 258
1074 913 1279 973 conburunt
1303 910 1527 969 runotronu

718 1061 881 1157 perbiam
896 1066 1085 1157 potentum
1105 1059 1352 1154 superborum
1367 1057 1468 1152 quod
1484 1056 1570 1133 tacit
1589 1062 1710 1131 tantas
1725 1063 1885 1153 stragem

716 1184 848 1255 com't‘o
873 1184 946 1256 cidi
961 1184 1064 1256 color
1086 1183 1108 1255 t
1117 1182 1211 1253 ccccl
1224 1181 1265 1253 di
1281 1182 1402 1269 Giom,
1419 1177 1524 1271 idest,
1534 1177 1758 1253 descendere
1780 1178 1887 1272 aqui-

719 1302 803 1395 lam,
830 1322 915 1396 quae
947 1301 1079 1376 dicitur
1103 1300 1182 1377 avis
1207 1299 1317 1393 loris,
1342 1306 1386 1373 ut
1411 1298 1549 1373 dictum
1575 1305 1632 1373 est
1655 1299 1704 1373 lx
1728 1299 1888 1393 capitolo

717 1421 827 1495 buius
843 1421 1063 1517 Purgatorit,
1081 1426 1118 1495 et
1138 1419 1281 1495 dicetur
1305 1418 1352 1493 Vl
1376 1418 1549 1513 paradisi,
1563 1440 1634 1511 per
1654 1419 1803 1510 taron,
1827 1418 1888 1493 cui
1964 1408 1968 1416 ’

718 1547 799 1619 crat
814 1542 983 1639 alligatus
997 1562 1141 1634 currus,
1155 1536 1229 1631 pit,
1240 1542 1435 1632 rumpendo
1447 1542 1540 1615 detto
1555 1560 1697 1633 scorza,
1710 1559 1796 1634 quae
1807 1544 1890 1613 erat

718 1661 857 1756 durior,
882 1682 954 1737 non
978 1664 1038 1735 cle
1061 1664 1222 1753 dc’fion',
1248 1660 1339 1734 idest
1368 1660 1505 1735 nedum
1538 1659 1586 1734 de
1609 1659 1759 1734 tionibus
1785 1657 1889 1733 noris

718 1782 782 1877 qui
807 1789 912 1857 erant
937 1782 1138 1858 teneriores
1154 1774 1205 1875 (¹),
1222 1802 1242 1854 e
1257 1784 1344 1855 delle
1356 1783 1466 1875 scotto
1481 1800 1611 1873 mooe,-
1629 1780 1716 1875 quia
1734 1801 1808 1855 non
1826 1800 1888 1857 so·

718 1902 797 1975 lum
814 1902 1027 1977 christianos
1045 1902 1208 1977 novellos
1228 1921 1347 1995 nuper
1367 1920 1577 1994 conversos,
1594 1900 1659 1975 sed
1679 1900 1790 1975 etum
1808 1901 1887 1996 jam

721 2020 883 2095 firmatos
908 2022 944 2095 iu
970 2022 1041 2095 lide
1066 2020 1263 2115 percussit:
1290 2027 1328 2096 et
1353 2022 1432 2095 baec
1458 2028 1514 2095 est
1538 2021 1698 2095 secuma
1728 2021 1888 2097 duarum

719 2139 1021 2235 despoliationum
1040 2140 1238 2235 dequibus
1256 2139 1399 2216 dicetur
1417 2141 1510 2216 iutra
1527 2141 1686 2237 capitulo
1708 2140 1888 2236 proximo.

720 2259 857 2336 Deinde
880 2262 927 2335 ab
953 2261 1088 2337 arbore
1113 2260 1294 2336 convertit
1318 2260 1416 2336 vires
1446 2282 1533 2335 suas
1562 2266 1692 2336 contra
1716 2281 1889 2353 currum,

721 2381 819 2456 unde
852 2379 956 2456 dicit:
988 2404 1006 2456 c
1036 2385 1129 2476 serlo
1162 2384 1190 2455 lt
1218 2401 1341 2473 curro,
1373 2381 1520 2475 scilicet,
1545 2381 1682 2477 bigam,
1706 2402 1774 2455 con
1806 2388 1891 2455 tutto

719 2522 786 2575 suo
808 2506 931 2596 sorno,
958 2508 998 2575 ut
1024 2500 1290 2577 exterminaret
1314 2500 1506 2577 ecclesiam
1530 2501 1753 2595 primitivam
1785 2499 1891 2575 nori·

722 2628 779 2697 ter
803 2624 1054 2719 pullulantem,
1081 2622 1144 2698 sed
1170 2622 1387 2697 subvertere
1416 2643 1489 2696 non
1519 2622 1647 2716 potuit,
1673 2620 1755 2697 ideo
1786 2620 1890 2696 dicit:

721 2745 857 2834 ond’ei,
874 2744 951 2838 ipse
976 2763 1121 2837 currus,
1135 2734 1240 2835 popo
1263 2762 1361 2816 come
1375 2762 1467 2815 caue
1482 2744 1521 2815 in
1540 2745 1701 2836 sormunt,
1725 2748 1892 2835 tempore

722 2863 962 2959 tempestatis,
994 2867 1089 2937 nato
1118 2866 1203 2937 dott
1219 2864 1322 2952 cade,
1357 2862 1460 2955 idest,
1496 2862 1734 2938 fluctuatione
1768 2861 1891 2955 moris,

722 3004 767 3057 or
791 2987 840 3059 do
866 2987 1000 3077 popolo
1023 3004 1069 3057 or
1097 2986 1145 3057 do
1182 3003 1287 3076 orzo,
1319 2982 1422 3077 idest,
1454 3000 1552 3056 nunc
1580 2982 1629 3057 ab
1657 3002 1734 3056 uno
1766 2983 1893 3075 latere,

723 3124 821 3179 nuno
846 3104 894 3177 ab
918 3104 1008 3197 alio;
1034 3109 1119 3177 sunt
1144 3103 1242 3179 euiru
1273 3101 1348 3178 duo
1378 3102 1479 3179 dues.
1518 3104 1563 3177 Et
1587 3102 1645 3179 bic
1676 3108 1762 3178 nota
1793 3103 1919 3199 quod,

618 3213 624 3226 ’
724 3223 891 3297 navicula
916 3223 1014 3299 Petri
1040 3223 1237 3317 aliquando
1262 3223 1431 3316 llectitur,
1449 3223 1513 3297 sed
1540 3243 1730 3317 nunquam
1757 3223 1895 3321 mergi-

724 3349 802 3416 tur:
825 3344 922 3418 uude
935 3334 973 3437 (²)
992 3344 1091 3419 mille
1107 3342 1341 3419 cmdelitates
1356 3344 1511 3419 Neronis
1530 3344 1595 3439 qui
1613 3344 1768 3420 iaciebat
1784 3366 1896 3419 omne

725 3464 826 3539 triste
851 3464 1048 3539 ludibrium
1074 3465 1121 3540 de
1150 3464 1365 3558 christianis,
1393 3471 1435 3538 ut
1465 3465 1579 3540 relert
1608 3466 1798 3541 Cornelius
1826 3466 1896 3540 la·

724 3582 829 3678 citus,
854 3589 1024 3680 poterant
1050 3604 1241 3678 nunquam
1266 3584 1487 3660 convincere
1503 3584 1594 3677 illos,
1611 3584 1658 3659 de
1682 3605 1758 3679 quo
1782 3585 1896 3660 mira·

725 3702 861 3777 bantur
877 3706 1221 3779 omnes—Poscio.
1240 3704 1305 3779 llic
1322 3711 1430 3798 poeta
1446 3704 1624 3800 descripta
1643 3705 1896 3801 persecutione

726 3824 819 3897 lacta
846 3824 1023 3918 pervim,
1050 3844 1149 3899 nunc
1173 3824 1344 3899 describit
1372 3824 1573 3899 secundam
1602 3826 1894 3920 persecutionem

727 3944 859 4019 luctam
885 3964 952 4039 per
977 3945 1164 4039 lrandem3
1190 3949 1227 4019 el
1243 3944 1408 4019 similiter
1426 3944 1540 4040 tangit
1556 3945 1626 4019 sub
1646 3944 1766 4041 figura
1781 3966 1896 4043 gene·

727 4066 842 4140 ralem
861 4072 898 4141 et
915 4065 1108 4161 pessimam
1126 4065 1418 4161 persecutionem
1438 4064 1709 4140 baereticorum.
1725 4068 1896 4142 cessante

727 4186 824 4261 enim
851 4186 1105 4281 persecutione
1130 4186 1335 4281 principum
1366 4207 1433 4280 per
1457 4186 1746 4281 Constantinum,
1771 4206 1896 4281 coepe·

727 4314 814 4381 runt
844 4307 1027 4401 pullulare
1058 4308 1215 4381 baereses
1242 4306 1369 4380 multoe
1394 4313 1431 4381 ct
1456 4306 1581 4400 varie,
1615 4298 1758 4401 quaed)
1794 4328 1896 4382 com·

728 4427 897 4523 plectitur
922 4427 990 4501 sub
1017 4447 1092 4501 una
1118 4426 1229 4521 vulpe
1253 4426 1496 4501 fraudulenta.
1518 4424 1610 4500 Dicit
1634 4447 1745 4523 orgo:
1771 4429 1897 4501 Poscio

728 4551 799 4622 cidi
822 4568 896 4621 ono
921 4550 1032 4639 colpe,
1059 4546 1160 4640 idest,
1187 4553 1374 4621 versutam
1400 4544 1572 4620 astutiam
1599 4547 1802 4620 multorum
1822 4547 1897 4621 bae-

731 4668 941 4761 reticorum,
960 4667 1053 4741 sicut
1078 4666 1221 4761 Sabelli,
1242 4666 1316 4739 Arii
1343 4670 1381 4741 et
1396 4666 1568 4759 aliorum,
1586 4669 1787 4739 oooentord
1804 4668 1897 4739 neda

728 4808 833 4877 cuno,
862 4786 965 4880 idest,
996 4793 1163 4861 ventrem
1196 4786 1253 4862 rel
1282 4786 1480 4883 gremium,
1507 4785 1593 4879 quia
1628 4785 1790 4861 baeretici
1822 4804 1895 4859 non

790 5044 819 5107 (¹)
836 5045 865 5095 lt.
881 5046 1020 5097 tenuiores.
1082 5046 1109 5111 (¹)
1127 5047 1157 5097 E.
1173 5047 1243 5098 uude
1259 5046 1339 5097 nullo
1355 5043 1530 5095 crudelitates.
1601 5040 1629 5107 (⁸)
1646 5046 1701 5103 ttr.
1716 5056 1782 5107 qua
1797 5054 1895 5093 cnm.
