4575 6842
768 981 907 1036 cunnus
931 959 1123 1036 vronsnrus
1150 983 1292 1037 numus.
1590 967 1612 1034 3

441 1127 497 1196 tos
534 1123 638 1217 quasi
673 1122 719 1200 de
753 1123 884 1219 loseph
919 1123 1009 1218 nati,
1043 1144 1131 1198 oum
1166 1130 1290 1199 lamen
1323 1125 1492 1200 venerint
1525 1124 1613 1198 olim

440 1242 487 1317 de
512 1243 645 1319 Persia.
672 1243 826 1332 Quando
851 1263 941 1318 vero
966 1243 1136 1320 videbant
1158 1265 1222 1320 eos
1246 1245 1385 1320 deletos
1410 1266 1484 1320 non
1509 1265 1615 1320 oom-

441 1363 678 1439 municabant
702 1384 840 1440 secum.
868 1365 939 1440 lsta
959 1386 1051 1463 ergo
1076 1365 1163 1462 sitis,
1181 1369 1231 1440 uti
1246 1368 1485 1458 travagnano,
1511 1365 1614 1459 idest,

442 1486 614 1563 turbabat
639 1491 676 1560 et
702 1484 874 1581 fatigabat
895 1485 982 1559 milri
1010 1493 1185 1582 mentem,
1203 1491 1428 1581 cpuopeumi
1443 1490 1479 1560 la
1493 1491 1614 1580 fretto,

442 1605 546 1698 idest,
564 1603 769 1680 festinantia
794 1605 1005 1680 stimulabat
1030 1627 1091 1682 me
1117 1614 1158 1681 ut
1183 1607 1276 1682 irem
1297 1607 1381 1702 cito,
1394 1629 1463 1702 per
1487 1611 1525 1679 lo
1547 1610 1616 1679 im·

440 1727 602 1818 porciato
640 1727 712 1816 oia,
746 1731 962 1820 occupatam
998 1726 1045 1800 ab
1078 1725 1148 1801 illis
1185 1727 1370 1822 spiritibus
1396 1725 1615 1822 jacentibus,

443 1848 554 1920 dietro
580 1848 618 1918 al
634 1847 710 1918 -mio
736 1849 839 1940 duca,
867 1846 954 1940 quia
980 1846 1055 1921 ibat
1080 1848 1239 1920 multum
1274 1848 1453 1943 expedite,
1479 1869 1499 1921 c
1529 1868 1616 1920 coo·

443 1968 595 2040 donam
621 1988 646 2038 α
678 1969 714 2040 to
742 1970 857 2058 giusta
888 1970 1058 2059 oeudetto,
1089 1967 1191 2063 idest,
1216 1967 1465 2064 compatiebar
1497 1987 1616 2064 poenae

443 2106 658 2181 avarorum,
674 2085 758 2161 licet
774 2085 936 2160 meritae:
962 2093 999 2161 et
1024 2107 1113 2162 vere
1137 2109 1248 2183 poena
1268 2088 1423 2162 istorum
1440 2093 1496 2163 est
1512 2107 1617 2161 ama·

444 2206 599 2301 rissima,
633 2205 719 2300 quia
752 2211 837 2279 sunt
867 2205 997 2301 privati
1032 2207 1174 2303 magnis
1206 2206 1322 2302 bonis,
1356 2207 1492 2283 scilicet
1521 2209 1616 2301 luce,

444 2326 530 2422 quia
556 2346 630 2400 non
655 2325 778 2400 vident
795 2323 861 2398 nisi
880 2331 1031 2420 terram,
1055 2332 1092 2401 et
1117 2326 1284 2401 libertate
1308 2327 1475 2401 omnium
1498 2348 1618 2402 mem-

444 2447 611 2522 brorum.
650 2446 694 2519 Et
732 2445 782 2520 sic
820 2445 890 2521 tria
920 2452 1026 2520 erant
1058 2447 1229 2521 vexantia
1259 2452 1443 2541 autorem,
1469 2447 1617 2543 scilicet,

443 2559 596 2643 aviditas
621 2566 767 2662 sciendi,
795 2566 968 2642 velocitas
996 2567 1108 2642 eundi
1141 2573 1179 2642 et
1209 2566 1458 2642 misericordia
1488 2568 1618 2644 alienae

445 2708 636 2784 poenae.-
648 2692 694 2760 Et
708 2708 796 2760 ecco.
814 2687 879 2761 llic
904 2695 1011 2781 poeta
1035 2686 1207 2761 describit
1223 2686 1487 2782 apparitionem
1508 2688 1618 2763 unius

446 2809 594 2884 illustris
611 2813 729 2904 poetae
749 2827 817 2904 per
840 2828 952 2881 unam
974 2807 1132 2881 nobilem
1159 2807 1483 2903 comparationem.
1502 2809 1545 2882 lit
1570 2809 1617 2883 ad

369 3023 375 3032 ⁸
447 2929 721 3027 intelligentiam
751 2927 861 3002 huius
890 2927 1093 3025 peregrinae
1127 2937 1165 3005 et
1197 2927 1400 3003 artificiosa
1425 2948 1620 3023 compara-

448 3053 554 3127 tionis
580 3057 635 3126 est
658 3049 779 3146 primo
808 3049 1009 3143 sciendum,
1036 3047 1134 3143 quod
1160 3048 1266 3122 multi
1293 3049 1476 3123 mirantur
1501 3068 1620 3144 quare
1696 3037 1699 3042 ’

447 3178 554 3270 poeta
575 3177 699 3246 noster
719 3167 1037 3244 christianissimus
1062 3167 1147 3242 lacit
1172 3167 1328 3242 Statium
1354 3189 1429 3242 non
1454 3168 1620 3243 christia-

448 3315 539 3367 num
572 3291 631 3366 hic
660 3296 770 3384 stare,
801 3289 1002 3364 nescientes
1034 3288 1161 3364 videre
1192 3309 1343 3364 causam
1358 3304 1379 3362 ε’
1394 3289 1476 3365 ideo
1501 3291 1621 3385 primo

447 3413 529 3487 dico
559 3410 657 3506 quod
682 3416 790 3506 poeta
815 3407 933 3504 potuit
965 3407 1221 3484 coniecturare
1249 3428 1296 3483 ex
1326 3409 1451 3482 multis
1484 3410 1622 3486 indiciis

448 3531 605 3607 Statium
641 3529 752 3604 luisse
787 3527 1037 3603 christianum.
1069 3527 1163 3602 Nam
1194 3527 1225 3602 si
1256 3529 1426 3625 Virgilius
1458 3529 1520 3624 qui
1555 3531 1623 3604 suit

449 3660 536 3728 ante
560 3651 744 3727 Christum
764 3648 873 3725 sensit
889 3647 1026 3742 aliquid
1042 3648 1088 3723 de
1110 3648 1172 3723 illo
1196 3670 1262 3744 per
1283 3650 1447 3725 carmina
1472 3651 1622 3746 sybilla,

449 3780 492 3847 ut
518 3777 673 3848 testatur
697 3768 933 3866 Augustinus,
960 3774 1099 3862 quanto
1131 3767 1249 3865 magis
1274 3768 1420 3864 Statius,
1446 3770 1508 3863 qui
1536 3770 1623 3845 vidit

451 3899 618 3988 tempore
648 3910 717 3963 suo
747 3885 896 3963 crudele
920 3886 1180 3962 exterminium
1215 3893 1252 3962 et
1283 3888 1488 3963 inauditum
1514 3897 1623 3966 antea

451 4012 549 4107 quod
580 4009 664 4085 lecit
691 4007 792 4082 'litus
823 4008 869 4083 de
893 4006 1036 4102 judaeis,
1066 4013 1102 4082 et
1135 4013 1188 4081 tot
1219 4007 1399 4083 miracula
1431 4009 1525 4084 lacta
1558 4031 1624 4106 per

451 4137 632 4228 martyres
662 4149 755 4224 quos
780 4127 1008 4202 Domitianus
1032 4127 1147 4201 irater
1170 4125 1239 4200 'liti
1263 4127 1514 4204 crudelissime
1539 4150 1625 4225 per·
1741 4112 1743 4115 ’

451 4259 601 4328 secutm
638 4257 704 4345 cst,
742 4269 830 4324 cum
869 4247 1107 4321 christianum
1152 4268 1287 4322 nomen
1324 4268 1470 4344 semper
1507 4250 1625 4347 magis

453 4377 647 4449 cresceret.
681 4370 764 4446 Fuit
796 4369 905 4444 etiam
939 4367 1074 4442 Statius
1108 4388 1222 4442 ausus
1252 4367 1375 4443 dicere
1407 4367 1445 4442 in
1474 4369 1624 4445 maiori:

453 4499 594 4569 Primus
622 4494 660 4566 iu
694 4491 778 4564 orbe
803 4495 897 4563 Deos
926 4491 1009 4583 serit
1039 4492 1155 4563 timor.
1180 4488 1264 4564 Fuit
1279 4482 1315 4582 (¹)
1347 4496 1384 4564 et
1416 4489 1627 4565 honestissi-

453 4637 538 4692 mus
563 4621 601 4691 et
626 4610 892 4688 moralissimus
921 4609 958 4682 in
990 4609 1162 4684 omnibus
1193 4609 1270 4684 suis
1302 4610 1424 4706 dictis;
1454 4612 1518 4686 sed
1549 4612 1627 4688 sive

453 4738 565 4813 luerit
589 4733 820 4826 christianus,
841 4731 919 4806 sire
944 4750 1029 4824 non,
1048 4750 1121 4804 non
1146 4731 1241 4806 lacio
1265 4731 1340 4807 rim
1367 4732 1404 4806 in
1428 4732 1510 4827 hoc,
1532 4753 1627 4827 quo·

455 4859 553 4934 niam
581 4855 761 4931 subtiliter
776 4858 815 4929 et
832 4850 1038 4948 necessario
1055 4858 1164 4946 poeta
1181 4852 1252 4927 hoc
1272 4852 1385 4950 fingit,
1403 4853 1490 4948 quia
1509 4855 1625 4928 multa

517 5113 547 5179 (¹)
563 5113 594 5164 R.
609 5113 671 5164 linit
685 5113 773 5164 etlam.
