4575 6842
839 1049 978 1107 CANTUS
1002 1050 1186 1105 SEPTIMUS·
1533 1039 1604 1105 467

430 1220 521 1275 num
548 1198 660 1294 ipsius
685 1196 871 1294 passionis,
897 1196 960 1271 sed
991 1200 1033 1270 ut
1066 1195 1207 1269 malurn
1240 1194 1381 1271 Christo
1408 1196 1605 1291 inlerrent;

429 1325 466 1394 et
492 1318 541 1393 ita
567 1318 695 1392 eadem
722 1317 853 1413 passio,
879 1334 964 1411 quae
988 1313 1057 1390 luit
1081 1314 1200 1388 bonus
1225 1314 1306 1389 linis
1331 1316 1515 1411 prophetis
1541 1318 1605 1412 qui

429 1437 685 1514 desiderabant
709 1436 929 1533 passionem,
947 1435 1015 1511 luit
1035 1436 1156 1509 malus
1173 1433 1254 1509 linis
1265 1435 1398 1531 judaeis
1420 1438 1483 1531 qui
1508 1438 1606 1514 desi·

430 1558 609 1634 derabant
634 1557 765 1633 Christi
790 1556 1041 1632 offensionem.
1069 1554 1241 1631 Similiter
1271 1554 1300 1627 si
1333 1576 1431 1629 unus
1461 1558 1606 1633 iuretur

431 1684 473 1753 ut
497 1676 692 1753 subveniat
717 1675 838 1771 matri,
859 1676 940 1751 linis
964 1676 1052 1749 lurti
1078 1676 1199 1749 malus
1224 1680 1297 1769 est;
1324 1674 1412 1769 quia
1437 1678 1606 1770 quamvis

430 1798 477 1872 sit
501 1797 640 1871 honum
667 1797 865 1872 subvenire
883 1794 1003 1889 matri,
1021 1802 1147 1869 tamen
1168 1794 1308 1869 malum
1327 1801 1381 1870 est
1400 1796 1496 1871 male
1517 1796 1606 1872 suh-

430 1917 569 1994 venire.
588 1916 760 1991 Similiter
777 1916 807 1990 si
824 1915 954 2011 aliquis
971 1915 1093 2012 dirigit
1110 1916 1279 2012 sagittam
1297 1906 1334 2008 (⁴)
1355 1915 1393 1989 in
1417 1916 1547 2011 leram,
1566 1925 1608 1990 ut

431 2044 556 2135 pascat
580 2056 781 2133 pauperem
808 2042 1063 2134 egrotantem,
1081 2042 1118 2111 et
1138 2035 1309 2111 interficit
1336 2035 1525 2111 hominem
1550 2037 1607 2112 la-

431 2164 571 2235 tentem
592 2158 629 2231 in
646 2157 760 2254 sylva,
776 2161 882 2231 actus
898 2162 952 2232 est
971 2155 1181 2231 meritorius
1199 2156 1257 2230 vel
1275 2155 1495 2232 indifferens.
1514 2158 1607 2233 Dicit

431 2298 523 2375 ergo
548 2278 586 2351 in
611 2276 737 2352 litera:
768 2269 854 2371 perd
882 2279 918 2350 d'
930 2298 977 2351 un
1011 2284 1083 2351 utto
1112 2279 1207 2349 usctr
1240 2298 1318 2350 cose
1347 2279 1496 2373 dionae,
1531 2277 1607 2353 imo

430 2398 637 2491 contrariae,
663 2399 752 2470 clt'a
776 2399 846 2470 Dio
870 2403 904 2471 et
926 2399 964 2470 ci
986 2398 1103 2489 piudei
1123 2400 1271 2489 piatque
1292 2418 1364 2471 una
1389 2404 1512 2492 morte,
1533 2399 1604 2473 sci-

432 2520 515 2595 licet
531 2517 674 2612 Christi,
695 2518 772 2593 Deo
789 2516 938 2612 quidem
954 2518 1067 2612 juste,
1078 2516 1212 2613 judaeis
1233 2538 1322 2593 vero
1346 2518 1503 2594 iniuste:
1525 2517 1607 2594 ideo

431 2639 536 2714 dicit:
568 2660 636 2732 per
670 2639 725 2728 tei,
750 2636 885 2712 scilicet
916 2642 1076 2713 mortem
1108 2636 1251 2731 Christi,
1286 2630 1396 2712 hond
1429 2640 1467 2712 lc
1495 2646 1607 2731 terra,

433 2760 519 2856 quia
545 2763 780 2835 terremotus
805 2757 923 2831 lactus
948 2764 1015 2852 est,
1040 2764 1077 2832 et
1102 2757 1226 2853 etiam,
1252 2780 1271 2831 c
1293 2762 1321 2833 il
1344 2761 1410 2833 othl
1430 2760 1604 2854 superse,

434 2882 533 2978 quod
559 2884 641 2955 erat
664 2879 833 2953 clausum
855 2878 1020 2973 patribus
1036 2878 1205 2973 antiquis.
1224 2880 1269 2953 Et
1284 2880 1469 2956 declarata
1489 2880 1609 2975 prima

434 3008 540 3098 parte
563 3000 677 3094 dubii,
701 2998 838 3075 scilicet
863 3000 1048 3094 quomodo
1079 3002 1187 3097 culpa
1217 3000 1326 3096 primi
1354 3002 1515 3098 parentis
1541 3002 1609 3077 luit

430 3124 531 3219 juste
551 3120 730 3197 vindicata
747 3140 814 3216 per
832 3126 990 3196 mortem
1011 3121 1156 3217 Christi,
1173 3122 1333 3197 declarat
1350 3122 1504 3197 alteram
1522 3143 1609 3218 par-

435 3249 523 3336 tem,
548 3240 696 3336 scilicet,
721 3238 907 3335 quomodo
933 3240 1010 3336 ipsa
1036 3262 1136 3315 mors
1162 3240 1293 3316 Christi
1325 3240 1436 3317 luerit
1450 3234 1487 3335 (¹)
1508 3242 1610 3337 juste

435 3363 615 3439 vindicata
642 3382 707 3456 per
731 3361 873 3456 Titum,
899 3360 999 3436 unde
1023 3361 1128 3436 dicit:
1155 3383 1227 3436 noo
1245 3366 1270 3436 a·
1289 3365 1350 3436 dee
1375 3364 1517 3435 mantal
1536 3384 1609 3455 pc-

434 3505 497 3558 rer
514 3479 576 3577 pil
589 3486 696 3577 sorte,
713 3481 817 3577 idest,
834 3479 980 3556 difficile
996 3480 1043 3555 ad
1061 3480 1299 3577 credendum,
1317 3485 1460 3575 puarmo
1475 3484 1508 3555 si
1523 3483 1611 3572 duc,

436 3606 473 3680 in
498 3602 657 3699 capitulo
682 3599 913 3697 precedenti,
939 3602 999 3673 cle
1027 3602 1142 3693 picata
1174 3604 1343 3694 vendetis,
1373 3602 1476 3698 idest,
1510 3622 1611 3676 mors

436 3722 578 3819 Christi,
609 3724 799 3817 suposo‘a
832 3723 1008 3814 acupicto,
1043 3720 1153 3816 idest,
1185 3722 1383 3818 vindicata,
1412 3725 1460 3795 du
1497 3725 1612 3814 picata

436 3850 544 3937 corte,
568 3842 716 3936 scilicet,
740 3861 905 3916 romana.

512 3967 575 4039 lla
598 3966 634 4036 io
659 3966 793 4055 ocypt'o.
819 3963 890 4036 Ista
907 3967 963 4036 est
982 3961 1144 4037 munda
1169 3983 1254 4057 pars
1271 3964 1466 4059 generalis,
1484 3964 1521 4037 in
1538 3983 1612 4057 qua

438 4083 573 4158 Dantes
598 4081 743 4156 discutit
767 4080 867 4155 aliud
891 4080 1045 4155 dubium
1081 4079 1180 4174 quod
1209 4080 1372 4155 nascitur
1407 4102 1454 4156 ex
1480 4082 1611 4177 primo.

438 4204 483 4278 llt
506 4203 628 4297 primo
652 4202 821 4299 proponit
845 4201 964 4296 ipsum
998 4200 1154 4276 dubium
1180 4200 1217 4274 in
1242 4201 1443 4296 communi,
1468 4202 1611 4277 dicens:

438 4342 499 4395 mu
522 4326 558 4395 io
583 4324 707 4413 ceppio
732 4342 776 4394 or
802 4324 839 4395 la
863 4328 924 4395 trra
940 4327 1050 4395 meritc
1065 4324 1233 4412 mtredn,
1252 4320 1355 4416 idest,
1375 4321 1510 4397 iterum
1529 4322 1615 4397 stri·

438 4447 547 4536 cmm,
574 4461 661 4515 cum
687 4446 782 4515 esset
807 4442 938 4537 soluta,
964 4441 1150 4517 declarato
1176 4440 1294 4537 primo
1319 4441 1443 4537 dubio,
1466 4446 1504 4517 di
1525 4464 1614 4536 peu·

437 4565 509 4636 sier
532 4566 570 4636 iu
591 4564 731 4655 peuster
755 4562 880 4636 dendo
905 4566 956 4637 ad
970 4583 1019 4635 un
1034 4565 1142 4655 nodo,
1162 4562 1266 4657 idest,
1283 4560 1428 4637 difficile
1444 4563 1615 4658 dubium,

437 4683 496 4756 dcl
518 4684 614 4774 puul,
640 4680 776 4756 scilicet
801 4701 898 4757 novo
923 4680 1047 4777 dubio,
1066 4685 1237 4776 sospem
1256 4685 1404 4778 soluere,
1428 4704 1493 4779 per
1515 4684 1616 4758 solu-

439 4802 576 4878 tionem
603 4821 738 4897 meam,
754 4822 822 4875 con
846 4822 943 4894 ρναη
959 4804 1062 4897 disto,
1080 4802 1167 4897 quia
1186 4822 1365 4900 magnum
1383 4808 1439 4879 est
1458 4803 1613 4879 dubium

441 4921 536 4996 istud
561 4920 777 4997 secundum.
803 4922 849 4995 Et
873 4921 1028 5018 explicat
1053 4922 1174 5018 ipsum
1205 4923 1242 4998 in
1274 4922 1430 5020 speciali.
1465 4924 1616 5000 Dicebat

505 5186 533 5249 (¹)
548 5185 579 5237 ll.
595 5186 714 5250 multtum
731 5186 863 5249 inlectam,
878 5193 916 5239 ut
1094 5187 1161 5251 (Ἣ,
1178 5186 1228 5238 ihil
1239 5188 1319 5254 juste.
