4575 6842
843 989 982 1046 caurus
1006 991 1152 1046 rnruus.
1515 979 1587 1050 309

411 1153 478 1230 per
503 1153 569 1208 ora
595 1133 793 1230 virginum,
819 1139 861 1207 ut
880 1132 1119 1229 jamdictum
1146 1141 1202 1209 est
1219 1155 1344 1231 supra,
1362 1156 1430 1210 con
1447 1138 1588 1227 mintior

409 1257 499 1346 voci,
527 1253 629 1348 idest,
656 1254 858 1328 facundiori
884 1274 1067 1348 sermone,
1090 1255 1196 1349 quasi
1220 1255 1335 1330 dicat:
1354 1257 1449 1332 lorte
1466 1256 1589 1332 veniet

409 1374 506 1448 alius
530 1381 638 1470 poeta
665 1373 895 1468 eloquentior
920 1394 993 1468 me,
1020 1375 1084 1469 qui
1101 1375 1237 1471 'magis
1267 1375 1429 1452 movebit
1452 1375 1590 1471 Apolli-

411 1515 495 1570 nem
511 1489 570 1588 (¹),
589 1501 626 1569 et
643 1493 738 1588 dicit,
753 1497 865 1587 forse,
883 1494 1095 1570 dubitative.
1113 1496 1159 1570 Et
1176 1495 1234 1570 lric
1256 1503 1343 1570 nota
1361 1496 1460 1591 quod
1478 1491 1587 1590 poeta

413 1637 478 1711 pro
504 1620 610 1711 parte
634 1614 779 1690 videtur
805 1614 927 1691 dicere
954 1635 1105 1710 verum,
1125 1637 1211 1690 nam
1238 1621 1407 1711 tempore
1426 1637 1502 1710 quo
1519 1617 1587 1692 llo-

414 1737 518 1810 rebat
543 1737 675 1810 Dentes
701 1735 919 1809 novissimus
937 1741 1044 1830 poeta
1063 1736 1260 1811 petrarcha
1286 1735 1501 1831 pullulabat,
1520 1734 1586 1829 qui

414 1877 503 1932 vere
517 1856 583 1930 luit
596 1856 775 1952 copiosior
789 1857 990 1932 indicendo
1008 1877 1120 1952 quam
1136 1857 1222 1952 ipse.
1237 1855 1307 1930 Sed
1328 1860 1430 1931 certe
1446 1861 1586 1950 quanto

414 1976 611 2051 Petrarcha
643 1975 711 2050 luit
744 1976 861 2051 maior
895 1983 1020 2050 orator
1053 1976 1187 2070 Dante,
1218 1982 1319 2050 lanto
1350 1977 1485 2051 Dentes
1518 1974 1586 2050 luit

413 2096 532 2172 maior
556 2102 663 2192 poeta
690 2097 766 2192 ipso
792 2097 1000 2191 Petrarcha,
1017 2102 1064 2169 ut
1082 2095 1187 2170 lacile
1210 2101 1309 2191 patet
1325 2115 1373 2172 ex
1389 2096 1458 2170 isto
1478 2115 1586 2172 sacro

306 2203 309 2209 Δ
412 2222 593 2312 poemate.

484 2341 597 2428 Sorae
621 2339 659 2410 ui
683 2339 835 2410 mortali.
854 2337 924 2411 lsla
947 2343 1003 2410 est
1027 2335 1133 2411 tertia
1155 2356 1240 2430 pars
1255 2337 1438 2432 generalis
1457 2335 1494 2410 in
1511 2356 1585 2430 qua

411 2463 518 2552 poeta
539 2459 674 2532 Dantes
690 2457 846 2532 ostendit
863 2457 1022 2551 qualiter
1038 2477 1151 2551 opera
1168 2456 1342 2532 Beatricis
1361 2456 1438 2552 ipse
1456 2476 1586 2531 ascen·

411 2577 506 2652 derit
532 2578 688 2672 coelum3
706 2586 744 2653 et
764 2578 883 2673 primo
909 2577 1094 2672 praemittit
1119 2577 1294 2673 optimam
1313 2576 1585 2673 dispositionem

413 2699 600 2794 temporis,
626 2719 700 2793 qua
726 2697 874 2772 intravit
897 2698 1046 2792 coelum,
1073 2697 1151 2772 sive
1175 2697 1339 2793 implevit
1365 2697 1460 2772 istud
1490 2700 1585 2793 opti·

413 2840 517 2894 mum
543 2840 647 2915 opus.
674 2820 717 2893 tlt
743 2819 822 2894 rult
846 2818 1106 2893 sententialiter
1131 2817 1255 2893 dicere
1280 2817 1379 2913 quod
1408 2819 1463 2893 sol
1488 2818 1586 2894 orie-

412 2941 523 3015 batur
547 2940 614 3016 sibi
641 2940 677 3014 in
701 2939 834 3015 ariete:
861 2946 898 3014 et
923 2940 1037 3036 tangit
1067 2939 1186 3035 primo
1210 2938 1431 3035 generaliter
1456 2939 1585 3014 multi·

413 3060 542 3157 plicem
568 3067 693 3135 ortum
719 3059 815 3153 solis,
841 3057 984 3134 dicens:
1004 3065 1055 3132 Lu
1081 3062 1225 3132 lucerna
1241 3062 1299 3134 det
1313 3061 1456 3153 mondo,
1479 3058 1582 3154 idest,

412 3181 466 3257 sol
491 3181 542 3256 sic
567 3180 684 3255 dictus
709 3181 808 3255 solus
830 3179 1084 3275 superomnia
1101 3181 1245 3274 lucens;
1263 3180 1433 3256 estenim
1452 3181 1584 3254 oculus

414 3301 552 3396 mundi,
576 3322 684 3392 serpe
707 3303 745 3373 ui
770 3303 923 3392 mortali,
942 3299 1043 3394 idest,
1062 3299 1182 3375 oritur
1197 3321 1310 3395 super
1327 3299 1505 3393 homines,
1520 3320 1587 3391 per

412 3425 549 3497 diverse
562 3425 647 3517 soci,
665 3421 768 3516 idest,
785 3420 950 3516 partibus
975 3423 1034 3497 vel
1059 3421 1181 3518 signis.
1200 3421 1253 3496 lld
1270 3421 1370 3516 quod
1385 3421 1586 3495 notandum

412 3542 511 3636 quod
537 3541 592 3616 sol
618 3561 692 3616 non
717 3561 864 3637 semper
888 3541 1007 3616 oritur
1032 3561 1102 3616 nec
1124 3541 1254 3616 occidit
1278 3541 1316 3616 in
1341 3541 1472 3616 eodem
1493 3541 1586 3635 loco,

412 3661 475 3738 sed
500 3661 595 3737 alius
620 3668 676 3737 est
700 3667 805 3736 ortus
831 3662 910 3738 eius
930 3668 968 3737 et
993 3681 1147 3737 occasus
1165 3662 1202 3735 iu
1218 3661 1474 3756 aequinoctiali,
1500 3662 1587 3756 quia

412 3783 508 3858 artes
529 3787 566 3858 et
591 3782 702 3856 libra:
720 3781 814 3858 alius
831 3788 886 3857 est
902 3787 1007 3856 ortus
1024 3787 1060 3855 et
1077 3801 1231 3856 occasus
1255 3781 1293 3855 in
1318 3781 1469 3856 solstitio
1495 3783 1587 3879 hye-

412 3903 511 3996 mali,
530 3902 616 3997 quia
637 3901 717 3978 linis
742 3901 928 3998 sagiptarii
954 3907 991 3976 et
1016 3899 1234 3996 principium
1252 3902 1474 3997 capricorni:
1492 3903 1587 3979 alius

413 4022 528 4100 estin
560 4022 712 4098 solstitio
741 4022 903 4117 aestivali,
929 4022 1017 4116 quia
1047 4021 1128 4096 linis
1156 4021 1392 4118 geminorum
1419 4030 1457 4098 et
1486 4024 1587 4118 prin·

413 4145 547 4241 ulpium
574 4144 707 4218 cancri.
735 4143 796 4218 Sol
821 4151 947 4218 autem
978 4142 1211 4240 principalius
1243 4144 1362 4218 oritur
1386 4142 1424 4216 ln
1449 4143 1586 4238 ariete,

294 4297 298 4306 ⁴
413 4265 511 4340 unde
535 4262 637 4340 dicit:
665 4285 723 4338 ma
740 4267 788 4338 du
806 4267 933 4358 quella,
951 4263 1098 4357 scilicet,
1117 4264 1223 4338 lance
1242 4262 1362 4337 oritur
1388 4263 1585 4360 potissime,

413 4388 472 4458 cle
495 4388 624 4476 manoe
648 4383 787 4477 quomo
812 4385 911 4490 scuni
935 4404 1001 4456 cna
1026 4389 1079 4458 tre
1103 4387 1210 4475 muci,
1234 4383 1382 4477 scilicet,
1402 4384 1439 4458 in
1457 4385 1586 4478 ariete,

413 4505 476 4579 nbi
501 4511 663 4599 quatuor
688 4481 830 4602 circulil
836 4485 1112 4600 coniunguntur
1129 4504 1166 4576 in
1185 4524 1301 4578 unum
1320 4505 1494 4581 iacientes
1512 4512 1587 4582 tres

412 4645 553 4728 cruces,
580 4625 643 4720 qui
668 4630 754 4699 sunt
778 4624 1052 4719 aequinoctialis,
1077 4624 1260 4719 zodiacus,
1283 4626 1434 4702 horizon
1458 4633 1496 4702 et
1521 4648 1586 4704 co·

413 4746 528 4840 lurus‚
538 4745 632 4819 sicut
642 4743 916 4820 demonstratur
929 4749 1055 4838 aperte
1068 4743 1104 4817 in
1119 4764 1227 4839 spera
1240 4747 1421 4822 materiali
1434 4748 1480 4822 ad
1494 4769 1585 4822 ocu·

413 4867 508 4940 lum:
537 4871 653 4961 potest
678 4869 803 4940 tamen
830 4863 977 4960 intelligi
1003 4864 1214 4960 allegorice,
1234 4866 1334 4960 quod
1359 4868 1414 4942 sol
1434 4866 1586 4964 justitie

476 5126 504 5190 (¹)
522 5127 553 5177 Ε.
569 5125 718 5190 Apollinem
736 5139 791 5185 mer
807 5129 834 5174 et
850 5125 927 5175 dlcet.
