4575 6842
819 983 958 1040 murus
982 984 1177 1041 sucunnus.
1512 975 1580 1044 3r1

410 1151 544 1227 magna
571 1129 655 1204 navi
680 1127 830 1204 intravit
854 1147 961 1203 mare
992 1149 1189 1227 magnum3
1214 1129 1264 1204 ita
1289 1131 1424 1208 Dentes
1443 1131 1584 1227 primus

406 1257 514 1348 poeta
541 1271 627 1324 cum
655 1268 791 1345 magno
811 1247 959 1344 ingenio
976 1248 1125 1324 intravit
1146 1270 1251 1325 mare
1268 1271 1458 1347 magnum,
1477 1251 1580 1345 idest,

407 1373 519 1446 altam
547 1369 738 1445 materiam
764 1367 939 1464 paradisi:
967 1368 1076 1442 lason
1094 1369 1288 1463 acquisivit
1302 1391 1481 1466 magnum
1502 1371 1582 1446 tbe-

408 1513 576 1584 saurum,
600 1496 637 1565 et
663 1490 797 1565 Dantes
823 1510 1013 1564 summum
1045 1489 1205 1565 bonum:
1232 1491 1342 1565 lason
1367 1490 1584 1587 gloriosissi·

411 1633 495 1686 mus
519 1611 587 1684 luit
612 1616 691 1705 post
716 1609 925 1703 Herculem,
943 1609 1019 1684 imo
1044 1611 1241 1686 Herculem
1268 1609 1373 1684 duxit
1397 1631 1524 1686 secum
1546 1610 1584 1684 in

410 1753 546 1829 magna
574 1732 659 1807 navi
698 1737 735 1806 et
766 1731 954 1826 Orpheum
989 1737 1135 1826 poetam
1172 1737 1210 1806 et
1240 1731 1331 1805 alios
1364 1730 1515 1824 nobiles,
1547 1736 1585 1805 et

411 1851 650 1947 triumphavit
666 1847 713 1926 de
730 1850 901 1944 dracone,
916 1849 1035 1926 bobus
1049 1851 1283 1926 vomentibus
1304 1851 1439 1949 ignem,
1454 1858 1492 1925 et
1509 1856 1585 1924 ter·

411 1971 547 2070 vigenis
565 1971 635 2066 ¹qui
660 1971 755 2046 inter
781 1990 822 2046 se
847 1972 1015 2046 iecerunt
1038 1971 1145 2046 civile
1170 1972 1307 2046 bellum
1334 1991 1375 2046 se
1401 1970 1585 2066 perimen-

411 2101 466 2168 tes
499 2099 631 2167 mutuo
662 2111 781 2185 usque
812 2091 859 2166 ad
884 2113 1027 2185 unum;
1054 2097 1090 2166 et
1123 2092 1182 2166 ita.
1205 2093 1341 2166 Dentes
1366 2089 1585 2188 gloriosissi·

411 2234 495 2288 mus
524 2218 631 2308 poeta
658 2219 740 2306 post
765 2211 968 2308 Virgilium,
999 2211 1075 2287 imo
1097 2211 1288 2308 Virgilium
1316 2211 1426 2285 traxit
1455 2231 1582 2286 secum

409 2335 447 2408 in
464 2354 533 2408 sua
554 2333 639 2407 navi
662 2338 699 2406 et
724 2331 881 2406 Statium
899 2337 937 2408 et
953 2331 1044 2406 alios
1061 2331 1201 2406 nobiles
1216 2339 1378 2425 autores
1396 2338 1433 2407 et
1450 2331 1585 2405 trium·

409 2453 534 2549 pbavit
558 2453 604 2528 de
628 2453 798 2547 dracone,
824 2451 927 2546 idest,
958 2452 1138 2547 daemonc,
1164 2458 1201 2526 et
1233 2452 1364 2548 bobus,
1389 2453 1492 2546 idest,
1519 2473 1585 2527 vo-

410 2575 608 2672 luptatibus
633 2572 882 2649 emittentibus
914 2574 1081 2648 dammas
1106 2579 1142 2649 et
1168 2573 1351 2648 incentiva
1376 2572 1579 2668 libidinum,

410 2703 448 2772 et
480 2695 699 2792 gigantibus,
725 2693 817 2768 idest
845 2693 951 2787 vitiis,
977 2713 1063 2787 quae
1092 2701 1295 2772 nascuntur
1326 2714 1373 2769 ex
1408 2700 1521 2787 terra,
1546 2699 1585 2768 et

411 2818 506 2892 inter
532 2837 572 2888 se
597 2813 734 2888 babent
750 2813 949 2888 fraternam
967 2807 1004 2907 (¹)
1020 2813 1238 2888 discordiam
1256 2820 1294 2888 et
1309 2814 1527 2911 impugnant
1543 2833 1585 2888 se

411 2936 538 3010 simul:
556 2935 665 3008 lason
692 2932 792 3027 prius
815 2933 999 3029 navigavit
1016 2933 1112 3008 inter
1130 2954 1225 3009 vana
1246 2933 1386 3028 mundi,
1404 2933 1584 3009 transiens

410 3076 476 3152 per
501 3055 647 3129 troiam
675 3064 813 3130 terram
840 3053 1108 3148 voluptuosam,
1127 3057 1165 3127 et
1180 3052 1362 3148 decipiens
1387 3052 1582 3148 mulierem

410 3175 475 3252 sed
509 3183 633 3270 postea
661 3174 788 3269 pulsus
813 3192 858 3247 er
886 3172 1003 3267 patria
1029 3174 1148 3247 lactus
1178 3178 1233 3246 est
1264 3172 1470 3268 gloriosior,
1495 3193 1580 3247 nam

412 3295 540 3371 redivit
565 3295 602 3368 in
628 3294 791 3388 Colchos,
818 3292 882 3366 ubi
907 3292 1116 3367 emendavit
1141 3312 1309 3368 errorem
1334 3315 1467 3388 suum;
1494 3315 1580 3370 nam

412 3414 569 3490 restituit
594 3433 764 3489 socerum
792 3413 828 3486 in
855 3433 1024 3510 reguum,
1052 3413 1150 3488 unde
1180 3420 1305 3508 postea
1335 3413 1471 3490 decreti
1497 3422 1584 3490 sunt

410 3535 477 3610 sibi
506 3535 618 3609 divini
650 3536 824 3628 bonores,
856 3539 893 3608 et
927 3532 975 3608 ob
1007 3533 1195 3630 egregiam
1227 3534 1402 3609 virtutem
1433 3534 1583 3629 reperiit

410 3655 581 3730 invidiam
608 3661 688 3750 post
717 3659 896 3747 mortem3
922 3653 971 3729 ita
1003 3661 1104 3729 recte
1136 3655 1271 3730 Dentes
1303 3655 1367 3730 diu
1398 3654 1584 3751 navigavit

411 3775 507 3850 inter
524 3796 618 3850 vana
636 3774 763 3849 mundi
782 3774 962 3849 transiens
978 3794 1046 3869 per
1065 3775 1321 3869 voluptuosam
1343 3781 1480 3850 terram
1500 3776 1584 3852 Flo-

413 3895 551 3988 rentiae,
578 3901 614 3968 et
638 3893 987 3988 aliquando'lallens
1013 3893 1200 3986 mulieres,
1226 3894 1320 3969 sicut
1345 3894 1422 3988 ipse
1444 3895 1585 3970 notant
1610 3888 1640 3947 ’-

412 4014 572 4107 quodam
590 4013 749 4108 capitulo
765 4013 918 4106 luterni3
937 4012 1088 4088 demum
1107 4013 1194 4087 exul
1219 4033 1243 4086 a
1268 4013 1386 4107 patria
1407 4013 1582 4092 emenda·

413 4137 464 4210 vit
480 4135 593 4210 vitam
612 4141 838 4230 corruptam,
856 4140 894 4209 et
911 4133 996 4208 lecit
1017 4153 1166 4208 sacrum
1183 4153 1329 4229 poema,
1349 4133 1446 4208 unde
1467 4133 1584 4208 lactus

412 4263 469 4332 est
491 4255 636 4330 divinus
661 4262 698 4330 et
722 4254 860 4330 invenit
885 4253 1069 4330 invidiam.

485 4380 538 4447 La
563 4383 760 4451 conmenta.
785 4375 863 4482 lsta¹
874 4381 929 4450 est
948 4374 1110 4450 secunda
1136 4395 1222 4469 pars
1240 4375 1434 4472 generalis,
1454 4375 1491 4450 in
1509 4398 1585 4471 qua

413 4503 519 4590 poeta
537 4495 670 4570 bantes
696 4494 868 4570 describit
886 4516 997 4568 suum
1019 4515 1216 4570 ascensum
1233 4494 1280 4569 ad
1297 4515 1442 4590 speram
1462 4497 1583 4591 lunoe3

412 4622 451 4690 et
475 4615 594 4709 primo
621 4615 751 4710 repetit
776 4615 863 4709 quid
889 4615 1069 4708 trahebat,
1091 4621 1128 4689 et
1145 4615 1332 4708 quomodo
1356 4616 1584 4710 trahebatur,

412 4742 451 4810 et
473 4735 742 4833 dispositionem
764 4733 820 4809 sui
847 4739 884 4809 et
908 4734 1091 4810 Beatricis.
1110 4733 1202 4811 llicit
1219 4755 1329 4831 ergo:
1346 4739 1399 4808 Lo
1415 4744 1483 4810 sete
1498 4757 1584 4811 corc-

411 4861 545 4945 crcutc,
571 4854 672 4947 idest,
698 4853 868 4929 attractio
899 4853 1034 4948 innata,
1053 4855 1190 4930 scilicet
1214 4854 1306 4931 ordo
1332 4855 1520 4952 naturalis,
1537 4857 1585 4934 de

475 5111 503 5176 (¹)
518 5111 550 5164 B.
566 5110 676 5162 lertmm
692 5111 856 5165 deminum.
