4575 6842
638 1078 642 1085 .
705 1006 842 1061 clavos
866 1006 1082 1062 rmommus
1106 1005 1301 1061 sncorvnns.
1511 992 1583 1059 265

408 1154 495 1247 pido
513 1173 532 1223 e
552 1158 701 1243 ooyome
726 1171 751 1222 o
775 1172 829 1224 me
849 1154 989 1243 monde,
1007 1150 1110 1245 quasi
1129 1150 1243 1226 dicat:
1266 1152 1353 1246 qnia
1378 1149 1585 1225 Bonilacins

414 1264 762 1368 voluitl¹lrospioore
774 1272 820 1346 ad
834 1277 984 1368 gentem
1003 1271 1174 1365 italicam,
1187 1272 1333 1347 dimissa
1345 1272 1585 1369 gallicaquia

415 1394 561 1471 nolebat
579 1392 736 1488 amplius
753 1390 826 1487 pati
844 1391 1060 1467 servitutem
1078 1392 1377 1487 Philippi-Pol.
1395 1392 1460 1467 flio
1476 1398 1585 1488 poeta

415 1512 646 1589 subannactit
674 1511 773 1586 alind
806 1512 997 1606 damnum,
1030 1512 1129 1607 quod
1155 1512 1372 1606 paulopost
1397 1511 1481 1587 lacit
1509 1512 1587 1606 ipso

416 1634 610 1729 Philippus,
624 1633 711 1727 quia
723 1651 811 1705 oum
825 1652 958 1728 magna
972 1632 1101 1707 fraudo
1119 1631 1379 1727 transportavit
1392 1632 1585 1708 ecclesiam

417 1756 513 1829 ultra
539 1760 682 1828 montes
707 1753 744 1827 in
769 1752 935 1847 Galliam,
953 1753 1016 1827 uiri
1036 1759 1163 1848 postea
1181 1752 1347 1828 transivit
1362 1752 1410 1828 do
1430 1754 1529 1828 malo
1550 1752 1587 1827 in

417 1874 531 1969 psius,
552 1872 647 1948 siout
662 1873 768 1968 plone
785 1872 910 1968 scripsi
927 1872 1085 1967 capitulo
1103 1873 1185 1947 XIX
1203 1873 1348 1948 Inferni.
1367 1872 1458 1948 Dicit
1475 1891 1585 1970 argo:

417 1997 484 2067 Pol
505 1996 544 2067 di
566 1996 711 2087 dispetto
730 1998 849 2086 meno,
874 1992 934 2068 ille
959 1993 1061 2090 gigas
1088 1994 1220 2069 timens
1248 2014 1297 2068 ne
1321 1992 1473 2068 ecclesia
1503 2013 1589 2087 per·

416 2113 559 2189 veniret
583 2113 739 2208 amplius
763 2114 809 2187 ad
836 2134 968 2187 manus
993 2112 1143 2188 alterius
1161 2112 1345 2206 Bonifatii,
1366 2112 1431 2207 qui
1451 2111 1589 2186 lacerat

417 2232 610 2308 vindictam
631 2233 676 2309 do
694 2254 750 2328 eo,
764 2237 829 2308 ed'
842 2235 1037 2325 orando,
1051 2232 1152 2327 idest,
1167 2233 1325 2308 crudelis
1338 2232 1404 2326 ira,
1420 2232 1506 2327 quia
1521 2251 1589 2306 vo·

416 2353 514 2429 lebat
535 2354 657 2430 latore
678 2354 872 2430 vindictam
900 2353 947 2431 do
967 2354 1191 2449 Templariis,
1207 2356 1365 2428 disototra
1389 2355 1418 2426 il
1440 2360 1587 2446 mosao,

415 2473 518 2569 idast,
543 2495 697 2549 currum
729 2476 832 2549 illum
864 2481 1141 2551 monstruosum
1171 2476 1219 2549 ab
1249 2475 1385 2549 arbore
1418 2473 1477 2549 cui
1509 2479 1590 2548 arat

415 2596 595 2692 alligatus,
621 2618 640 2669 e
664 2598 790 2670 trassel
809 2617 875 2688 per
905 2598 941 2669 ln
970 2600 1079 2687 selva,
1104 2615 1180 2669 non
1210 2616 1276 2689 per
1308 2594 1416 2669 istam
1446 2595 1586 2691 sylvam

417 2716 616 2791 delitiosam
643 2716 747 2789 istius
773 2715 916 2809 montis,
943 2714 1007 2789 sod
1032 2735 1098 2810 per
1123 2716 1264 2810 sylvam
1286 2714 1454 2789 vitiosam
1473 2734 1587 2808 quam

416 2834 603 2929 descripsit
628 2834 665 2908 in
690 2834 865 2930 principio
890 2834 1041 2929 inlarni5
1068 2840 1165 2909 tanto
1189 2837 1249 2908 olto
1272 2838 1329 2908 sol
1352 2838 1390 2908 di
1414 2838 1471 2926 rer,
1492 2832 1589 2909 soili-

417 2961 486 3050 cet,
512 2955 625 3051 sylva,
651 2958 700 3029 mi
724 2961 797 3052 fero
820 2960 939 3050 sendo,
964 2956 1068 3051 quasi
1094 2956 1202 3051 dicat,
1228 2956 1315 3052 quia
1340 2957 1436 3033 inter
1462 2978 1523 3033 mo
1548 2964 1587 3033 et

280 3106 282 3109 ·
418 3082 623 3150 monstrum
649 3075 859 3171 interposita
885 3081 940 3151 art
965 3078 1087 3173 sylva3
1105 3097 1191 3151 nam
1210 3083 1328 3152 tama
1349 3077 1457 3174 longe
1477 3067 1589 3193 traxit

417 3215 570 3271 currum
597 3194 696 3290 quod
720 3195 877 3291 amplius
901 3194 1026 3271 videro
1044 3216 1117 3271 non
1141 3203 1319 3291 poteram,
1338 3200 1412 3271 otta
1426 3204 1588 3291 patrona,

418 3315 564 3409 scilicet,
586 3316 810 3390 Bonilaoium
830 3322 867 3391 et
884 3323 1047 3410 caeteros,
1065 3323 1097 3390 et
1121 3320 1196 3389 odo
1218 3337 1338 3390 naono
1354 3318 1466 3409 deliro,
1485 3317 1587 3411 idest,

419 3434 572 3510 hostiam
599 3455 746 3531 novam,
772 3436 916 3511 scilicet
930 3455 1085 3509 currum
1112 3436 1175 3530 qui
1202 3436 1321 3511 lactus
1346 3442 1427 3513 erat
1452 3435 1591 3511 animal

422 3562 709 3651 monstruosum,
727 3556 813 3651 quia
840 3556 949 3631 traxit
970 3576 1057 3631 aum
1076 3578 1188 3653 supra
1209 3556 1428 3631 Rhodanum
1450 3556 1487 3630 in
1506 3556 1592 3631 Gal·

419 3676 517 3772 liam,
536 3676 619 3751 data
641 3677 706 3752 sibi
731 3676 801 3752 alia
830 3676 1033 3771 meretrice,
1055 3676 1191 3752 scilicet
1215 3686 1363 3773 pastore
1389 3678 1589 3754 Clemente.

481 3932 509 3998 (¹)
526 3934 557 3985 Ε.
573 3936 657 3987 noluit
672 3936 809 4001 respicere.
880 3966 883 3975 ·
