4575 6842
715 953 785 1020 188
1074 963 1279 1020 nounuruu
1302 963 1522 1020 nunoaronn

711 1108 874 1184 iacienda
898 1109 1064 1184 carmina
1084 1109 1130 1183 de
1151 1108 1306 1185 materia
1326 1109 1457 1183 divina.
1476 1109 1520 1182 Et
1537 1108 1623 1202 quia
1642 1127 1775 1183 novem
1798 1113 1885 1181 sunt

711 1249 840 1322 musae,
858 1251 1018 1322 quarum
1040 1229 1189 1304 nomina
1215 1236 1252 1304 et
1277 1229 1396 1304 officia
1417 1229 1523 1324 plene
1541 1229 1665 1324 scripsi
1684 1229 1803 1324 primo
1823 1249 1885 1304 oa·

711 1348 826 1443 pitulo
859 1349 968 1423 huius
1003 1350 1223 1446 Purgatorii,
1261 1349 1342 1424 ideo
1377 1349 1591 1424 nominatim
1624 1349 1725 1444 ponit
1759 1370 1884 1442 unam,

712 1469 818 1542 cuius
839 1469 958 1544 virtus
976 1471 1138 1544 maxime
1154 1471 1238 1545 lacit
1255 1471 1301 1544 ad
1318 1475 1535 1565 praesentem
1559 1469 1764 1544 materiam.
1783 1469 1886 1543 Unde

712 1587 816 1662 dicit:
842 1612 862 1662 e
890 1592 1037 1679 Urania,
1064 1611 1148 1683 qnae
1176 1589 1288 1664 latine
1323 1595 1428 1665 sonat
1460 1590 1629 1684 celestis,
1659 1593 1704 1664 m'
1717 1593 1804 1664 cinti
1830 1592 1888 1662 col

712 1727 777 1782 suo
801 1729 900 1800 coro,
927 1709 1028 1802 idest,
1046 1729 1132 1783 cum
1154 1710 1338 1784 consortio
1362 1709 1519 1784 aliarum
1538 1716 1622 1785 octo
1639 1731 1822 1784 sororum.
1841 1709 1886 1783 Et

714 1849 801 1904 ecce
826 1850 961 1922 quare:
991 1833 1079 1924 sorti
1101 1851 1181 1902 cose
1205 1851 1230 1902 α
1250 1851 1384 1923 perosor
1409 1838 1546 1904 mettere
1570 1835 1607 1904 io
1632 1833 1748 1925 ocrsi;
1778 1829 1884 1924 quasi

713 1948 828 2023 dicat:
854 1949 1001 2024 dillicile
1026 1957 1082 2023 est
1098 1936 1261 2026 scribere
1275 1942 1313 2042 (¹)
1336 1952 1446 2025 talem
1470 1951 1661 2025 materiam
1688 1951 1725 2024 in
1752 1956 1884 2043 metro,

714 2069 750 2142 in
776 2091 851 2162 quo
877 2070 1080 2164 requiritur
1106 2071 1186 2164 plus
1211 2071 1300 2145 artis
1330 2079 1368 2146 et
1401 2070 1534 2147 laboris
1560 2092 1672 2165 quam
1700 2071 1737 2144 in
1762 2091 1882 2166 prosa,

714 2197 756 2264 ut
771 2191 909 2264 dictum
928 2196 982 2264 est
998 2192 1131 2265 lnierni
1149 2192 1308 2286 capitulo
1323 2192 1463 2266 XXXll.
1474 2197 1636 2266 -Poco
1655 2195 1685 2266 N
1689 2213 1759 2267 unc
1777 2198 1884 2287 poeta

713 2310 807 2384 lacta
834 2311 942 2385 nobili
965 2312 1195 2387 invocatione
1212 2312 1426 2408 aggreditur
1444 2312 1608 2388 valenter
1628 2313 1784 2386 nobilem
1804 2333 1885 2386 ma-

714 2432 856 2524 teriam,
882 2431 1092 2507 describens
1117 2432 1194 2526 ipsa
1219 2432 1436 2507 candelabra
1460 2453 1621 2526 quornm
1640 2434 1766 2507 lumen
1788 2451 1885 2528 prae-

714 2558 884 2627 cesserat.
920 2552 1012 2626 Dicit
1040 2573 1151 2649 ergo:
1179 2559 1273 2626 Poco
1303 2549 1365 2649 piri
1396 2556 1497 2644 oltra,
1523 2553 1627 2647 idest,
1660 2555 1769 2648 paulo
1803 2561 1884 2648 post

714 2673 802 2748 illud
824 2675 962 2767 lumen,
982 2680 1063 2747 sotto
1087 2675 1199 2746 aloen·
1215 2677 1335 2767 d'oro,
1355 2693 1481 2750 aureae
1501 2682 1606 2750 erant
1622 2675 1774 2749 arbores
1797 2695 1884 2768 pro-

715 2803 797 2891 pter
809 2795 1068 2889 perfectionem
1087 2801 1125 2869 et
1140 2794 1370 2889 splendorem
1390 2795 1709 2891 fulgentissimum,
1726 2797 1885 2887 salsave,

714 2915 817 3017 idest,
835 2915 924 2988 salso
949 2915 1163 2990 ostendebat
1185 2915 1272 2988 mihi
1289 2915 1326 2988 in
1346 2914 1569 3009 apparentia,
1587 2915 1673 3008 qnia
1693 2913 1728 2987 in
1748 2913 1800 2988 rei
1820 2933 1885 2988 ve-

715 3034 821 3110 ritate
848 3056 920 3110 non
946 3041 1052 3109 erant
1076 3035 1242 3129 arbores,
1259 3034 1322 3108 sed
1344 3033 1562 3110 candelabra
1583 3033 1804 3108 eliundentia
1827 3034 1884 3107 lu·

714 3175 800 3230 men
827 3154 980 3249 implens
1006 3161 1120 3228 totam
1149 3154 1302 3251 sylvam,
1336 3156 1492 3245 illaoqo
1525 3160 1631 3227 trotlo
1663 3157 1720 3226 dcl
1747 3175 1883 3246 mezzo,

714 3274 816 3367 idest,
836 3296 1012 3372 magnum
1031 3276 1189 3370 spatium
1211 3274 1307 3349 aeris
1324 3274 1444 3367 medii,
1468 3277 1518 3346 clt’
1531 3295 1595 3346 erc
1616 3295 1728 3347 nacor
1746 3281 1804 3347 tra
1824 3279 1885 3348 noi

713 3416 733 3468 e
757 3397 846 3468 loro.
873 3395 917 3468 Et
942 3394 1025 3469 vide
1055 3394 1153 3488 quod
1170 3385 1206 3486 (²)
1224 3394 1258 3467 in
1285 3399 1500 3468 constructo
1530 3393 1642 3468 debes
1672 3394 1833 3490 incipere
1862 3417 1882 3470 a

713 3515 822 3611 longo
847 3521 979 3609 tractu,
1009 3515 1096 3608 quia
1130 3515 1262 3612 longus
1293 3497 1499 3589 tractus'et
1531 3514 1699 3588 distantia
1730 3516 1884 3592 iaciebat

713 3634 933 3709 candelabra
958 3634 1073 3708 videri
1097 3634 1260 3709 arbores.
1289 3633 1332 3706 Et
1356 3640 1441 3708 nota
1468 3633 1567 3727 qnod
1594 3633 1660 3708 ista
1690 3643 1795 3709 erant
1825 3657 1884 3712 se-

714 3761 811 3849 ptem
838 3755 1068 3848 candelabra,
1095 3755 1131 3828 in
1158 3755 1292 3848 quibus
1317 3755 1535 3830 videbantur
1559 3761 1698 3849 septem
1724 3757 1885 3832 llammae
1969 3813 1997 3832 .-

714 3875 904 3970 impositae,
923 3897 1007 3969 quae
1030 3875 1190 3971 figurant
1207 3881 1345 3970 septem
1364 3875 1459 3950 dona
1477 3874 1630 3970 Spiritus
1656 3878 1783 3971 sancti,
1801 3899 1884 3972 quae

714 4002 950 4090 opponuntur
975 4002 1113 4090 septem
1133 3994 1226 4068 vitiis
1240 3985 1277 4087 (³)
1297 3994 1570 4090 principalibus3
1589 4017 1749 4088 quorum
1769 3997 1885 4073 dono-

716 4137 800 4189 rum
815 4115 975 4210 primum
989 4121 1045 4190 est
1058 4114 1200 4208 pietatis
1217 4122 1344 4188 contra
1360 4114 1543 4209 invidiam,
1558 4115 1759 4190 secundum
1776 4117 1885 4191 timo-

715 4235 764 4309 ris
777 4243 905 4310 conlra
923 4235 1145 4330 snperbiam,
1161 4235 1311 4310 tertium
1329 4235 1490 4310 scientiae
1502 4243 1629 4310 oontra
1649 4237 1755 4330 iram,
1770 4259 1884 4331 qnar-

714 4364 793 4429 tum
820 4355 1037 4429 fortitudinis
1062 4361 1189 4431 contra
1206 4354 1393 4449 accidiam,
1412 4355 1580 4449 quintum
1600 4356 1736 4431 consilii
1756 4365 1883 4433 eontra

713 4476 917 4569 avaritiam,
935 4481 1080 4550 sextum
1100 4474 1303 4548 intellectus
1324 4481 1452 4549 contra
1469 4475 1670 4569 luxuriam,
1687 4477 1885 4570 septimum

713 4597 898 4691 sapientiae
923 4601 1050 4670 contra
1075 4596 1213 4691 gulam.
1228 4600 1363 4669 -Μα,
1382 4595 1447 4670 llic
1473 4603 1578 4690 poeta
1606 4597 1760 4670 ostendit
1786 4599 1885 4691 quod

713 4717 806 4792 sicut
831 4717 998 4792 distantia
1023 4717 1144 4789 luerat
1169 4715 1235 4789 sibi
1261 4737 1372 4790 causa
1390 4717 1539 4810 erroriS,
1564 4716 1613 4791 ita
1637 4719 1886 4812 propinquitas

714 4838 796 4913 lecit
820 4839 937 4932 ipsum
966 4837 1090 4911 ridere
1116 4836 1321 4930 veritatem,
1343 4837 1490 4932 scilicet,
1508 4837 1726 4912 candelabra
1743 4844 1781 4914 et
1797 4859 1886 4914 can·

716 4975 790 4982 -—--
798 4977 806 4981 -
813 4976 898 4982 .--—-·-
950 4976 1234 4982 ...——-.--—.

777 5025 804 5086 ξ’)
822 5030 875 5084 ¹¹⁷·
892 5026 1046 5075 demittere·
1234 5025 1262 5087 (¹)
1280 5030 1333 5086 117,
1351 5027 1392 5076 llio
1408 5027 1478 5090 quod
1495 5027 1520 5075 in
1537 5027 1711 5076 construendo
1727 5027 1812 5078 debes.

779 5101 806 5162 ξ’)
823 5101 853 5151 Β
870 5101 937 5152 viliis
953 5103 1102 5164 capitalibus
1117 5102 1171 5154 siro
1188 5101 1378 5166 principalibus.
