4575 6842
726 960 797 1027 222
1085 972 1290 1029 conminuit
1314 970 1534 1027 runelwnu

726 1115 845 1191 libello
870 1117 917 1194 de
942 1118 1016 1192 vita
1041 1124 1078 1191 et
1105 1117 1270 1191 moribus
1295 1114 1430 1209 Dantis,
1456 1114 1604 1189 Beatrix
1633 1115 1738 1208 quasi
1763 1114 1801 1189 iu
1827 1114 1899 1191 line

724 1236 890 1331 vigesimi
917 1238 1038 1333 quarti
1065 1237 1151 1313 anni
1183 1235 1313 1312 redivit
1341 1237 1388 1311 ad
1416 1236 1573 1333 gloriam
1604 1236 1898 1331 praedestinatam

727 1356 864 1431 meritis
882 1358 976 1452 suis3
995 1358 1100 1432 cuius
1122 1364 1243 1432 morte
1260 1357 1396 1431 Dentes
1421 1355 1490 1429 luit
1513 1353 1575 1429 diu
1602 1354 1638 1429 in
1665 1356 1825 1452 planctu,
1843 1356 1900 1431 la·

725 1476 859 1571 erymis
876 1482 912 1551 et
932 1496 1105 1569 moerore,
1119 1476 1212 1551 adeo
1230 1476 1329 1571 quod
1346 1476 1424 1550 sola
1442 1481 1563 1549 morte
1579 1475 1774 1551 videbatur
1793 1497 1900 1571 posse

722 1595 868 1690 juvari:
896 1616 939 1671 en
968 1617 1043 1689 quo
1070 1595 1187 1670 iactus
1212 1602 1268 1670 est
1294 1594 1522 1689 macilentus,
1542 1594 1718 1670 barbatus
1732 1588 1769 1689 (⁴)
1796 1597 1899 1671 velut

728 1715 837 1789 bomo
852 1716 1054 1811 sylvestris,
1069 1716 1217 1789 tandem
1235 1715 1490 1791 exhortatione
1506 1736 1662 1789 suorum
1680 1716 1786 1790 duxit
1802 1736 1898 1791 uxo·

727 1854 806 1909 rem
834 1842 870 1908 et
896 1835 1005 1929 coepit
1021 1855 1061 1908 se
1078 1834 1168 1909 dare
1185 1835 1337 1931 publicis
1356 1834 1484 1909 officiis
1501 1842 1539 1910 et
1555 1835 1755 1911 bonoribus
1771 1837 1809 1909 in
1830 1858 1897 1911 sua

727 1955 931 2050 republica:
959 1963 996 2030 et
1009 1946 1047 2047 θ)
1074 1955 1103 2029 si
1128 1960 1272 2050 poterat
1296 1955 1482 2031 interdum
1509 1955 1663 2030 vacabat
1687 1957 1835 2051 poeticis
1860 1965 1898 2033 et

725 2075 943 2168 eloquentie
969 2076 1014 2150 ad
1041 2076 1239 2171 superbam
1257 2075 1425 2172 gloriam.
1444 2077 1488 2149 Et
1505 2076 1552 2151 de
1569 2077 1639 2151 boc
1656 2078 1897 2171 conqueritur

725 2195 873 2270 beatrix
898 2195 1040 2269 dicens:
1059 2220 1078 2269 e
1098 2198 1223 2269 volsci
1234 2197 1426 2287 passionei
1439 2216 1505 2288 per
1520 2199 1581 2270 oia
1595 2217 1669 2269 non
1685 2218 1783 2289 uera,
1801 2198 1898 2278 scili,-

724 2320 784 2389 cct
808 2334 874 2408 per
899 2315 1005 2389 devia
1033 2315 1231 2409 mundana,
1252 2318 1427 2406 sequendo
1440 2318 1533 2410 sulse
1551 2319 1735 2407 immanior·
1758 2320 1795 2390 di
1820 2317 1898 2409 ben,

725 2433 871 2529 scilicet,
908 2435 1082 2530 bonoreS,
1116 2434 1321 2531 dignitates,
1354 2435 1604 2531 magistratus,
1638 2437 1696 2511 vel
1730 2437 1899 2513 scientias

727 2556 932 2631 mundanas
948 2547 985 2649 (³)
1012 2563 1077 2631 aut
1102 2556 1274 2651 poeticas,
1292 2577 1376 2649 quae
1396 2576 1470 2630 non
1495 2562 1581 2631 sunt
1602 2576 1690 2631 vera
1709 2558 1816 2652 bona,
1834 2559 1899 2634 sed

727 2676 964 2771 imaginaria3
990 2676 1089 2751 unde
1114 2675 1217 2749 dicit:
1236 2678 1297 2749 ebe
1320 2678 1418 2749 nulla
1434 2679 1649 2769 prombston
1664 2680 1825 2751 rendono
1840 2682 1898 2753 io·

727 2802 816 2884 tera,
832 2816 916 2869 nam
935 2796 1068 2871 divitiae
1085 2796 1255 2871 videntur
1277 2796 1491 2891 promittere
1508 2796 1765 2871 sufficientiam
1784 2819 1898 2892 quam

727 2922 903 3009 praestare
924 2936 997 2989 uon
1015 2921 1176 3009 possunt,
1196 2922 1233 2990 et
1252 2915 1455 3011 dignitates
1477 2916 1722 2991 reverentiam
1741 2923 1823 3013 etc,
1849 2918 1898 2993 si·

701 3095 704 3101 ,
727 3034 860 3109 militer
885 3033 1044 3108 scientiae
1069 3035 1238 3109 liberales
1255 3034 1426 3109 videntur
1443 3036 1659 3131 promittere
1677 3037 1896 3133 ielieitatem,

726 3174 839 3247 quam
865 3160 990 3227 tamen
1016 3173 1089 3227 non
1120 3160 1272 3247 possunt
1300 3154 1481 3249 conterre,
1506 3156 1591 3231 licet
1619 3165 1826 3253 preparent
1851 3161 1896 3234 ad

726 3273 947 3368 felicitatem,
965 3274 1066 3348 velut
1091 3275 1261 3367 quaedam
1284 3295 1424 3371 organa
1446 3282 1485 3351 et
1503 3276 1757 3352 instrumenta.
1771 3319 1821 3331 —
1835 3276 1896 3353 Nd.
1935 3286 1939 3293 ’
1964 3270 1967 3275 ’

725 3393 790 3467 llic
815 3394 960 3469 beatrix
997 3393 1042 3468 ad
1073 3396 1351 3491 aggravandum
1384 3415 1553 3471 errorem
1587 3397 1712 3472 Dentis
1741 3400 1901 3475 ostendit

726 3515 942 3589 obstinatam
970 3515 1141 3590 duritiem
1170 3516 1250 3590 eius
1274 3516 1310 3589 iu
1345 3524 1419 3590 tam
1447 3538 1542 3593 vana
1568 3518 1653 3613 vita,
1679 3518 1820 3593 diceus:
1847 3517 1902 3595 Ne*

725 3638 748 3707 l’
760 3638 952 3728 impetrare
977 3638 1174 3729 sptrnztnn,
1203 3636 1306 3728 idest,
1330 3636 1472 3733 gratiae,
1496 3658 1589 3731 quas
1613 3638 1898 3733 impetraveram

725 3776 792 3851 pro
819 3776 863 3829 eo
888 3754 986 3850 apud
1011 3757 1142 3850 Deum,
1168 3758 1254 3850 quia
1280 3745 1485 3853 rogabatt‘)
1513 3779 1580 3853 pro
1610 3779 1656 3833 eo
1685 3779 1771 3833 cum
1803 3767 1900 3835 esset

726 3875 820 3951 iacta
846 3876 964 3970 beata,
990 3878 1039 3949 mi
1062 3879 1171 3967 octse,
1196 3876 1299 3969 idest,
1316 3876 1404 3951 nibil
1426 3878 1646 3972 protuerunt
1667 3878 1767 3972 mibi,
1784 3883 1899 3953 conte

726 3998 822 4087 quali
846 3998 881 4069 lo
905 3999 1053 4088 rivocat‘,
1080 3995 1182 4090 idest,
1209 4016 1386 4071 revocare
1406 3996 1517 4091 volui,
1535 4005 1569 4071 et
1589 3999 1628 4071 in
1651 4019 1763 4087 sonno
1789 4006 1822 4073 et
1843 4003 1899 4072 al-

726 4120 889 4209 tn'menti,
930 4117 1035 4212 quasi
1066 4116 1186 4192 dieat:
1212 4124 1250 4191 et
1273 4117 1311 4191 in
1336 4118 1479 4192 somnio
1508 4124 1546 4193 et
1577 4118 1615 4191 iu
1648 4118 1780 4215 vigilia,
1811 4120 1899 4214 quia

725 4256 814 4311 vere
840 4236 896 4309 vir
913 4236 1003 4310 tanti
1021 4236 1154 4333 ingenii
1174 4235 1382 4311 meditando
1399 4244 1437 4311 et
1452 4237 1633 4313 studendo
1653 4244 1795 4333 poterat
1811 4259 1898 4335 per·

725 4356 887 4450 pendere
912 4354 1023 4431 linem
1050 4376 1123 4431 nun
1150 4357 1290 4430 bouum
1315 4378 1471 4432 suarum
1489 4358 1784 4453 occupationum,
1801 4360 1897 4435 sicut

723 4476 811 4550 olim
838 4476 975 4551 sciebat
999 4476 1172 4551 accidisse
1197 4477 1314 4551 Tullio
1339 4483 1377 4553 et
1401 4478 1540 4573 Boetio,
1560 4479 1625 4573 qui
1649 4479 1897 4556 immiscentes

724 4614 766 4669 se
784 4596 1116 4692 gubernationibus
1128 4586 1165 4688 (⁵)
1186 4596 1239 4671 rei
1257 4597 1423 4691 publice,
1445 4598 1525 4693 jam
1546 4606 1693 4674 mortua
1714 4604 1751 4673 et
1769 4599 1897 4695 deplo-

725 4720 803 4788 rata
825 4714 1005 4809 libertate,
1023 4716 1208 4791 consecuti
1224 4722 1312 4789 suut
1329 4717 1479 4792 exilium
1497 4724 1536 4793 et
1553 4718 1895 4817 mortemindignm

786 4943 812 5005 (¹)
829 4944 860 4994 E.
875 4944 1007 4998 btrbutut.
1258 4948 1288 5012 (¹)
1304 4947 1334 4999 E.
1351 4952 1378 4999 et
1393 4962 1455 5001 cum
1470 4955 1581 5014 poterat.

787 5019 814 5082 l'i
831 5024 885 5082 ¹¹⁷,
903 5021 1040 5073 “ttulim-
1259 5024 1285 5085 (⁸)
1301 5024 1333 5074 E.
1349 5025 1410 5089 quia
1427 5031 1573 5091 rogaverat.

787 5100 814 5161 rt
831 5099 861 5150 E
877 5100 1167 5164 gubernabunt-11⁷,
1183 5102 1372 5167 gubernamur.
