4575 6842
830 971 969 1026 caurus
993 967 1160 1037 cunnus.
1505 954 1576 1024 tut

401 1117 561 1194 vandum
588 1125 625 1194 et
653 1123 752 1193 recte
781 1115 967 1213 agendum
1001 1115 1129 1190 datum
1162 1123 1219 1191 est
1247 1117 1387 1191 homini
1416 1117 1575 1193 liberum

401 1239 599 1316 voluntatis
623 1237 830 1314 arbitrium.
857 1236 983 1312 Melior
1009 1237 1106 1312 euim
1134 1238 1246 1311 homo
1271 1243 1326 1312 est
1357 1238 1420 1333 qui
1445 1240 1577 1313 volun·

403 1365 477 1434 tate
502 1358 619 1456 magis
644 1378 758 1452 quam
785 1356 1001 1432 necessitate
1025 1356 1144 1431 bonus
1168 1362 1234 1431 est.
1260 1357 1304 1430 lit
1328 1357 1432 1434 dicit:
1449 1361 1488 1432 di
1503 1361 1576 1451 cle,

402 1479 504 1574 idest,
530 1499 605 1572 qua
631 1478 798 1554 libertate
823 1476 975 1571 arbitrii,
1002 1479 1033 1550 le
1056 1483 1217 1550 creature
1240 1479 1452 1570 ueuomu,
1473 1478 1576 1572 idest,

403 1598 609 1692 rationales,
636 1597 731 1672 siout
763 1597 886 1695 angeli
911 1603 948 1673 et
973 1597 1153 1691 homines,
1176 1601 1262 1690 puro
1286 1620 1305 1670 a
1328 1619 1395 1672 sou
1418 1601 1577 1673 dotuee

403 1725 496 1811 uue,
513 1725 695 1813 quantum
712 1717 759 1792 ad
776 1716 972 1812 individua,
991 1719 1108 1809 arole,
1130 1723 1313 1810 quantum
1334 1717 1382 1792 ad
1404 1718 1578 1813 speciem,

403 1839 497 1914 sicut
521 1859 544 1914 a
569 1838 688 1934 simili,
718 1838 748 1912 si
780 1838 861 1913 dico
896 1857 1026 1912 omnes
1055 1835 1223 1911 homines
1254 1843 1339 1912 sunt
1370 1839 1609 1934 rationales„

403 1957 505 2055 idest,
527 1950 608 2034 'sola
634 1958 772 2054 species
798 1960 960 2032 humana
985 1957 1081 2032 inter
1099 1956 1273 2032 animalia
1298 1963 1353 2031 est
1379 1958 1577 2034 rationalis.

402 2119 453 2134 -
470 2084 532 2154 Or.
559 2079 624 2154 llio
648 2078 796 2154 Beatrix
827 2077 1015 2174 praemisso
1045 2097 1120 2151 uno
1152 2076 1391 2151 fundamento
1420 2077 1578 2152 ostendit

403 2200 514 2294 quale
538 2197 670 2301 debeat
695 2217 777 2274 esse
796 2203 925 2274 votum
944 2197 1161 2292 perlectum.
1178 2195 1233 2270 Ad
1248 2195 1355 2271 cuius
1371 2196 1578 2294 intelligen-

403 2320 492 2394 tiam
518 2324 662 2415 oportet
688 2325 895 2414 praenotare
919 2317 1019 2414 quod
1043 2323 1172 2394 votum
1206 2323 1261 2392 est
1290 2317 1395 2411 quasi
1427 2317 1578 2412 quitiam

404 2445 616 2514 contractus
634 2458 710 2533 quo
728 2438 840 2512 homo
857 2438 1051 2533 paciscitur
1065 2458 1151 2513 oum
1170 2438 1258 2513 lieo.
1275 2436 1331 2511 ad
1347 2443 1577 2512 contractum

406 2565 532 2634 autem
546 2558 647 2653 juste
664 2557 924 2632 celebrandum
944 2558 1187 2652 requiruntur
1199 2558 1329 2652 multa,
1342 2557 1478 2632 scilicet
1494 2577 1580 2653 per-

408 2697 508 2754 sonae
525 2676 832 2771 contrahentium,
849 2697 908 2752 res
924 2697 1036 2772 super
1052 2697 1127 2772 qua
1145 2677 1422 2771 recontractus,
1439 2684 1476 2752 et
1494 2699 1580 2752 mu-

406 2806 495 2874 tuus
511 2817 721 2873 consensus.
737 2797 842 2872 Modo
858 2798 905 2874 ad
921 2799 1146 2894 propositum
1163 2798 1203 2872 in
1221 2805 1308 2873 voto
1325 2798 1582 2873 contrahentes

407 2924 494 2993 sunt
518 2918 616 2993 Deus
649 2924 687 2993 et
720 2918 855 3012 homo,
891 2939 951 2994 res
976 2924 1165 2994 contracta
1190 2925 1245 2994 est
1260 2913 1299 3011 (¹)
1321 2918 1581 3015 peregrinatio,

403 3039 587 3136 jeiunium
614 3044 652 3114 et
680 3037 829 3133 similia3
861 3046 899 3114 et
930 3059 1130 3114 consensus
1161 3039 1226 3114 Dei
1255 3047 1293 3114 et
1325 3039 1481 3120 hominis
1514 3061 1581 3117 no-

407 3159 566 3235 cessario
596 3159 810 3254 requiritur.
837 3159 881 3232 Et
896 3149 933 3252 (¹)
962 3165 1002 3232 tu
1027 3158 1150 3234 dices:
1181 3158 1368 3253 quomodo
1406 3161 1519 3235 sciam
1552 3160 1584 3236 si

406 3281 506 3356 Deus
530 3279 734 3356 consentit?
759 3279 982 3374 respondeo:
1009 3279 1040 3354 si
1059 3280 1204 3376 justum
1227 3286 1295 3374 est,
1311 3280 1406 3354 sicut
1421 3281 1460 3355 in
1476 3287 1584 3376 pacto

408 3401 601 3497 temporali
618 3399 669 3475 ait
689 3405 837 3495 praetor,
858 3405 963 3494 pacta
987 3399 1143 3476 servabo
1169 3400 1266 3475 bona
1291 3399 1363 3476 lide
1388 3400 1483 3476 lacta
1508 3421 1583 3476 non

408 3521 446 3595 in
471 3521 651 3598 fraudem.
678 3521 784 3596 Nunc
808 3520 856 3596 ad
881 3521 1026 3596 literam
1047 3519 1133 3596 dicit
1150 3520 1318 3595 Beatrin:
1341 3525 1394 3595 Or
1418 3511 1585 3618 oport

411 3645 514 3718 tuto
542 3645 645 3716 color
669 3645 727 3718 del
750 3647 844 3733 coto,
861 3640 963 3736 idest,
983 3661 1118 3738 magna
1135 3641 1264 3736 virtus,
1284 3663 1321 3714 se
1337 3649 1373 3717 tu
1388 3645 1587 3734 orpomeuti

412 3765 540 3856 quum,
565 3763 669 3858 idest,
693 3763 722 3836 si
749 3769 789 3836 tu
815 3760 942 3859 arguis
966 3760 1014 3835 ab
1039 3761 1107 3835 ista
1132 3761 1273 3837 arbitrii
1290 3763 1491 3857 voluntate,
1511 3758 1590 3836 se'ri

410 3875 441 3958 st
461 3887 564 3977 suto,
590 3883 694 3979 idest,
718 3888 794 3956 tam
819 3881 983 3978 legitime
998 3887 1243 3975 contractum,
1261 3884 1321 3955 clue
1337 3886 1406 3956 Dio
1422 3889 1587 3957 oorueutu

373 4055 375 4058 -
412 4005 555 4096 worado
578 4010 615 4079 tu
639 4003 804 4096 mene,
835 4002 938 4098 idest,
966 4007 1132 4098 acceptet
1161 4010 1291 4077 votum
1328 4008 1434 4075 tuum
1470 4022 1588 4076 enau-

412 4123 563 4219 diendo,
590 4130 627 4199 et
652 4142 740 4199 ecce
764 4122 971 4218 quomodoz
997 4118 1059 4197 clu*
1081 4126 1214 4198 sittim
1230 4126 1334 4218 sessi,
1350 4122 1454 4218 idest,
1474 4121 1588 4197 sacri-

414 4241 538 4318 ficium
567 4250 717 4340 gratum
752 4244 842 4338 Deo,
866 4246 904 4318 rt·
935 4249 1053 4336 presto
1082 4249 1211 4336 tesoro,
1241 4243 1349 4338 idest,
1373 4263 1462 4318 carc
1491 4243 1588 4318 dono

412 4361 528 4438 libere
553 4363 676 4440 oblato
705 4365 792 4458 Deo,
819 4365 872 4438 tul
898 4366 984 4456 punt
1008 4366 1045 4438 o
1076 4366 1168 4456 dico,
1194 4363 1394 4439 dedicando
1423 4370 1588 4440 mentem

413 4484 490 4560 Deo
515 4490 553 4559 et
577 4483 772 4581 obligando
797 4504 837 4559 se
863 4489 993 4579 sponte
1021 4483 1091 4580 illi;
1117 4484 1218 4559 unde
1245 4483 1350 4559 dicit:
1376 4506 1397 4558 e
1421 4489 1512 4580 fusse·
1535 4489 1593 4560 col

412 4626 476 4680 suo
500 4611 587 4696 ouo,
603 4604 705 4699 idest,
727 4624 813 4678 oum
833 4609 922 4685 actu
939 4602 1052 4698 ipsius
1071 4604 1269 4679 voluntatis
1289 4605 1425 4700 liberae,
1443 4608 1502 4678 net
1511 4609 1590 4701 ser-

280 4817 284 4828 ,
413 4747 496 4800 mur
518 4727 547 4800 il
564 4732 686 4819 putto,
704 4725 805 4819 idest,
832 4729 974 4819 votum,
992 4731 1051 4797 tra
1068 4728 1138 4799 Dio
1159 4749 1179 4799 e
1202 4729 1351 4802 tuomo.
1365 4733 1588 4821 -nunpue

414 4845 480 4922 llic
505 4845 635 4921 ultimo
659 4845 807 4923 Beatrix
833 4864 880 4921 ex
906 4843 1102 4940 praemissis
1127 4845 1224 4921 elicit
1248 4869 1355 4922 suam
1386 4849 1591 4926 conclusio—

478 5031 507 5094 t¹l
523 5033 554 5084 ll.
570 5039 610 5085 est
626 5040 655 5086 ut
672 5035 854 5100 peregrinatio,
866 5033 1004 5100 jeluulum,
1021 5035 1180 5086 continentia
1195 5041 1223 5087 et
1238 5036 1340 5089 dmllln.

479 5106 508 5174 (¹)
524 5109 554 5161 B.
570 5111 615 5162 reu
632 5117 661 5164 tu
676 5113 754 5164 slim
