4575 6842
695 933 741 1000 26
879 907 881 912 ’
1052 897 1256 999 coenarum
1281 943 1500 998 runcnronu

692 1092 756 1188 qui
781 1092 890 1167 debet
906 1091 980 1188 pati
1000 1091 1049 1165 ab
1065 1091 1186 1166 amico
1203 1091 1350 1185 qrrando
1366 1089 1537 1188 arguitur
1553 1088 1601 1164 de
1619 1088 1743 1183 alique
1763 1088 1861 1162 vitio.

692 1213 736 1287 ut
762 1211 883 1286 subdit
908 1211 1095 1305 quomodo
1120 1210 1256 1286 Statius
1288 1230 1329 1284 se
1359 1209 1528 1284 babuerit
1558 1215 1642 1284 actu
1675 1214 1712 1283 et
1737 1209 1863 1302 verbo,

692 1331 838 1407 dicens:
867 1337 980 1428 queste
999 1332 1129 1424 percle
1150 1335 1257 1425 [enee
1282 1351 1402 1402 meeer
1421 1332 1541 1404 Stezlo
1563 1351 1612 1403 en
1629 1349 1721 1422 pecc
1745 1349 1771 1402 e
1789 1331 1865 1402 riso

691 1455 798 1546 prie;
832 1449 967 1525 Statius
999 1450 1096 1525 enim
1131 1471 1229 1524 nunc
1258 1449 1334 1524 risit
1359 1449 1405 1524 de
1436 1468 1566 1523 errore
1590 1447 1739 1544 Virgilii,
1772 1448 1865 1523 sicut

695 1570 829 1646 Dantes
855 1569 931 1644 risit
956 1590 1067 1664 supra
1094 1569 1140 1644 dc
1166 1590 1295 1645 errore
1319 1567 1433 1662 Statii,
1466 1590 1486 1641 e
1509 1571 1574 1662 poi
1598 1572 1757 1661 strpere:
1781 1571 1867 1658 oper·

695 1698 753 1764 teo
778 1692 837 1764 dir
862 1686 940 1765 m'e'
967 1711 1053 1763 cere
1079 1711 1188 1763 oenoe
1222 1692 1257 1764 d
1269 1711 1387 1779 emer,
1417 1689 1521 1783 quasi
1551 1689 1658 1782 dicat,
1691 1687 1864 1782 quicquid

695 1810 793 1885 dicas
819 1815 945 1884 contra
972 1829 1032 1884 me
1057 1809 1177 1884 babeo
1201 1830 1268 1905 pro
1293 1809 1398 1906 signo
1419 1828 1507 1883 earo
1525 1809 1602 1884 reri
1622 1808 1770 1901 amoris.
1788 1808 1865 1882 Hoc

695 1931 781 2007 dicit
805 1929 951 2024 Statius,
979 1929 1066 2024 quia
1092 1929 1262 2026 Virgilius
1290 1930 1470 2025 petiverat
1502 1912 1647 2004 reniam
1677 1929 1725 2004 de
1753 1928 1865 2002 nimia

696 2050 892 2125 securitate
916 2049 1068 2124 dicendi.
1086 2090 1137 2102 —
1165 2055 1374 2124 Verememe.
1405 2050 1470 2124 llic
1501 2050 1638 2124 Statius
1667 2049 1814 2145 proprie
1826 2043 1863 2142 (¹)

695 2170 781 2244 iacit
798 2169 1002 2244 orationem
1020 2189 1125 2244 suam
1137 2195 1147 2264 3
1161 2177 1199 2244 el
1210 2170 1256 2244 ad
1270 2169 1573 2266 magnificandam
1591 2170 1695 2243 istam
1716 2189 1866 2263 respon-

695 2290 835 2363 sionem
866 2289 1057 2364 considera
1092 2296 1229 2382 quanta
1259 2298 1341 2365 arte
1372 2289 1488 2364 utitur
1520 2289 1578 2363 bic
1609 2277 1677 2364 isle
1707 2309 1866 2384 magnus

695 2416 833 2484 orator.
859 2410 951 2483 Nam
978 2411 1149 2505 exemplo
1173 2409 1322 2506 Virgilii,
1341 2418 1382 2483 ut
1403 2410 1571 2485 videatur
1591 2409 1710 2505 ipsum
1728 2407 1863 2483 imitari

696 2529 733 2604 in
758 2530 838 2605 eius
863 2530 1067 2626 praesentia,
1094 2532 1213 2625 primo
1238 2531 1392 2606 assumit
1417 2552 1530 2604 nnam
1557 2530 1753 2604 notabilem
1779 2549 1864 2604 sen·
1904 2528 1907 2533 ’

700 2650 849 2728 tentiam
877 2671 988 2745 super
1006 2672 1079 2745 qua
1096 2650 1223 2726 tundet
1239 2651 1376 2726 dictum
1398 2672 1530 2744 sunm;
1548 2657 1586 2726 el
1603 2651 1661 2725 illa
1687 2649 1864 2725 sententia

665 2827 668 2834 .
698 2777 753 2844 est
782 2770 928 2866 propria
944 2762 981 2862 (²)
1013 2770 1161 2866 Virgilii.
1193 2769 1285 2845 Dicit
1314 2790 1423 2866 ergo:
1462 2776 1661 2844 Veremeete
1683 2765 1748 2863 pile
1779 2772 1867 2843 velte

697 2893 851 2984 appeten
884 2912 975 2983 cose,
1001 2891 1113 2986 idest,
1128 2897 1311 2986 apparent
1337 2890 1462 2964 multae
1493 2911 1563 2984 res,
1593 2893 1653 2963 cde
1681 2894 1800 2964 denno
1824 2894 1865 2964 el

697 3011 837 3084 dedite
863 2993 963 3104 [else
993 3017 1143 3104 meere,
1180 3030 1264 3104 quae
1292 3016 1464 3105 praestant
1495 3030 1646 3084 causam
1676 3009 1865 3085 dubitandi

697 3150 786 3206 cum
811 3136 934 3204 tamen
961 3150 1034 3203 non
1059 3129 1130 3204 sint
1147 3149 1236 3204 vere
1245 3128 1479 3224 dubitabiles,
1500 3150 1567 3222 per
1584 3132 1615 3202 le
1632 3151 1713 3203 vere
1737 3134 1865 3222 capion

697 3252 757 3322 cire
781 3269 847 3322 cere
872 3268 1029 3340 erescere,
1055 3249 1140 3342 quia
1167 3249 1405 3345 ignorantur,
1430 3249 1528 3324 unde
1557 3249 1642 3324 dicit
1667 3249 1860 3347 Virgilius:

691 3390 754 3468 ‚res
778 3372 916 3444 enimes
940 3372 1116 3460 incognite
1142 3369 1268 3442 turbet
1287 3368 1388 3442 Unde
1409 3374 1495 3442 nota
1513 3369 1612 3462 quod
1638 3370 1754 3444 multa
1781 3390 1866 3466 quae

696 3487 734 3560 in
758 3508 799 3562 se
824 3508 912 3562 vera
930 3495 1016 3561 sunt
1033 3509 1107 3562 non
1125 3488 1329 3578 creduntur
1346 3496 1494 3583 propter
1514 3489 1757 3585 ignorantiam
1775 3510 1867 3564 ean-

697 3629 836 3702 sarum,
863 3609 956 3682 sicut
981 3607 1079 3702 quod
1105 3609 1208 3683 navis
1235 3609 1327 3683 mari
1345 3608 1540 3703 tranquillo
1560 3615 1598 3683 et
1619 3609 1714 3683 eoelo
1733 3628 1866 3684 sereno

697 3727 817 3802 subito
841 3727 1071 3822 absorbetur,
1098 3736 1138 3802 ct¹
1164 3749 1368 3823 numquam
1395 3729 1441 3804 de
1466 3737 1600 3803 caetero
1625 3735 1795 3823 apparet3
1825 3735 1863 3803 et

698 3839 799 3940 sicl³l
828 3848 925 3942 quod
951 3849 1052 3923 Titus
1080 3848 1165 3923 iecit
1197 3849 1390 3924 vindictam
1423 3849 1469 3923 de
1499 3857 1619 3924 morte
1650 3849 1792 3944 Christi,
1825 3857 1868 3924 ut

698 3967 829 4042 dicitur
853 3968 891 4042 in
916 3969 1133 4064 praecedenti
1160 3969 1331 4064 capitulo,
1358 3970 1457 4063 quod
1488 3976 1612 4045 mmen
1642 3976 1697 4044 est
1721 3970 1865 4044 falsum.

698 4087 742 4160 lit
766 4088 880 4184 tangit
902 4088 1021 4183 ipsum
1039 4109 1208 4164 errorem
1226 4088 1376 4185 Virgilii,
1393 4089 1534 4164 dicens:
1561 4094 1597 4164 ie
1622 4099 1682 4164 tea
1698 4091 1868 4164 dimeede

698 4212 743 4282 m’
757 4191 902 4301 uouere,
933 4209 1034 4305 idest,
1064 4211 1226 4284 affirmat
1256 4218 1293 4285 ct
1322 4209 1494 4304 declarat,
1526 4233 1620 4284 esser
1651 4219 1710 4284 teo
1744 4215 1868 4286 creder

698 4332 794 4403 cb'ie
816 4333 905 4425 sessi
925 4351 1039 4404 eeere
1055 4334 1092 4404 ie
1114 4333 1245 4405 l’elee
1263 4333 1346 4424 rite,
1371 4330 1506 4406 scilicet
1532 4331 1733 4427 temporali,
1752 4354 1863 4408 muu-

697 4450 803 4544 dana,
825 4454 924 4545 [erse
947 4472 1015 4544 per
1040 4454 1154 4543 puelle
1177 4454 1315 4525 cercida
1339 4455 1465 4526 deo’io
1494 4473 1582 4545 ere,-
1610 4453 1698 4546 quia
1723 4453 1865 4526 inveni-

699 4570 743 4646 sti
769 4593 830 4647 me
855 4572 1055 4648 incirculo
1080 4594 1293 4647 avarorum.
1318 4573 1362 4646 ut
1377 4572 1523 4668 detegit
1547 4555 1721 4648 continuo
1746 4571 1872 4668 ipsum.

698 4710 877 4785 errorem,
903 4690 1045 4768 dicens:
1082 4713 1125 4766 er
1149 4696 1253 4786 sappi
1276 4695 1499 4766 elr'eoerizie
1519 4697 1560 4786 se
1580 4696 1717 4786 perlita
1738 4701 1865 4788 troppo

700 4815 749 4886 de
774 4833 841 4903 me,
866 4833 932 4907 per
965 4812 1257 4910 prodigalitatem
1285 4812 1446 4888 maxime
1476 4812 1668 4888 distantem
1701 4814 1748 4888 ab
1777 4835 1867 4889 ara·

763 5066 791 5132 (¹)
807 5067 838 5119 E·
854 5068 903 5132 ple.
1037 5027 1044 5038 ⁹
1091 5067 1119 5132 (¹)
1134 5069 1166 5120 E.
1181 5069 1296 5135 proprie.
1482 5069 1509 5132 (⁸)
1527 5074 1580 5130 tir.
1597 5045 1672 5122 sicuti
1807 5105 1811 5112 .
