4575 6842
840 1022 978 1080 cassus
1002 1024 1147 1080 snmus.
1508 1014 1579 1083 too

407 1165 584 1262 recipiens
609 1168 709 1265 quod
733 1167 1010 1243 diversificatur.
1037 1169 1116 1243 Non
1143 1188 1234 1265 ergo
1260 1169 1497 1245 inveniuntur
1517 1192 1578 1247 res
1622 1175 1626 1183 '

406 1306 536 1362 omnes
562 1286 598 1361 in
623 1287 743 1383 prima
768 1308 880 1363 causa
906 1308 972 1383 per
998 1288 1151 1363 modum
1177 1308 1314 1381 unum;
1333 1289 1415 1366 ideo
1433 1290 1528 1367 bene
1544 1298 1583 1368 et

406 1412 577 1483 notanter
600 1406 690 1481 dixit
714 1413 834 1503 poeta,
856 1406 954 1502 quod
978 1406 1094 1504 gloria
1120 1406 1243 1483 divina
1267 1408 1350 1504 plus
1376 1411 1581 1504 resplendet

374 1517 392 1579 ⁸·
407 1526 445 1601 in
470 1546 545 1602 una
561 1532 667 1623 parte
691 1532 729 1602 et
752 1526 874 1601 minus
892 1525 929 1601 in
945 1525 1028 1602 alia.
1042 1566 1092 1581 -
1105 1529 1172 1600 Nel
1185 1530 1257 1600 ciel.
1276 1527 1342 1602 llic
1358 1533 1468 1604 autor
1485 1551 1582 1626 prae-

408 1646 519 1722 missa
535 1645 698 1721 maxima
719 1645 1040 1741 universalissima,
1059 1646 1227 1742 proponit
1244 1646 1359 1743 ipsam
1388 1650 1582 1726 materiam

408 1766 567 1843 nobilem
593 1773 630 1842 et
656 1766 879 1863 mirabilcm3
899 1767 1093 1864 prolitetur
1113 1767 1212 1843 enim
1238 1788 1280 1844 se
1305 1768 1416 1845 luisse
1432 1767 1469 1843 in
1487 1769 1582 1845 coelo

407 1908 494 1963 cum
521 1886 642 1963 adhuc
667 1887 809 1963 viveret
833 1888 870 1962 in
896 1908 1019 1984 carne,
1045 1894 1082 1963 et
1107 1888 1241 1964 vidisse
1266 1911 1310 1965 ea
1337 1910 1422 1985 quae
1447 1878 1583 1986 impos-

407 2009 510 2085 sibile
535 2014 590 2084 est
616 2008 756 2084 referre
782 2008 999 2084 hominibus.
1033 2009 1125 2085 Dicit
1157 2030 1267 2107 ergo:
1293 2015 1349 2103 Io,
1375 2010 1477 2106 idest,
1510 2030 1582 2107 ego

407 2150 526 2206 novus
551 2135 656 2225 poeta
683 2128 818 2204 [lantes
843 2129 905 2223 qui
931 2130 1075 2205 ineram
1093 2128 1131 2203 in
1149 2128 1291 2205 inlerno
1308 2135 1346 2205 et
1365 2130 1582 2227 purgatorio

407 2270 493 2327 cum
529 2272 604 2325 uno
637 2256 744 2347 poeta
776 2268 913 2346 magno
941 2249 1106 2345 antiquo,
1137 2253 1189 2346 pt
1213 2253 1273 2327 net
1300 2254 1398 2345 mro,
1434 2251 1580 2348 scilicet,

407 2370 616 2447 mentaliter
632 2389 706 2445 non
727 2370 978 2466 corporaliter,
996 2392 1082 2446 cum
1101 2392 1177 2447 una
1198 2370 1356 2447 muliere
1380 2372 1581 2448 clarissima

407 2490 614 2585 christiana,
627 2493 688 2565 cte
698 2494 837 2585 prende
849 2486 923 2586 piri,
944 2492 1030 2586 quia
1048 2494 1129 2588 plus
1148 2492 1286 2590 recipit,
1303 2494 1397 2567 della
1413 2497 1582 2585 stature,

407 2611 510 2707 idest,
536 2611 582 2687 de
606 2610 684 2707 ipsa
708 2610 825 2707 gloria
850 2610 927 2707 Dei,
953 2632 1066 2707 quam
1092 2612 1254 2688 mundus
1279 2614 1516 2689 elementaris
1545 2613 1583 2687 in

407 2751 485 2829 quo
507 2733 686 2807 hactenus
711 2731 851 2807 iuerat:
874 2752 960 2806 nam
986 2732 1148 2807 mundos
1168 2733 1236 2808 iste
1259 2733 1411 2809 inlerior
1437 2734 1580 2831 regitur

406 2874 431 2929 a
461 2852 651 2948 superiori,
684 2858 727 2927 ιιι
755 2854 836 2928 vult
865 2853 1099 2949 philosophus
1130 2854 1251 2949 primo
1282 2855 1579 2952 liethaurorum3

346 2952 350 2961 ¹
408 2968 507 3047 unde
535 2971 705 3047 Ovidius:
731 2978 764 3047 et
787 2976 882 3065 puori
909 2976 1002 3065 repit
1030 2976 1152 3047 omnio
1174 2976 1317 3048 coelum:
1346 2982 1384 3050 et
1416 2976 1502 3071 quia
1528 2976 1581 3050 lui

407 3091 445 3167 in
470 3093 550 3167 loco
576 3092 744 3186 mirabili,
771 3091 852 3169 ideo
882 3092 1049 3169 miranda
1074 3094 1168 3189 vidi5
1195 3093 1294 3170 unde
1322 3094 1427 3171 dicit:
1452 3118 1471 3168 e
1496 3098 1581 3188 virli,

406 3212 636 3289 vivacissimo
660 3214 769 3288 oculo
795 3210 938 3307 mentis,
968 3234 1058 3308 cose,
1087 3213 1234 3310 scilicet,
1260 3215 1413 3311 aliquas,
1440 3223 1483 3289 nt
1506 3222 1582 3291 sta-

406 3332 472 3407 tim
497 3332 593 3427 dicit,
619 3335 692 3425 cte,
718 3318 821 3428 idest,
839 3353 932 3428 quas
950 3352 1021 3429 res,
1038 3335 1093 3407 cli
1112 3335 1273 3408 ιιιιοειιιιι
1287 3336 1326 3408 ιιι·
1350 3330 1459 3426 lassi,
1476 3335 1579 3433 idest,

406 3451 605 3529 revertitur
630 3474 653 3529 a
678 3454 773 3529 coelo
797 3452 843 3528 ad
860 3452 977 3549 ipsam
999 3460 1151 3548 terram,
1169 3452 1263 3528 sicut
1283 3474 1354 3551 ego
1371 3454 1462 3529 redii
1480 3454 1580 3531 linita

406 3575 516 3671 longa
540 3573 600 3649 via
624 3573 814 3670 profunde
832 3572 1089 3669 speculationis
1106 3594 1212 3668 mee,
1230 3570 1277 3648 ιιι
1292 3595 1348 3669 sa,
1372 3570 1420 3650 ιιι
1437 3568 1511 3668 put
1525 3579 1581 3649 ιι·-

405 3698 495 3787 ιιινι,
522 3694 691 3790 quamvis
715 3694 814 3788 velit,
841 3694 934 3770 sicut
957 3694 1087 3770 accidit
1111 3695 1239 3789 Paulo,
1260 3695 1324 3789 qui
1351 3702 1477 3792 raptus
1495 3697 1581 3772 vidit

407 3818 524 3891 multa
549 3837 711 3911 quorum
736 3816 871 3891 oblitus
895 3821 950 3891 est
976 3836 1061 3892 cum
1089 3815 1254 3891 rediisset
1278 3815 1324 3890 ad
1350 3836 1513 3892 carnem.
1536 3818 1580 3892 Et

407 3936 525 4013 reddit
550 3936 730 4011 rationem
756 3936 814 4011 sui
845 3936 929 4012 dicti
962 3937 1121 4033 probans
1145 3936 1433 4013 demonstrative
1462 3958 1581 4032 quare

407 4058 476 4132 hoc
502 4055 582 4131 lieri
608 4077 682 4131 non
708 4056 830 4151 possit,
860 4056 947 4151 quia
972 4055 1109 4131 scilicet
1140 4056 1346 4131 intellectus
1371 4057 1453 4153 plus
1481 4056 1580 4132 videt

406 4182 444 4251 et
461 4176 658 4273 cognoscit,
680 4197 794 4271 quam
821 4176 1001 4251 memoria
1026 4176 1238 4251 meminisse
1255 4176 1384 4272 possit;
1410 4175 1509 4251 unde
1525 4176 1581 4251 di-

406 4296 472 4371 cit:
496 4290 625 4391 percit
645 4304 767 4371 costo
792 4298 966 4388 intellctto,
992 4295 1138 4391 scilicet,
1165 4296 1351 4369 humanus
1367 4295 1501 4370 animae
1519 4283 1580 4371 ιιι-

406 4416 549 4491 tionalis
580 4417 643 4513 qui
677 4423 733 4493 est
767 4422 958 4513 separatus
997 4438 1020 4491 a
1060 4436 1228 4511 corpore,
1262 4415 1357 4489 sicut
1391 4422 1579 4491 ostensum

406 4543 462 4612 est
478 4536 576 4612 XXV
593 4537 752 4633 capitulo
769 4536 988 4634 Purgatorll,
1007 4538 1252 4630 appressmrdo
1267 4531 1307 4611 sc*
1321 4538 1360 4610 al
1380 4557 1445 4609 suo
1460 4539 1580 4630 distre,

406 4658 509 4753 idest,
535 4656 824 4753 approximando
849 4675 998 4731 summo
1024 4656 1132 4751 bono,
1153 4654 1253 4751 quod
1278 4676 1409 4731 omnes
1429 4663 1582 4732 natura-

405 4776 489 4854 liter
514 4775 733 4870 desiderant,
760 4781 801 4849 ut
825 4776 956 4871 probat
981 4775 1074 4850 inira
1101 4794 1231 4849 versus
1256 4774 1368 4850 linem
1394 4774 1498 4851 istius
1517 4796 1582 4851 ca·

405 4898 521 4996 pituli,
552 4898 786 4991 siproscndo
812 4904 920 4990 muto,
946 4895 1049 4990 idest,
1076 4894 1201 4993 figitur
1230 4903 1374 4972 tantum
1400 4897 1448 4972 ad
1472 4897 1580 4992 intra,

406 5022 465 5095 cite
489 5024 586 5093 retro
611 5020 648 5090 la
664 5021 835 5093 memoria
852 5038 924 5091 noc
937 5008 1010 5110 puri
1026 5019 1091 5112 ire,
1111 5037 1186 5091 non
1204 5024 1321 5113 potest
1338 5019 1444 5113 sequi
1459 4998 1579 5115 ipsum

406 5140 644 5217 intellectum.
670 5139 719 5213 lit
739 5145 863 5214 tamen
888 5144 974 5213 nota
1000 5137 1101 5234 quod
1124 5136 1227 5211 nullo
1255 5136 1454 5234 intellectu,
1479 5130 1581 5214 nulla
