4575 6842
715 925 785 993 364
1104 937 1311 994 concavum
1335 939 1503 992 raannrsr

710 1084 798 1158 bent
823 1084 984 1158 colorem
1011 1084 1114 1158 velut
1137 1084 1169 1158 si
1193 1104 1307 1180 parva
1331 1083 1396 1159 lur
1421 1091 1633 1180 penetraret
1660 1084 1700 1159 in
1724 1085 1882 1160 multum

709 1204 848 1298 album,
874 1204 956 1279 ideo
982 1203 1099 1280 nitent
1123 1225 1210 1279 cum
1237 1211 1362 1280 tamen
1386 1205 1458 1279 sint
1472 1205 1584 1301 albae3
1601 1205 1685 1282 ideo
1701 1207 1796 1282 bene
1812 1228 1882 1283 au·

478 1335 483 1344 “
622 1371 624 1376 -
710 1330 769 1400 tor
792 1325 1005 1400 assimilavit
1029 1327 1156 1401 lunam
1181 1325 1392 1422 margarite
1408 1325 1447 1400 in
1466 1326 1687 1422 praecedenti
1711 1327 1881 1424 capitulo.

710 1485 759 1498 —
772 1446 950 1519 Percl’io.
978 1446 1043 1522 llic
1066 1447 1202 1522 nantes
1225 1444 1382 1520 ostendit
1414 1446 1502 1540 quid
1523 1452 1705 1522 'secutum
1735 1455 1792 1523 est
1815 1448 1880 1523 sibi

711 1585 757 1640 er
787 1565 997 1640 huiusmodi
1027 1565 1175 1640 visione.
1206 1567 1251 1640 Et
1279 1564 1365 1642 dicit
1395 1566 1568 1661 breviter,
1603 1567 1703 1662 quod
1735 1589 1783 1644 er
1812 1570 1881 1644 boc

711 1689 788 1784 ipse
812 1687 966 1763 incurrit
990 1707 1159 1762 errorem
1183 1687 1411 1762 contrarium
1443 1688 1562 1762 errori
1586 1689 1762 1764 Narcissi:
1788 1689 1882 1764 Nar·

711 1809 826 1883 cissus
847 1807 944 1882 enim
961 1801 1235 1883 crediditbuam
1254 1806 1452 1904 imaginem
1471 1815 1709 1902 apparentem
1727 1808 1765 1882 in
1782 1809 1881 1884 fonte

712 1948 793 2003 esse
818 1947 945 2000 veram
971 1926 1234 2022 substantiam3
1259 1933 1297 2002 et
1321 1927 1456 2002 Dentes
1473 1948 1571 2002 nunc
1596 1948 1620 2003 e
1644 1934 1773 2004 contra
1797 1935 1880 2004 cre'-

710 2048 818 2123 debat
851 2046 1071 2122 substantias
1103 2067 1223 2141 veras,
1253 2067 1337 2141 quae
1362 2049 1588 2143 apparebant
1613 2047 1775 2144 iulum,
1800 2069 1881 2126 esse

710 2167 887 2264 imagines
912 2187 1040 2242 rerum
1067 2174 1414 2263 repraesentaturum
1446 2168 1484 2242 in
1512 2189 1568 2244 ea.
1595 2171 1640 2243 Et
1663 2169 1710 2244 ad
1734 2171 1880 2266 plenam

710 2287 982 2385 intelligentiam
1010 2287 1112 2361 istius
1133 2287 1250 2362 literae
1266 2293 1323 2362 est
1338 2288 1459 2384 primo
1474 2288 1664 2364 sciendum
1681 2290 1781 2385 quod
1797 2290 1881 2364 Tbi·

709 2408 821 2483 resias
847 2406 933 2481 olim
960 2407 1224 2482 famosissimus
1246 2427 1371 2505 augur
1393 2407 1596 2485 incivitate
1615 2410 1879 2486 Thebarumin

709 2528 783 2602 vita
809 2526 908 2600 visus
933 2534 988 2602 est
1013 2527 1101 2602 dare
1133 2547 1222 2603 vera
1253 2548 1426 2622 respousa
1460 2529 1667 2624 petentibus
1696 2530 1795 2605 circa
1820 2530 1879 2605 iu-

710 2641 806 2740 tnra,
833 2654 875 2721 ut
898 2652 996 2742 patet
1022 2667 1087 2742 per
1112 2646 1270 2722 Statium
1296 2648 1333 2721 in
1357 2647 1403 2722 lll
1428 2655 1467 2723 et
1490 2648 1578 2723 inll
1603 2650 1816 2744 Thebaidos,
1842 2659 1879 2726 et

554 2799 558 2806 ·
708 2773 972 2864 postmortem
999 2765 1183 2862 similiter3
1212 2766 1309 2844 unde
1339 2770 1522 2845 Homerus
1547 2771 1595 2844 lll
1625 2771 1795 2868 Odyssea
1823 2772 1879 2846 in-

707 2888 807 2964 ducit
832 2886 1031 2962 Tbiresiam
1057 2887 1094 2961 iu
1120 2888 1264 2964 inierno
1287 2909 1375 2964 cum
1397 2910 1514 2966 aureo
1531 2897 1675 2987 sceptro
1700 2890 1737 2965 in
1764 2912 1877 2969 manu

708 3015 946 3104 apparentem
972 3007 1077 3103 Ulyxi
1103 3008 1304 3102 praedicere
1320 3002 1356 3102 (¹)
1383 3010 1451 3084 sibi
1483 3013 1599 3086 multa
1624 3011 1671 3088 de
1695 3012 1876 3108 periculis,

707 3127 893 3204 laboribus
919 3133 955 3201 et
981 3133 1102 3202 morte
1127 3127 1218 3201 eius.
1245 3127 1361 3225 igitur
1378 3130 1541 3226 primum
1562 3132 1773 3208 vaticinium
1793 3131 1876 3206 Tbi-

708 3248 813 3323 resiae
838 3247 905 3322 iuit
930 3245 976 3322 de
992 3245 1172 3341 Narcisso,
1190 3248 1254 3342 qui
1271 3255 1379 3323 natus
1390 3242 1428 3342 (²)
1446 3251 1483 3323 in
1502 3251 1654 3346 Gracia,
1672 3271 1766 3346 puer
1784 3251 1876 3328 mire

707 3369 900 3462 formosus,
918 3366 965 3442 de
984 3387 1060 3462 quo
1080 3374 1200 3442 mater
1217 3369 1366 3445 nomine
1385 3370 1528 3466 Liriope
1553 3371 1736 3447 consuluit
1761 3372 1876 3466 illum,

708 3494 835 3562 utrum
863 3485 957 3562 lilius
982 3493 1077 3562 esset
1093 3487 1260 3562 victurus
1278 3490 1459 3583 usquead
1476 3499 1644 3585 tempora
1660 3491 1871 3567 senectutis:

707 3607 769 3703 qui
798 3606 981 3701 respondit
1005 3607 1104 3700 quod
1129 3606 1181 3681 sic
1201 3607 1231 3682 si
1249 3628 1324 3683 non
1341 3617 1581 3707 cognosceret
1597 3631 1639 3686 se
1655 3612 1786 3706 ipsum.
1803 3613 1876 3686 lle·

708 3725 852 3825 sponsio
878 3728 955 3802 visa
980 3734 1035 3802 est
1060 3748 1155 3802 vana
1181 3734 1218 3803 et
1239 3728 1314 3802 risu
1333 3730 1460 3826 dignm
1479 3737 1604 3808 tamen
1620 3739 1776 3808 eventus
1792 3751 1876 3826 pro-

705 3850 805 3925 bavit
829 3849 1022 3925 veritatem
1042 3847 1106 3923 rei.
1125 3850 1217 3922 Nam
1234 3849 1424 3924 Narcissus
1439 3850 1557 3925 lactus
1571 3851 1720 3947 iuvenis
1744 3850 1876 3927 sende·

706 3970 777 4046 cim
803 3990 988 4044 annorum
1014 3988 1149 4065 magno
1174 3969 1294 4043 studio
1319 3967 1430 4044 dabat
1449 3988 1602 4064 operam
1621 3969 1804 4044 venationi
1816 3959 1874 4062 (⁸):
1993 4036 1999 4045 .

706 4089 834 4166 accidit
868 4110 959 4186 ergo
993 4089 1108 4164 semel
1133 4088 1233 4183 quod
1248 4077 1285 4180 (⁴)
1318 4088 1510 4163 Narcissus
1541 4089 1658 4164 lessus
1685 4089 1808 4164 calore
1838 4095 1876 4164 et

706 4205 832 4288 labore
857 4209 1024 4306 pervenit
1048 4209 1095 4283 ad
1120 4209 1257 4283 iontem
1276 4208 1538 4283 lucidissimum
1550 4202 1587 4303 (⁵)
1606 4209 1644 4283 in
1660 4211 1741 4284 looo
1756 4212 1884 4284 amoe·'

693 4311 864 4424 pissimo,
891 4335 929 4405 et
953 4328 1129 4403 inclinans
1154 4349 1195 4403 se
1219 4327 1267 4402 ad
1292 4327 1429 4403 undam
1462 4329 1570 4404 loutis
1602 4328 1650 4403 ad
1677 4327 1874 4403 sedandam

704 4453 800 4532 sitim
826 4452 976 4525 invasus
1001 4457 1056 4525 est
1080 4448 1128 4524 ab
1144 4448 1216 4523 alia
1239 4448 1297 4523 siti
1319 4448 1463 4544 peiore3
1483 4450 1670 4545 quoniam,
1688 4448 1765 4524 visa
1782 4448 1876 4523 ima-

703 4571 788 4668 gine
813 4592 880 4645 sua
912 4569 1133 4667 pulcerrima
1158 4569 1196 4642 in
1229 4589 1338 4664 aqua,
1369 4575 1503 4665 putans
1535 4590 1617 4644 esse
1643 4589 1721 4646 rem
1747 4589 1875 4644 veram

705 4713 777 4766 non
804 4691 989 4784 umbram,
1006 4696 1135 4784 eaptus
1152 4696 1208 4763 est
1226 4709 1356 4764 amore
1373 4689 1442 4783 sui,
1459 4697 1498 4764 et
1513 4689 1624 4784 coepit
1640 4687 1767 4764 mirari
1784 4707 1878 4763 ocu·

703 4812 758 4885 los
783 4832 870 4886 suos
895 4810 957 4904 qui
979 4808 1197 4884 videbantur
1215 4807 1291 4882 duo
1316 4808 1448 4902 sidera,
1469 4809 1617 4904 capillos
1643 4827 1788 4902 aureos,
1810 4809 1875 4902 qui

767 5072 795 5136 (⁸)
811 5071 841 5122 E.
858 5073 927 5136 quod
942 5075 995 5136 lpse
1012 5073 1154 5124 Narcissus.
1204 5072 1233 5135 (¹)
1249 5071 1280 5121 li.
1295 5071 1421 5122 lucidum.
