4575 6842
821 993 959 1050 caurus
984 993 1178 1050 sacunnus.
1513 985 1597 1052 347*

408 1143 446 1214 et
462 1136 621 1231 lallibile,
639 1137 703 1211 ubi
721 1157 850 1212 sensus
876 1137 962 1211 nibil
987 1143 1163 1232 operatur
1183 1137 1231 1212 ad
1248 1138 1493 1235 cognitionem
1516 1138 1581 1234 rei,

408 1277 495 1334 cum
521 1258 640 1333 omnis
666 1263 791 1333 nostra
816 1257 974 1354 cognitio
999 1257 1062 1332 liat
1087 1278 1110 1332 a
1135 1277 1257 1332 senso.
1275 1259 1369 1333 Dicit
1391 1279 1499 1357 ergo:
1517 1264 1586 1336 cllo

405 1383 539 1454 corrue
563 1383 743 1471 alquanto,
768 1377 872 1473 quasi
902 1378 1028 1454 volens
1057 1377 1182 1454 dicere
1208 1378 1328 1472 tacite,
1355 1400 1429 1453 non
1461 1382 1582 1454 solum
1679 1467 1685 1476 Ι

406 1501 580 1596 vulgares
605 1503 731 1574 errant
758 1497 954 1572 fabulando
979 1498 1026 1573 de
1051 1519 1096 1573 eo
1129 1499 1229 1593 quod
1260 1519 1359 1574 nunc
1390 1498 1492 1596 petis,
1520 1501 1583 1575 scd

408 1620 519 1696 ctiam
547 1619 670 1716 magni
695 1618 876 1714 sapientes
902 1618 1188 1714 philosophando
1216 1620 1264 1696 de
1294 1621 1363 1696 boc
1393 1627 1586 1696 errant:e

403 1743 468 1834 pot
486 1743 535 1812 ml
553 1743 664 1813 duce:
681 1742 707 1813 li
725 1743 829 1814 scalt
846 1742 1137 1831 d'cmntlruzton,
1155 1741 1258 1834 idest,
1276 1740 1427 1838 sagiptae
1443 1741 1502 1816 vel
1519 1741 1583 1815 sti-

409 1859 623 1952 malicorio
649 1879 720 1932 non
745 1862 771 1932 li
795 1861 943 1934 ἀθυνὶαη
961 1881 1115 1953 ponpa,
1133 1860 1226 1934 idest
1248 1861 1401 1936 turbare
1422 1861 1481 1936 vel
1502 1881 1584 1936 mo·

407 1979 542 2056 lestare
566 1980 731 2055 animum
763 1986 884 2075 tunm,
910 1983 1017 2071 ornat,
1044 1980 1148 2074 idest,
1173 1979 1354 2076 deinceps,
1381 1984 1444 2074 poi
1470 1984 1584 2055 dtelro

407 2105 445 2176 ui
468 2105 573 2193 sard,
597 2101 700 2195 idest,
733 2101 829 2176 ultra
861 2121 1001 2196 sensus,
1033 2123 1070 2174 sc
1095 2105 1131 2175 lo
1162 2105 1305 2194 minoe
1338 2105 1394 2175 dei
1425 2105 1580 2197 mortali,

406 2221 510 2316 idest,
536 2221 727 2296 bominum
754 2221 792 2294 in
816 2221 936 2314 terris,
954 2242 1054 2310 erra,
1072 2221 1175 2315 idest,
1194 2221 1342 2314 lallitur,
1359 2223 1448 2295 dove
1463 2224 1583 2295 ababa

406 2344 445 2416 dl
467 2362 570 2416 seruo
594 2361 668 2414 non
692 2343 863 2434 duscrrc,
893 2341 995 2437 idest,
1019 2341 1056 2416 iu
1082 2361 1124 2417 re
1149 2341 1262 2417 dubia
1288 2341 1406 2435 qualis
1430 2349 1487 2416 est
1502 2343 1583 2436 ista,

408 2481 493 2557 quat
526 2482 599 2536 non
624 2467 743 2556 potest
772 2461 1016 2536 demonstrari
1046 2482 1112 2558 per
1145 2481 1309 2555 sensum,
1344 2462 1449 2556 quasi
1473 2462 1580 2557 dicat,

408 2580 471 2655 ubi
496 2601 570 2656 non
595 2585 714 2676 potest
743 2580 871 2656 baberi
902 2581 1060 2678 cognitio
1090 2580 1137 2656 de
1169 2602 1212 2656 re
1244 2581 1427 2656 mediante
1458 2601 1581 2675 sensu,

407 2700 501 2776 sicut
526 2707 580 2776 cst
606 2701 643 2775 in
667 2703 835 2796 praescnti
862 2701 1057 2797 proposito,
1076 2702 1163 2797 quia
1180 2702 1281 2777 visus
1301 2701 1359 2776 vel
1382 2701 1478 2776 alius
1497 2721 1584 2776 sen·

408 2841 471 2896 sus
497 2825 621 2894 noster
644 2839 719 2894 non
743 2820 887 2917 attingit
911 2821 958 2896 ad
983 2821 1177 2896 videndam
1202 2821 1261 2896 vel
1288 2821 1580 2917 cognoscendam

408 2940 588 3015 rationem
606 2939 761 3014 istorum
780 2939 982 3036 signorum,
1000 2961 1084 3034 quae
1100 2947 1279 3036 apparent
1298 2940 1335 3014 in
1361 2940 1464 3033 luna,
1483 2939 1581 3016 unde

407 3059 525 3134 addit:
553 3062 631 3134 cedi
655 3062 715 3134 cte
739 3063 776 3133 la
800 3064 931 3152 rapion
954 3064 1001 3134 lta
1025 3069 1121 3135 corte
1145 3064 1177 3134 le
1201 3064 1264 3152 oli,
1288 3061 1390 3156 idest,
1417 3082 1490 3135 non
1515 3081 1582 3157 po-

407 3187 478 3256 test
503 3181 629 3256 volare
644 3181 691 3256 ad
708 3181 953 3278 cognitionem
974 3181 1085 3256 buius
1106 3182 1160 3256 rei
1177 3181 1256 3256 sine
1275 3201 1404 3275 sensu,
1426 3182 1508 3256 ideo
1525 3189 1581 3256 est

407 3302 630 3377 insufficiens
655 3301 748 3377 sicut
769 3302 891 3376 statim
908 3303 1101 3377 conabitur
1121 3302 1290 3397 probare.
1305 3343 1354 3356 —
1366 3307 1429 3375 lla
1449 3305 1580 3375 dromi.
1623 3309 1626 3315 ’

406 3423 472 3498 liic
497 3423 642 3497 Beatrix
671 3424 797 3498 volens
822 3423 1040 3517 impugnare
1065 3421 1274 3518 opinionem
1301 3442 1386 3516 quae
1411 3441 1607 3500 commu.

406 3543 502 3619 niter
528 3543 687 3618 babetur
721 3543 758 3618 in
788 3543 895 3619 terris
925 3542 1023 3637 apud
1053 3562 1209 3640 magnos
1237 3541 1435 3636 naturales,
1462 3542 1581 3637 primo

405 3665 494 3760 petit
518 3665 566 3739 ab
591 3671 725 3741 autore
748 3664 795 3740 de
820 3663 991 3759 opinione
1008 3683 1086 3754 sua,
1107 3662 1249 3737 dicens:
1273 3667 1336 3736 lla
1360 3665 1482 3736 dirum
1504 3666 1584 3755 puel

405 3787 465 3860 obe
490 3792 526 3859 lu
550 3788 600 3859 do
624 3793 655 3860 tc
678 3807 722 3858 nc
740 3788 855 3879 pensi,
888 3783 991 3879 quasi
1024 3783 1142 3858 dicat:
1172 3783 1268 3857 bene
1301 3782 1378 3856 scio
1409 3782 1507 3876 quod
1539 3789 1579 3857 tu

408 3889 519 3982 sentis
543 3926 629 3980 curn
655 3905 734 3982 aliis
757 3903 988 4000 pbilosophis,
1012 3902 1110 3976 unde
1134 3902 1310 3976 continuo
1335 3903 1502 3996 sequitur
1520 3923 1580 3978 re·

409 4025 554 4120 sponsio
579 4023 719 4100 autoris
743 4023 913 4099 dicentis:
939 4029 973 4096 ct
994 4025 1043 4113 io,
1064 4020 1203 4118 supple,
1222 4021 1401 4116 respondi,
1428 4022 1581 4097 credens

407 4145 530 4221 dicere
559 4165 691 4221 vorum
721 4144 820 4238 quod
855 4144 925 4218 boc
956 4142 1178 4238 procedebat
1209 4162 1234 4216 a
1268 4162 1354 4216 raro
1379 4148 1418 4216 et
1448 4141 1580 4235 denso;

408 4265 508 4340 unde
532 4266 640 4340 dicit:
666 4267 772 4339 credo
797 4267 856 4338 clre
879 4267 894 4338 i
917 4267 1017 4358 corpu·
1039 4267 1122 4338 ruri
1146 4285 1165 4336 e
1188 4265 1299 4353 densi,
1319 4261 1423 4357 idest,
1450 4262 1581 4336 raritas
1727 4295 1730 4299 f

408 4393 447 4462 et
470 4385 629 4460 densitas
654 4385 690 4458 in
716 4403 872 4479 corpore
888 4383 997 4479 lunae,
1020 4387 1134 4477 sonno
1150 4377 1205 4456 eid
1220 4385 1281 4456 alte
1298 4385 1492 4476 n’cpporc,
1510 4381 1581 4455 sci·

409 4505 503 4600 licet,
530 4505 633 4578 nobis
660 4503 868 4580 bominibus
893 4503 1131 4578 existentibus
1157 4503 1192 4576 in
1219 4509 1331 4592 terra,
1351 4505 1490 4576 diemo
1510 4520 1582 4601 quo

408 4645 462 4716 su,
488 4625 634 4717 scilicet,
659 4625 696 4699 in
729 4624 834 4719 coelo,
861 4623 911 4700 ila
941 4623 1039 4716 quod
1068 4623 1200 4698 raritas
1229 4623 1266 4696 in
1298 4643 1454 4717 corpore
1483 4624 1581 4697 lunae

408 4744 492 4820 lacit
518 4743 807 4837 umbrositatem,
829 4741 988 4837 spissitas
1003 4735 1039 4834 (¹)
1061 4761 1150 4816 vero
1169 4740 1404 4818 luciditatem.
1421 4743 1466 4817 Et
1479 4734 1517 4836 (¹)
1534 4741 1579 4816 ad

406 4864 517 4939 buius
541 4863 657 4938 literae
682 4862 901 4938 evidentiam
932 4867 986 4936 cst
1017 4860 1297 4957 advertendum,
1323 4862 1421 4957 quod
1455 4862 1580 4938 multo

471 5120 708 5186 pinamonte.
999 5117 1141 5182 pruma.
