4575 6842
713 948 853 1005 camus
876 950 1092 1005 emersurus
1116 952 1279 1009 annus.
1502 942 1575 1011 att

329 1106 349 1127 ⁰
403 1118 474 1172 uus
499 1096 628 1193 eripiet
641 1089 678 1189 (¹)
703 1094 771 1169 eibi
797 1097 952 1191 plumas,
976 1095 1080 1189 idest,
1106 1101 1329 1193 temporales
1357 1102 1513 1197 divitiu,
1533 1107 1578 1177 et

401 1218 499 1294 dabit
522 1218 730 1293 libertatem
756 1214 929 1290 ecciesiae
957 1214 1001 1287 ut
1029 1214 1194 1290 declarat
1222 1217 1342 1313 ipsum
1372 1221 1575 1317 principem

402 1338 571 1412 iutrrrum
596 1336 666 1409 sub
691 1334 874 1409 velamine
904 1334 1119 1429 verborum,
1145 1335 1289 1411 diceus:
1320 1340 1420 1413 ct’io
1452 1342 1575 1433 etauio

401 1464 619 1551 cauma,
640 1456 785 1530 siastra
811 1475 885 1528 nou
909 1454 1151 1548 mentiuntur,
1172 1450 1297 1550 eperd
1313 1462 1342 1533 u
1353 1481 1483 1554 uarro,
1502 1462 1575 1536 ad-

402 1578 486 1653 iicet
509 1576 574 1650 tibi
601 1582 642 1650 ut
668 1580 771 1649 netes
795 1581 833 1649 et
857 1573 1006 1668 scribas,
1032 1564 1094 1665 ard
1117 1578 1212 1649 seue
1232 1580 1441 1673 propinque,
1471 1579 1575 1674 idest,

403 1696 714 1772 constellationem
741 1716 826 1790 qua
855 1695 925 1770 erit
958 1695 1005 1770 de
1034 1695 1222 1792 proxim03
1248 1697 1375 1774 dicunt
1399 1700 1511 1795 aliqui
1536 1702 1574 1776 iu

402 1823 511 1893 oetate
535 1817 723 1910 saturnali,
748 1836 834 1911 quae
859 1815 1022 1891 reditura
1052 1822 1108 1891 est
1136 1816 1233 1891 sicut
1267 1818 1374 1895 rediit
1408 1827 1575 1918 tempore

401 1936 569 2033 Augusti,
594 1936 718 2031 steiiae,
743 1936 838 2029 dico,
863 1938 976 2010 cieure
999 1938 1034 2009 d'
1047 1939 1131 2028 equ
1153 1940 1309 2031 iateppa
1335 1939 1427 2015 ideat
1442 1932 1492 2036 (²),
1510 1962 1575 2017 oc-

401 2076 571 2151 cursu,e
605 2059 639 2129 d’
652 2058 738 2148 cerri
769 2057 912 2148 staua,
937 2056 1040 2151 idest,
1068 2078 1094 2131 a
1120 2060 1440 2156 transversamiue‚
1467 2062 1572 2157 quasi

400 2176 506 2271 dicat,
532 2198 692 2272 quarum
725 2174 910 2251 influentia
934 2175 1022 2251 nihil
1056 2164 1190 2271 poterit
1218 2179 1369 2256 obviare
1394 2183 1453 2255 vei
1479 2180 1572 2256 reei-

400 2303 509 2391 stare
534 2317 560 2369 a
583 2284 697 2370 durae
722 2304 847 2389 tempo,
872 2295 968 2391 felix,
994 2300 1052 2371 aet
1075 2301 1190 2390 quau,
1220 2298 1366 2393 scilicet,
1393 2307 1571 2396 tempore7

399 2438 448 2491 ua
472 2420 688 2508 dawccuaw
720 2419 813 2489 dteee
840 2438 859 2489 e
888 2420 1021 2507 daque,
1053 2416 1157 2510 idest,
1183 2439 1280 2491 uuus
1306 2417 1402 2514 dux3
1430 2441 1516 2494 nam
1542 2422 1573 2494 Ι)

400 2536 515 2613 semei
546 2537 684 2632 pesitus
716 2536 813 2632 apud
843 2536 1091 2611 arithmeticos
1126 2536 1305 2633 significat
1338 2538 1571 2637 quingentos,

401 2656 431 2731 V
457 2656 629 2752 importat
653 2657 828 2751 quinque,
848 2658 880 2729 X
897 2656 1038 2749 decem,
1060 2662 1097 2731 et
1114 2656 1193 2730 istae
1213 2663 1288 2731 trec
1304 2657 1419 2732 literae
1436 2660 1571 2735 consti-

401 2781 511 2849 tuunt
527 2776 624 2849 istud
646 2795 781 2851 nomeu
805 2776 894 2869 dux,
915 2796 1027 2850 mesco
1046 2779 1085 2851 di
1103 2779 1185 2869 Die,
1205 2777 1265 2850 hic
1281 2784 1336 2851 est
1353 2778 1413 2853 iiie
1431 2779 1572 2853 veitrus

401 2896 543 2992 sapiens
563 2896 698 2991 justus,
718 2896 765 2969 de
782 2916 857 2990 quo
884 2902 984 2971 tauta
1009 2896 1083 2971 dixi
1107 2898 1228 2992 prime
1244 2897 1403 2993 capitula
1424 2899 1569 2992 luterni,

401 3006 569 3090 medad
594 3018 631 3089 iu
652 3018 744 3110 suia,
771 3015 916 3111 scilicet,
943 3016 1177 3092 meretricem
1208 3037 1394 3113 maguam,
1424 3018 1570 3112 scilicet,

399 3137 650 3233 praelationem
676 3142 866 3231 pastorum
888 3136 1062 3229 ecciesiae,
1081 3158 1243 3231 quorum
1270 3158 1367 3213 uxor
1392 3146 1447 3213 eat
1472 3138 1569 3234 lupa,

401 3258 436 3333 iu
462 3259 513 3334 eis
539 3258 636 3333 euim
663 3257 761 3353 viget
786 3256 956 3331 avaritia:
985 3264 1022 3332 et
1046 3257 1097 3331 sic
1122 3256 1208 3331 dicit
1238 3257 1335 3332 idem
1368 3259 1405 3335 iu
1437 3258 1570 3334 effectu

399 3382 436 3455 iu
461 3381 530 3454 istu
557 3379 685 3453 ultime
710 3377 870 3473 capitulo
895 3377 1100 3475 Purgaterii
1132 3378 1232 3474 qued
1262 3378 1352 3454 dixit
1383 3379 1420 3453 in
1452 3379 1572 3473 prime

398 3499 551 3593 inierui3
577 3519 643 3571 eeu
669 3500 748 3589 quet
770 3501 924 3590 uiuente,
950 3498 1096 3592 scilicet,
1117 3519 1207 3595 rege
1231 3499 1405 3593 Francia,
1433 3502 1494 3573 cte
1509 3500 1572 3571 de·

399 3624 512 3713 ἱὺιᾳιιε
536 3640 602 3693 cea
627 3621 681 3713 tei,
702 3617 805 3713 idest,
822 3625 948 3713 peccat
972 3638 1099 3693 secum
1125 3619 1446 3696 fornicandu-it
1460 3624 1569 3714 serae.

398 3741 463 3815 liic
480 3738 625 3815 Beatrix
652 3744 805 3813 excusat
830 3758 871 3812 se
895 3736 942 3813 de
957 3738 1115 3811 obscura
1131 3737 1372 3833 doeeriptione
1390 3740 1476 3834 quia
1499 3738 1572 3814 cite

399 3858 522 3936 veniet
538 3857 701 3948 effeetus,
720 3857 784 3951 qui
805 3856 1003 3932 declarabit
1023 3856 1103 3931 eius
1122 3856 1259 3931 dictum
1281 3858 1452 3953 dubium3
1471 3857 1571 3933 unde

398 3979 503 4055 dicit:
531 3980 680 4071 Esaeae
704 3978 764 4050 cte
789 3979 825 4049 ta
841 3979 1040 4050 nemezion
1064 3977 1247 4066 mia-tuta,
1272 3977 1375 4069 idest,
1397 3978 1570 4069 obseura,

399 4122 478 4175 meu
502 4099 735 4192 tipcrcuade,
767 4095 869 4189 idest,
895 4095 1091 4191 persuadet
1118 4117 1181 4171 me
1205 4096 1268 4170 tibi
1293 4097 1462 4189 obscure,
1488 4099 1573 4187 qual

405 4223 499 4295 iamt
521 4240 540 4292 e
565 4220 689 4311 Sfiaqe.
717 4214 770 4291 dd
800 4217 868 4290 hee
899 4214 1174 4312 intelligendum
1202 4216 1314 4290 debes
1346 4215 1441 4290 scire
1471 4216 1570 4309 quod

400 4342 544 4418 Themis
576 4341 645 4414 iuit
676 4338 763 4414 oiim
796 4338 1047 4433 sacerdotissa,
1079 4359 1163 4433 quae
1194 4338 1303 4413 dabat
1328 4357 1501 4433 responsa
1531 4336 1570 4409 in

399 4472 526 4539 mente
550 4462 712 4535 Parnaso
738 4459 844 4534 valde
868 4459 1045 4534 obseura:
1067 4459 1164 4533 unde
1180 4467 1261 4555 pest
1284 4458 1372 4533 iliud
1389 4457 1568 4532 diluvium

400 4582 620 4678 particulare
645 4580 745 4675 quod
771 4580 838 4654 iuit
862 4578 949 4653 elim
980 4578 1017 4651 in
1042 4578 1183 4653 Graecia
1213 4578 1397 4673 respondit
1427 4579 1570 4652 Deuca-

398 4702 484 4776 licui
503 4700 579 4796 regi
598 4706 635 4774 et
653 4700 803 4796 Pyrrhae
828 4699 908 4774 eius
935 4698 1042 4772 uxori
1062 4698 1336 4773 consulentuus
1353 4698 1400 4772 de
1418 4718 1569 4792 repara-

398 4822 498 4896 tione
523 4820 715 4894 heminum
733 4819 961 4915 perditorum
980 4839 1027 4893 ex
1043 4840 1153 4914 aqua,
1172 4819 1272 4914 quod
1289 4820 1474 4914 jactarent
1488 4840 1570 4893 essa

460 5080 487 5141 (Ὃ
503 5080 538 5153 Fu¹
552 5081 643 5144 mpiet-
893 5080 921 5145 (¹)
938 5082 969 5133 E.
986 5082 1058 5142 idest,
1076 5082 1191 5133 incursu.

533 5186 571 5231 lv.
1411 5191 1436 5231 le
