4575 6842
722 945 864 1002 caurus
887 947 1102 1001 raronsruns
1127 947 1292 1002 amaros.
1515 935 1585 1001 271

417 1098 543 1167 noster
559 1090 725 1166 incurret
740 1112 926 1185 somnum,
937 1091 996 1166 vel
1013 1090 1121 1165 saciet
1138 1091 1322 1165 somnium
1340 1091 1377 1165 in
1392 1097 1466 1166 tota
1481 1090 1587 1168 tertia

418 1217 523 1305 parte
548 1210 718 1285 paradisi.

491 1334 600 1424 Suppi
615 1333 676 1405 cle
687 1333 712 1405 't
728 1352 825 1405 uaso.
843 1331 914 1405 uta
931 1336 987 1405 est
1002 1329 1164 1405 secunda
1181 1321 1324 1425 pared),
1342 1328 1471 1424 inqua
1488 1350 1588 1406 nune

419 1450 564 1526 Beatrix
582 1450 743 1547 prodicit
760 1460 877 1547 poetae
891 1450 1084 1526 vindictam
1104 1458 1349 1545 sequuturam
1366 1450 1405 1525 in
1421 1450 1524 1527 brevi
1541 1452 1589 1527 ad

417 1572 595 1648 offensam
613 1572 794 1667 ecclesiae3
813 1580 850 1647 et
875 1578 1044 1668 repetens
1068 1572 1157 1647 illud
1183 1572 1281 1666 quod
1306 1572 1445 1645 dietum
1470 1578 1527 1646 est
1551 1571 1589 1646 in

417 1692 637 1788 precedenti
662 1691 819 1787 capitulo
840 1691 886 1767 de
905 1692 1076 1785 dracone,
1103 1691 1210 1767 dicit:
1236 1695 1357 1785 Soppt,
1382 1691 1488 1786 idest,
1504 1692 1589 1766 volo

418 1820 455 1887 te
471 1812 576 1906 seire,
597 1814 656 1886 ote
672 1814 699 1886 'l
712 1833 812 1903 truso,
828 1812 974 1907 seilicet,
995 1834 1141 1907 currus,
1163 1815 1262 1886 cde'l
1283 1821 1441 1905 serpente
1462 1817 1589 1906 ruppe,

417 1932 565 2027 quando
589 1931 668 2006 lixit
692 1932 849 2007 caudam
875 1932 970 2007 inter
993 1934 1122 2007 ambas
1145 1939 1257 2026 rotas,
1275 1932 1379 2027 quasi
1396 1932 1503 2026 dicat,
1525 1952 1588 2009 ec-

416 2051 525 2126 elesia
552 2073 666 2146 quam
692 2054 956 2127 Machamettus
981 2052 1100 2127 divisit
1120 2058 1158 2127 et
1181 2072 1307 2127 seeum
1335 2052 1446 2126 traxit
1471 2052 1589 2127 maio-

356 2192 361 2199 ·
417 2191 498 2247 rem
523 2180 679 2267 partem,
705 2172 754 2246 ita
780 2173 878 2267 quod
906 2172 1023 2247 maior
1048 2194 1133 2267 pars
1165 2172 1355 2248 meliorem
1384 2172 1479 2264 vicit,
1503 2175 1545 2267 su
1571 2194 1590 2246 e

415 2312 489 2365 aon
505 2288 544 2386 ἐς
561 2299 598 2368 et
616 2294 673 2367 hio
691 2300 776 2368 nota
788 2285 825 2385 (ἢ
846 2294 940 2369 bene
958 2294 1056 2388 quod
1075 2292 1237 2367 nonnulli
1256 2292 1462 2387 peritissimi
1481 2292 1589 2368 intel-

415 2412 586 2488 lexerunt
611 2413 717 2488 istam
743 2412 888 2488 literam
914 2413 976 2507 sic,
1002 2412 1101 2508 qnod
1123 2411 1280 2487 ecclesia
1300 2412 1366 2487 liei
1391 2412 1500 2487 luerit
1525 2433 1589 2488 ec·

417 2532 525 2608 clesia
551 2540 637 2609 ante
661 2533 900 2627 Bonifatium,
918 2534 982 2609 sod
999 2541 1167 2629 tempore
1183 2533 1357 2607 Boniiacii
1380 2554 1454 2607 non
1478 2534 1589 2609 luerit

418 2653 581 2747 eeclesia,
600 2654 698 2748 quia,
716 2661 759 2728 ut
775 2654 912 2748 dicunt,
931 2675 1003 2728 non
1021 2654 1089 2729 init
1109 2660 1210 2729 recte
1226 2674 1333 2749 papa,
1346 2654 1432 2748 quia
1450 2656 1589 2729 eleetos

417 2792 483 2868 per
505 2773 684 2849 fraudem.
699 2775 769 2850 Sed
786 2776 954 2869 quamvis
968 2775 1034 2849 ista
1052 2774 1229 2869 expositio
1247 2775 1418 2851 videatur
1435 2776 1588 2871 subtilis,

419 2912 491 2967 non
509 2900 704 2969 esttamen
722 2914 828 2988 sana3
846 2894 927 2969 ideo
950 2894 1143 2971 dicendum
1166 2900 1222 2969 est
1238 2894 1300 2989 sic,
1318 2895 1417 2989 quod
1434 2896 1588 2971 ecclesia

419 3012 485 3087 luit
509 3013 718 3109 simpliciter
747 3022 785 3090 et
815 3036 913 3089 nunc
943 3021 997 3090 est
1027 3016 1230 3090 seeundum
1265 3015 1374 3111 quid3
1405 3000 1492 3111 quia
1522 3016 1589 3091 luit

418 3134 520 3228 prius
537 3133 651 3209 libera
669 3155 767 3209 nunc
785 3155 875 3210 vero
891 3156 997 3210 serva
1016 3136 1085 3209 sub
1107 3135 1299 3231 tyrannide
1315 3136 1481 3232 gigantis.
1504 3137 1590 3211 ldeo

416 3255 536 3330 statim
563 3255 750 3353 subiungit
778 3255 986 3350 vindictam,
1016 3255 1156 3350 dicens3
1188 3276 1248 3327 ma
1277 3258 1331 3327 ciri
1359 3257 1454 3328 u’lra
1487 3259 1590 3350 culpo

416 3378 609 3449 medarde
636 3380 793 3449 vendetur
816 3378 854 3448 dt
879 3378 947 3449 Dm
978 3396 1050 3449 aon
1081 3383 1168 3448 teme
1195 3396 1313 3467 ruppe.
1341 3375 1384 3448 Et
1417 3376 1476 3451 hie
1502 3383 1590 3453 nota

265 3591 266 3594 p
416 3495 516 3590 quod
542 3495 610 3570 ista
634 3496 739 3571 litera
765 3502 883 3592 potest
900 3495 1049 3591 intelligi
1067 3495 1270 3590 dupliciter,
1290 3494 1436 3590 seilicet,
1453 3497 1502 3572 de
1518 3497 1591 3571 Bo-

417 3616 549 3691 nisaeio
566 3616 769 3692 secundum
788 3618 944 3712 primam
964 3616 1241 3711 expositionem,
1255 3616 1319 3711 qui
1338 3616 1467 3692 iraude
1482 3617 1590 3693 adul-

308 3725 310 3729 ’
418 3737 550 3812 teravit
575 3738 784 3831 eeclesiam
803 3745 841 3813 et
859 3736 911 3811 sic
928 3736 1134 3810 Bonifatius
1160 3736 1255 3811 bene
1279 3737 1347 3810 luit
1367 3758 1515 3832 poenam
1533 3737 1589 3811 di-

416 3879 528 3955 gnam
546 3858 634 3952 quia
653 3858 780 3933 rabida
798 3864 919 3932 morte
940 3856 1092 3951 perdidit
1118 3863 1311 3952 papatum:
1338 3862 1456 3952 potest
1476 3859 1588 3933 etiam

417 3978 567 4076 intelligi
592 3980 639 4055 de
664 3979 824 4075 Philippo
841 3999 941 4074 rege,
959 3978 1023 4071 qui
1042 3977 1126 4053 iecit
1142 3977 1334 4052 ecclesiam
1355 3998 1502 4053 servam
1525 3999 1590 4073 pa-

418 4101 586 4177 ciscendo
600 4090 637 4195 (³)
658 4100 814 4195 turpiter
834 4119 919 4174 cum
933 4099 1139 4193 Clemente;
1157 4104 1195 4174 et
1212 4098 1263 4172 sic
1276 4097 1459 4194 Philippus
1476 4098 1588 4173 etiam

418 4220 455 4294 in
481 4220 585 4296 brevi
611 4221 678 4295 luit
702 4242 862 4316 poenam,
889 4220 983 4295 sicut
1012 4226 1118 4315 poeta
1144 4218 1315 4294 describit
1339 4219 1499 4294 Paradisi
1526 4240 1589 4295 aa·

418 4340 533 4435 pitulo
559 4340 650 4414 lllll.
677 4342 769 4415 Nota
799 4341 909 4415 etiam
936 4341 1035 4435 quod
1067 4340 1104 4413 in
1135 4339 1319 4414 Florentia
1348 4340 1488 4415 solebat
1508 4360 1590 4415 esse

418 4460 587 4555 quaedam
613 4460 733 4556 opinio
759 4480 873 4556 prava
900 4459 1017 4554 firma,
1043 4458 1142 4554 quod
1173 4459 1203 4533 si
1235 4459 1318 4554 quis
1350 4466 1494 4556 poterat
1526 4468 1591 4535 oo·

418 4579 568 4655 medere
592 4580 703 4655 ollam
733 4600 845 4675 super
876 4600 1010 4674 corpus
1043 4578 1222 4653 interlecti
1251 4600 1274 4653 a
1304 4599 1357 4668 se,
1383 4599 1588 4673 numquam

417 4700 575 4794 amplius
600 4700 710 4775 tiebat
742 4701 898 4775 vindicta
927 4700 973 4774 de
1005 4700 1066 4775 illo
1093 4700 1174 4794 tali;
1202 4706 1239 4776 et
1271 4700 1340 4775 hou
1370 4700 1536 4775 iecerunt
1551 4688 1591 4794 (⁸)

480 4929 507 4992 (¹)
525 4934 570 4980 117
586 4942 601 4980 e
617 4929 647 4980 E.
665 4943 724 4993 pars
740 4932 874 4994 generalis,
891 4932 919 4981 in
934 4944 995 4997 qun.

480 5006 507 5068 θ)
526 5009 578 5065 117,
595 5011 635 5057 eat
650 5007 835 5058 advertendum
852 5010 925 5059 bene.
1050 5008 1077 5071 (⁸)
1093 5009 1123 5061 E.
1140 5010 1297 5074 pacificando
1313 5014 1432 5075 turpiter.

482 5082 509 5146 (⁸)
527 5086 579 5144 117,
598 5082 717 5134 imernnt
733 5084 869 5149 aliquando
885 5086 965 5150 aliqnl
981 5085 1081 5138 famosi.
