4575 6842
744 971 883 1030 camus
907 975 1099 1032 videamus
1123 974 1300 1042 Qudnam.
1560 962 1607 1028 75

439 1117 537 1214 quod
563 1119 698 1194 Dentes
722 1118 843 1196 iuerat
867 1118 1081 1196 mirabiliter
1104 1126 1308 1215 amoratus,
1324 1125 1363 1195 et
1382 1121 1520 1196 fecerat
1539 1141 1609 1195 no-

437 1237 528 1314 bitas
553 1239 739 1314 cantiones
763 1238 810 1314 de
834 1257 980 1333 amore3
1001 1238 1396 1334 ideo10quiturdeeo
1415 1246 1607 1335 tamquam

438 1359 487 1435 dc
512 1359 671 1454 quodam
698 1357 818 1452 tortio,
843 1357 985 1434 dicens:
1004 1378 1074 1456 ego
1099 1359 1246 1454 qnidam
1272 1358 1347 1433 diri
1372 1360 1435 1434 tibi
1459 1359 1508 1435 do
1532 1379 1608 1454 qno

440 1478 744 1562 murmurabam:
762 1481 825 1552 Ma
849 1479 910 1570 dt,
924 1477 1026 1573 idest,
1044 1478 1108 1554 sed
1134 1486 1176 1554 tu
1200 1479 1258 1554 dic
1275 1478 1375 1574 mihi,
1391 1483 1467 1554 s'to
1483 1481 1607 1571 osopio

441 1601 501 1692 qai
527 1601 630 1689 colui,
658 1595 805 1691 scilicet,
839 1596 1017 1672 Dantem:
1043 1604 1150 1674 erant
1174 1597 1273 1673 enim
1305 1598 1355 1673 ibi
1385 1605 1460 1674 tres
1490 1603 1608 1694 poete

441 1718 520 1794 sinc
544 1737 664 1813 poena,
689 1715 753 1793 sed
778 1717 877 1792 solus
901 1718 1036 1792 nantes
1059 1717 1177 1813 vivus,
1195 1739 1308 1813 quem
1333 1719 1402 1794 iste
1425 1719 1521 1794 bene
1545 1737 1610 1792 oo-

441 1837 655 1936 gnoscebat:
682 1837 781 1912 unde
804 1836 908 1912 dicit:
934 1839 1268 1932 adcommodasse,
1294 1837 1397 1934 idest,
1423 1838 1460 1912 in
1489 1837 1610 1934 pubii-

441 1979 540 2052 cum,
566 1961 597 2032 a
620 1979 732 2032 nuovo
755 1960 844 2032 mne
860 1961 1122 2049 commeando,
1146 1979 1261 2033 unam
1286 1958 1609 2053 contionemque

441 2078 582 2175 incipit:
608 2083 735 2152 Donec
759 2081 809 2154 ct'
823 2085 922 2152 ovete
942 2081 1102 2154 coemto
1128 2081 1163 2153 d’
1175 2099 1299 2152 omme
1321 2083 1364 2152 10
1388 2083 1443 2152 oo’
1460 2100 1528 2152 coa
1552 2081 1612 2153 vot

440 2201 532 2274 detto
557 2203 630 2276 mio
653 2205 784 2274 Dauno
804 2202 882 2274 dira
906 2203 974 2276 etc.
1001 2199 1046 2272 Et
1070 2199 1192 2274 subdit
1211 2204 1318 2296 poeta
1334 2219 1441 2274 suam
1459 2219 1611 2295 respon-

440 2319 593 2415 sionem,
632 2321 698 2396 etsi
736 2320 965 2417 Bonaginntn
1003 2320 1125 2396 iuerat
1163 2320 1309 2396 locutus
1346 2327 1467 2415 caute,
1504 2321 1609 2415 quasi

440 2438 563 2516 dicens
597 2441 729 2516 tacita:
767 2461 807 2516 as
845 2447 883 2515 tn
918 2440 1148 2536 illabentes,
1174 2440 1239 2535 qui
1268 2446 1344 2516 tam
1373 2440 1524 2537 egregie
1553 2440 1609 2516 to-

441 2567 550 2635 cutns
575 2560 672 2635 inisti
697 2561 743 2638 de
780 2561 933 2637 materia
958 2559 1122 2636 amoris?
1158 2561 1239 2655 lpse
1278 2559 1471 2656 respondet
1502 2567 1611 2636 caute

442 2685 481 2756 et
503 2681 666 2776 honeste,
691 2682 826 2776 dicens,
853 2679 952 2776 quod
976 2679 1128 2776 scripsit,
1149 2678 1352 2754 secundnm
1379 2679 1478 2774 qnod
1502 2699 1610 2754 amor

442 2799 589 2876 dictavit
618 2801 695 2876 sibi.
722 2801 814 2877 Dicit
847 2821 957 2898 argo:
987 2807 1021 2874 et
1050 2802 1086 2873 io
1117 2819 1142 2872 a
1176 2801 1237 2890 toi,
1262 2798 1390 2894 supple
1422 2798 1610 2894 respondi:

442 2923 478 2994 to
502 2923 550 2994 mi
573 2942 638 2996 son
669 2943 717 2996 aas
748 2923 822 3013 cte,
847 2921 989 3013 quando
1018 2922 1148 2992 Amore
1179 2920 1293 3011 spiro,
1326 2917 1429 3011 idest,
1461 2917 1612 3014 inspirat

444 3039 556 3134 mihi3
582 3047 619 3116 et
648 3062 721 3116 non
751 3039 928 3138 inteiligas
959 3039 1005 3114 dc
1033 3057 1164 3113 amore
1191 3037 1323 3113 divine
1352 3038 1492 3134 gratiae,
1517 3037 1611 3113 sicut

445 3158 593 3254 quidam
612 3159 700 3236 salso
717 3166 979 3257 exposuerunt,
1001 3158 1116 3234 immo
1133 3158 1181 3234 de
1195 3178 1326 3234 amore
1341 3158 1496 3253 lasciv03
1514 3166 1612 3249 noto,

444 3279 589 3374 scilicet,
614 3281 651 3354 in
683 3288 819 3376 mente,
848 3303 868 3356 a
899 3301 944 3355 oo
972 3281 1217 3374 opniptcondo,
1246 3285 1352 3356 extra
1382 3299 1450 3375 per
1482 3299 1613 3354 versus

443 3399 591 3493 amoris,
608 3421 633 3474 α
652 3404 731 3492 quat
753 3403 857 3476 modo
881 3403 942 3475 cte
965 3402 1059 3475 detta
1082 3401 1222 3491 dentre
1239 3398 1385 3493 scilicet,
1406 3399 1610 3474 secundum

443 3517 542 3613 qnod
566 3518 643 3614 ipse
666 3540 775 3596 amor
799 3520 1001 3596 inflammat
1027 3540 1111 3613 me3
1136 3518 1231 3594 sicut
1255 3519 1342 3594 olim
1359 3518 1486 3615 Apollo
1511 3518 1613 3594 dicc-

441 3636 551 3712 batur
585 3637 723 3716 intrare
755 3647 904 3735 pectora
940 3645 1148 3736 poetarum,
1178 3644 1216 3713 et
1247 3638 1386 3714 dictare
1417 3637 1613 3714 materiam

441 3756 729 3834 describendam.
755 3760 800 3834 Et
831 3759 889 3835 hic
915 3765 1012 3853 nota,
1037 3756 1137 3853 quod
1162 3757 1249 3832 oiim
1279 3757 1349 3832 init
1379 3755 1612 3832 solummodo

443 3875 626 3954 dictamen
650 3877 792 3954 literato
816 3885 891 3954 tam
917 3878 955 3953 in
981 3891 1092 3974 prosa·
1114 3897 1228 3972 quam
1254 3876 1291 3952 in
1316 3883 1460 3951 metro:
1487 3881 1613 3973 postea

444 3996 539 4072 torte
563 4019 586 4072 a
611 3997 777 4073 ducentis
800 3998 905 4074 annis
929 3998 1021 4073 citra
1046 3997 1237 4073 inventum
1255 4001 1311 4072 est
1329 3995 1512 4071 dictamen
1529 3995 1614 4070 vnt-

444 4137 548 4214 gare,
573 4123 610 4191 et
635 4116 702 4192 init
725 4138 750 4193 a
773 4116 949 4213 principio
973 4116 1163 4192 inventum
1184 4135 1254 4211 pro
1278 4115 1434 4192 materia
1453 4113 1611 4208 amoris,

444 4238 592 4314 sedhic
625 4244 731 4334 poeta
757 4238 875 4334 ipsum
902 4237 1116 4314 mirabiliter
1148 4236 1259 4313 traxit
1271 4227 1309 4329 (¹)
1340 4235 1387 4310 ad
1419 4234 1611 4310 materiam

443 4357 747 4452 honestissimam,
765 4357 882 4452 qualis
899 4357 1008 4434 estin
1025 4377 1093 4432 suo
1114 4362 1294 4454 poemata.
1307 4359 1404 4430 -0
1424 4359 1531 4450 aaa.
1548 4354 1614 4430 iiic

445 4484 552 4574 poeta
577 4477 744 4573 ostendit,
769 4477 955 4574 quomodo
972 4477 1202 4574 Bonnginntn
1219 4475 1358 4552 extoitit
1374 4495 1476 4569 eum,
1492 4481 1530 4550 et
1548 4475 1613 4550 dat

444 4598 511 4674 sibi
541 4601 701 4695 palmam
733 4619 845 4694 super
878 4617 1008 4674 omnes
1039 4603 1368 4693 contemporaneos
1392 4595 1611 4671 inventores.

444 4717 546 4794 Unda
569 4719 673 4794 dicit:
699 4719 860 4810 discuti
867 4743 883 4811 ;
907 4717 968 4792 ilie
984 4716 1227 4812 Bonagiunta,
1242 4719 1317 4790 isso
1333 4717 1431 4808 ocpff
1442 4718 1492 4806 to,
1510 4713 1613 4808 idest,

444 4858 544 4913 nnnc
569 4837 674 4914 video
699 4845 737 4913 et
761 4857 954 4936 cognosco,
980 4839 1008 4912 tt
1038 4838 1144 4929 nodo,
1170 4835 1273 4930 idest,
1300 4835 1615 4931 impedimentum,

508 5085 536 5150 υ)
553 5087 607 5145 11⁷,
625 5083 745 5136 innunt
