4575 6842
696 970 777 1077 tsi!
1086 980 1291 1039 cononum
1315 980 1480 1037 rranmsr

695 1127 790 1203 bene
815 1124 970 1221 exprimi
996 1146 1119 1223 graece
1144 1127 1202 1201 vel
1228 1126 1350 1219 latine,
1367 1125 1431 1200 sed
1458 1131 1582 1199 tamen
1608 1124 1765 1203 dicimus
1790 1123 1873 1201 Sal·

695 1255 827 1343 vator3
852 1268 991 1321 sennua
1015 1249 1178 1321 dietroc
1203 1250 1294 1340 puni,
1322 1246 1414 1321 idest
1429 1239 1479 1339 (¹),
1506 1244 1574 1319 illis
1599 1244 1796 1340 spiritibus,
1814 1247 1874 1319 cle

691 1364 755 1464 piri
777 1372 930 1443 innanzi
963 1371 1150 1463 apperire,
1192 1366 1338 1461 scilicet,
1373 1366 1515 1460 Carolo,
1551 1364 1716 1459 Cupitiae,
1747 1366 1872 1458 Fulco,
1930 1428 1932 1433 .

696 1490 816 1584 Raab3
834 1481 875 1583 sl,
893 1487 996 1582 idest,
1016 1495 1091 1563 tam
1116 1486 1283 1581 dulciter,
1301 1488 1362 1561 cte
1383 1506 1497 1578 unque
1518 1488 1581 1579 poi
1604 1506 1677 1561 non
1695 1489 1749 1581 sni
1763 1508 1874 1565 senaa

697 1613 808 1685 distre
833 1612 871 1683 di
893 1612 1053 1703 mnndum
1078 1608 1183 1703 quasi
1208 1608 1315 1702 dicat,
1342 1607 1442 1703 quod
1466 1627 1612 1703 semper
1630 1614 1756 1703 postea
1779 1608 1874 1683 desi·
1933 1660 1935 1667 >

696 1730 838 1805 deravit
864 1728 1053 1822 reaudire,
1072 1749 1158 1802 nam
1177 1727 1206 1801 si
1226 1726 1465 1803 mercuriales
1482 1747 1595 1823 supra
1612 1727 1767 1803 dulciter
1784 1748 1873 1803 can·

698 1858 870 1927 taverunt
895 1852 989 1925 banc
1013 1849 1221 1923 cantionem
1247 1847 1283 1921 iu
1310 1868 1471 1942 recessu,
1497 1854 1636 1941 quanto
1652 1847 1795 1923 dulcius
1813 1848 1871 1923 isti

699 1968 846 2045 venerei
874 1968 910 2041 in
934 1971 1106 2043 accessu!
1287 2038 1290 2045 ,
1827 1964 1834 2043 ζ

771 2091 853 2163 Indi
875 2090 1010 2182 sisere.
1037 2088 1108 2161 lsta
1134 2093 1190 2161 est
1215 2086 1376 2161 secunda
1403 2108 1488 2183 pars
1513 2086 1707 2183 generalis,
1733 2072 1776 2161 in
1797 2108 1872 2181 qua

699 2210 833 2284 Dantes
859 2208 897 2282 in
922 2207 1098 2305 singulari
1124 2206 1322 2282 introducit
1349 2229 1466 2282 unum
1492 2208 1661 2303 spiritum
1694 2208 1872 2283 illustrem

699 2330 920 2405 modernum
946 2329 992 2405 de
1017 2349 1124 2423 spera
1149 2328 1313 2403 Veneris.
1348 2330 1391 2402 Et
1424 2329 1470 2404 ad
1490 2329 1733 2426 coguitionem
1768 2329 1873 2403 istius

699 2458 736 2527 et
753 2471 908 2525 suorum
927 2450 1039 2525 debes
1055 2449 1175 2543 primo
1193 2448 1298 2542 scire,
1313 2449 1412 2543 quod
1430 2449 1626 2523 Carolusll
1650 2448 1744 2523 iilius
1763 2447 1871 2544 primi

700 2571 756 2647 vir
792 2570 1036 2665 pulcerrimus
1070 2588 1226 2664 corpore
1261 2574 1298 2643 et
1331 2568 1544 2644 luxuriosus
1575 2568 1693 2663 valde,
1727 2566 1880 2646 vivente¹

700 2697 814 2788 patre,
845 2698 882 2765 et
916 2696 996 2785 post
1029 2697 1187 2765 mortem
1222 2688 1346 2783 patris,
1373 2687 1500 2765 babuit
1533 2690 1667 2764 multos
1700 2687 1793 2763 lilios
1826 2706 1872 2763 ex

699 2812 812 2886 llaria
843 2809 915 2884 lilia
945 2810 1116 2904 Stephani
1152 2809 1249 2905 regis
1286 2809 1507 2905 Hungariae:
1534 2830 1694 2903 quorum
1732 2808 1873 2904 primus

701 2934 769 3007 luit
794 2932 947 3006 Carolus
971 2930 1169 3025 Martellus,
1190 2929 1254 3025 qui
1272 2937 1520 3024 premortuus
1537 2936 1592 3005 ast
1611 2929 1721 3026 patri;
1739 2948 1873 3004 secun-

700 3054 769 3128 dus
803 3051 870 3125 luit
898 3050 1116 3145 Ludovicus,
1153 3051 1208 3124 vir
1241 3049 1407 3145 simplex,
1440 3050 1575 3125 inutilis
1607 3050 1757 3142 mundo,
1791 3048 1872 3122 ideo

702 3176 819 3249 lactus
844 3178 898 3247 est
923 3172 1037 3247 irater
1063 3171 1207 3265 minor,
1239 3171 1368 3245 tertius
1400 3172 1583 3247 Rubenius
1613 3171 1675 3266 qui
1706 3171 1774 3245 luit
1806 3190 1872 3245 rex

701 3302 781 3391 post
806 3300 961 3389 patrem,
981 3298 1017 3367 et
1034 3292 1125 3366 alios
1150 3293 1284 3387 plures.
1306 3292 1460 3366 Carolus
1485 3312 1575 3389 ergo
1593 3290 1871 3389 primogenitus

701 3421 946 3511 cognomento
971 3412 1169 3506 Martellus,
1190 3411 1337 3507 juvenis
1365 3432 1508 3508 magnae
1533 3412 1671 3505 indolis,
1692 3411 1760 3485 iuit
1785 3430 1873 3486 vere

702 3535 797 3610 iilius
821 3534 974 3608 Veneris
998 3532 1085 3628 quia
1114 3552 1321 3628 amorosus,
1348 3533 1543 3630 gratiosus,
1574 3554 1702 3630 vagus,
1735 3532 1873 3606 babens

701 3656 739 3730 in
764 3677 804 3731 se
829 3654 994 3750 quinque
1017 3654 1206 3729 invitantia
1234 3654 1421 3729 bominem
1447 3654 1493 3729 ad
1519 3674 1699 3749 amorem,
1726 3654 1873 3748 scilicet,

701 3775 906 3868 sanitatem,
932 3772 1227 3870 pulcritudinem,
1258 3773 1495 3869 opulentiam,
1521 3774 1651 3867 otium,
1676 3779 1714 3848 et
1740 3775 1873 3868 juren-

701 3902 831 3970 tutem.
857 3895 949 3968 Cum
982 3893 1052 3968 isto
1082 3894 1216 3969 Dantes
1248 3893 1376 3968 babuit
1406 3902 1547 3969 certam
1577 3893 1872 3987 familiaritatem,

702 4036 788 4091 cum
816 4014 970 4090 venisset
995 4014 1108 4088 semel
1135 4013 1357 4089 Florentiam
1384 4034 1469 4090 cum
1496 4016 1662 4091 ducentis
1674 4014 1873 4111 juvenibus

562 4207 565 4211 s
702 4134 876 4210 militibus
900 4134 1071 4210 accinctis
1096 4133 1133 4207 in
1159 4134 1237 4228 pari
1263 4134 1387 4210 babitu
1415 4136 1584 4229 vestium,
1603 4146 1641 4213 et
1663 4138 1768 4230 equis
1793 4156 1873 4209 ma-

701 4256 833 4354 gnilica
857 4254 996 4329 ornatis
1016 4273 1122 4327 more
1142 4254 1392 4349 neapolitau03
1410 4275 1524 4349 quem
1543 4255 1773 4331 mirabantur
1801 4256 1872 4329 illae

702 4378 866 4468 sirenes3
896 4381 932 4449 et
963 4395 1049 4448 cum
1076 4374 1206 4469 plausu
1234 4381 1405 4469 receptus
1430 4381 1485 4449 est
1509 4396 1532 4449 a
1557 4375 1777 4450 florentinis:
1809 4395 1875 4450 ve-

703 4506 810 4573 nerat
835 4496 931 4571 enim
966 4494 1112 4569 obviam
1148 4496 1252 4590 patri,
1279 4495 1349 4590 {qut
1382 4495 1523 4571 redibat
1553 4496 1599 4571 de
1629 4496 1755 4591 Gallia,
1782 4497 1874 4573 iacta

704 4638 794 4714 pace
819 4636 906 4691 cum
932 4616 1080 4689 domino
1106 4616 1241 4691 Iacobo
1267 4635 1357 4713 rege
1381 4615 1607 4712 drogonum,
1631 4616 1730 4711 apud
1761 4636 1873 4712 quem

702 4737 859 4812 babebat
885 4743 959 4811 tres
985 4734 1076 4810 lilios
1101 4735 1256 4831 obsides,
1283 4736 1419 4811 scilicet
1443 4736 1659 4831 liebertum,
1684 4738 1879 4833 Raymum

608 4950 612 4959 Ι
703 4857 792 4930 dum
819 4864 857 4932 et
880 4857 1101 4931 iohannem:
1119 4876 1196 4950 quo
1217 4863 1383 4953 tempore
1408 4857 1543 4933 Dentes
1568 4857 1721 4933 llorebat
1744 4858 1784 4931 iu
1808 4878 1874 4952 pa·

766 5116 795 5180 (¹)
810 5117 841 5167 Ε.
857 5116 930 5179 idest,
947 5118 974 5169 iu
990 5118 1049 5170 iliis.
