4575 6842
742 965 880 1024 murus
905 969 1098 1024 vrossruus
1122 969 1306 1024 surrruus.
1540 957 1609 1025 155

436 1111 535 1187 cium
553 1132 677 1205 suum,
702 1111 845 1188 dicens:
872 1133 892 1186 c
916 1135 961 1186 vo
985 1117 1156 1188 macodo
1177 1117 1319 1188 intorno
1340 1116 1470 1190 atelle
1487 1117 1584 1190 mani
1591 1141 1607 1208 ,-

434 1233 507 1308 lroc
531 1252 664 1308 verum
698 1239 754 1308 est
785 1232 967 1327 historice,
993 1234 1081 1328 quia
1111 1253 1201 1310 vere
1234 1234 1409 1309 Mathildis
1440 1233 1607 1310 exercuit

437 1373 570 1427 manus
602 1373 690 1427 suas
723 1352 761 1426 in
790 1352 864 1428 vita
897 1374 1004 1428 arma
1038 1352 1240 1447 tractando,
1272 1354 1368 1429 dona
1405 1355 1541 1449 dando,
1573 1361 1611 1430 et

435 1472 560 1548 omnia
585 1492 698 1567 opera
725 1471 917 1568 magnilica
943 1471 1118 1567 faciendo,
1136 1494 1161 1545 a
1176 1477 1293 1567 sormi¹
1306 1494 1379 1546 una
1403 1472 1609 1566 pdirlunda,

434 1593 583 1686 scilicet,
597 1592 734 1666 amam
752 1599 790 1666 et
805 1592 974 1689 gloriam,
988 1614 1101 1687 quam
1119 1593 1186 1668 sibi
1206 1593 1289 1668 fecit
1305 1593 1424 1688 primo
1442 1593 1478 1668 in
1496 1600 1608 1689 terra,

434 1711 566 1787 deinde
590 1711 627 1784 in
652 1710 757 1786 coelo.
785 1711 828 1784 lit
853 1712 975 1786 subdit
999 1711 1195 1807 proernium
1221 1713 1279 1788 sui
1305 1713 1449 1807 laboris,
1467 1712 1608 1788 dicens:

435 1855 454 1906 c
479 1835 539 1930 pai
562 1835 607 1905 ρι’
620 1835 774 1923 adorno,
793 1832 869 1906 istis
893 1833 1055 1928 floribus,
1069 1855 1137 1926 per
1151 1835 1322 1926 piacmm
1345 1836 1416 1907 ullo
1440 1837 1608 1926 spccclrio,

435 1951 538 2047 idest,
569 1953 657 2047 Deo,
687 1952 830 2047 inquo
863 1959 1052 2048 tamquam
1083 1953 1120 2028 in
1150 1954 1300 2050 speculo
1333 1954 1474 2028 relucet
1497 1973 1609 2029 omne

434 2078 623 2167 creatum3
649 2072 754 2168 quasi
781 2072 894 2148 dicat:
913 2073 972 2148 lric
991 2074 1084 2149 facio
1100 2095 1214 2170 opera
1233 2074 1394 2150 virtuosa
1417 2081 1457 2148 ut
1474 2073 1606 2170 possim

435 2193 630 2287 pervenire
654 2192 701 2266 ad
730 2199 938 2268 creatorem
971 2194 1305 2289 contemplandum,
1338 2213 1450 2288 quern
1484 2197 1608 2268 tamen
1729 2261 1734 2271 .

433 2332 540 2386 soror
574 2333 659 2388 mea
691 2335 753 2390 rue
786 2313 925 2389 felicior
950 2314 1030 2409 jam
1066 2314 1345 2409 contemplatur.
1376 2313 1479 2387 Unde
1504 2314 1607 2388 dicit:

433 2454 493 2507 mo
518 2437 592 2510 mia
615 2455 703 2508 soro
719 2435 1104 2529 Rachele,‚formosior,
1121 2438 1195 2508 mai
1210 2456 1283 2508 non
1299 2437 1330 2508 si
1345 2455 1485 2527 smcpa,
1503 2434 1606 2528 idest,

432 2553 673 2649 disturbatur,
698 2557 764 2629 dol
784 2576 848 2628 suo
874 2559 1054 2648 miraplio,
1079 2555 1182 2650 idest,
1200 2557 1360 2652 speculo,
1378 2577 1397 2628 c
1415 2559 1508 2630 stede
1523 2563 1606 2630 trito

432 2675 576 2766 piena,
601 2675 704 2769 idest,
730 2674 885 2769 quiescit
910 2675 946 2748 in
971 2675 1231 2770 speculatione,
1263 2675 1325 2749 ubi
1354 2695 1425 2771 ego
1456 2675 1606 2750 ambulo

434 2799 472 2868 et
497 2815 630 2869 manus
655 2813 833 2887 exerceo,
858 2794 958 2868 unde
982 2795 1172 2870 declarans
1197 2815 1237 2870 se
1262 2794 1363 2869 dicit:
1389 2798 1516 2887 quella
1536 2793 1607 2869 sci-

434 2913 529 3009 licet,
554 2914 702 3009 Rachel,
726 2907 748 2988 c*
769 2935 865 3005 cupa
880 2917 918 2988 a·
935 2917 1039 3009 order
1062 2917 1077 2988 i
1098 2916 1177 2988 suoi
1196 2915 1285 3005 deplt
1301 2916 1409 3005 ocelli,
1431 2915 1534 3009 quasi
1553 2913 1608 2987 di-

435 3041 514 3109 cat:
540 3035 744 3110 delectatur
773 3035 811 3108 in
841 3034 1088 3130 speculatione
1117 3041 1156 3110 et
1186 3035 1493 3130 contemplatione
1518 3034 1605 3127 ltei3

433 3154 534 3230 unde
562 3153 768 3230 concludit:
794 3157 830 3227 lo
854 3157 990 3245 nedae,
1015 3154 1118 3247 idest,
1152 3153 1344 3249 speculari,
1377 3175 1522 3246 appapo
1550 3157 1607 3245 lei,

433 3273 536 3368 idest,
554 3274 694 3368 quietat
718 3273 914 3350 Rachelem
940 3295 1109 3350 sororem
1133 3296 1267 3368 meam,
1286 3297 1305 3348 e
1323 3277 1345 3348 f
1354 3295 1481 3368 opnor,
1500 3273 1602 3367 idest,

433 3416 559 3493 agere,
584 3416 730 3488 αρραρα
752 3417 819 3487 me,
835 3395 983 3489 scilicet,
1007 3396 1134 3492 Lyam,
1161 3415 1246 3490 quae
1271 3401 1326 3470 est
1351 3395 1538 3489 diethildis,
1565 3400 1605 3468 ut

434 3515 571 3612 patebit
595 3515 632 3590 in
658 3535 843 3611 processu.

506 3644 540 3712 Ε
559 3627 622 3730 pul
635 3660 704 3730 per
729 3640 756 3712 li
778 3639 968 3730 splendori.
987 3638 1058 3712 lsta
1077 3640 1133 3710 est
1153 3642 1284 3730 quarta
1307 3643 1345 3710 et
1365 3635 1492 3708 ultima
1508 3653 1605 3729 pars,

432 3758 470 3832 iu
501 3779 575 3853 qua
604 3763 712 3853 poeta
742 3763 867 3832 noster
896 3755 1052 3830 ostendit
1083 3755 1242 3849 qualiter
1275 3754 1444 3852 Virgilius
1469 3761 1550 3850 post
1568 3746 1604 3846 (⁴)

433 3877 618 3952 somnium
637 3878 731 3952 bene
749 3876 1008 3952 confortaverit
1023 3896 1110 3952 eum
1130 3882 1168 3950 et
1186 3875 1376 3951 recesserit
1393 3876 1441 3949 ab
1458 3896 1503 3950 eo
1520 3876 1605 3950 dato

433 3997 500 4071 sibi
525 3997 674 4073 oonsilio
698 3997 859 4072 salutari.
886 3998 930 4070 llt
955 3993 1075 4091 primo
1091 3995 1241 4090 quidem
1266 3995 1422 4070 ostendit
1448 3994 1606 4090 qualiter

433 4117 529 4194 lacta
546 4123 601 4194 ost
617 4117 705 4211 dies,
722 4125 761 4193 et
777 4117 854 4214 ipse
870 4115 1054 4213 evigilarit
1078 4135 1102 4189 a
1126 4135 1269 4209 semim,
1285 4113 1427 4189 dicens:
1446 4121 1478 4188 Ε
1494 4104 1556 4206 piri
1576 4118 1607 4189 lc

434 4238 581 4330 fembre,
609 4237 744 4312 scilicet
768 4235 893 4330 noctis,
916 4239 1068 4331 sappini
1091 4238 1140 4309 da
1166 4237 1240 4310 tutti
1264 4238 1339 4323 luti,
1355 4236 1461 4330 quasi
1485 4235 1604 4310 dicat:

434 4379 482 4434 ex
506 4358 607 4434 omni
632 4365 737 4454 parte
762 4358 871 4434 fiebat
895 4357 983 4450 dies,
1000 4378 1020 4428 e
1039 4359 1065 4429 'l
1087 4377 1200 4430 sonno
1219 4359 1301 4449 mio,
1318 4354 1464 4450 scilicet,
1486 4355 1606 4451 fugie-

433 4478 508 4573 bat,
533 4500 600 4552 con
632 4501 718 4570 esse,
743 4479 890 4572 scilicet,
922 4476 1095 4569 tenebris,
1117 4498 1185 4569 per
1216 4479 1242 4550 li
1268 4478 1448 4570 ερὶθράονί
1473 4479 1607 4551 antelu-

432 4601 526 4690 cani,
551 4599 697 4694 scilicet,
723 4619 882 4690 aurorae,
907 4617 993 4692 qua
1017 4598 1116 4672 lucet
1140 4603 1226 4670 ante
1251 4595 1359 4672 diem.
1386 4597 1431 4670 Et
1455 4597 1560 4672 dicit:
1586 4619 1605 4670 e

433 4720 507 4810 cte,
533 4717 635 4811 idest,
661 4718 724 4813 qui
750 4717 973 4813 splendores,
999 4737 1134 4808 carpor
1161 4723 1256 4790 muto
1278 4711 1340 4810 ptri
1362 4719 1460 4808 prati
1484 4720 1521 4790 ai
1542 4739 1606 4810 pe-

431 4841 581 4932 rcpriui,
608 4839 645 4912 in
668 4838 788 4914 aliena
810 4843 921 4932 terra,
939 4844 1068 4929 quanda
1094 4838 1266 4929 attapan
1284 4858 1361 4910 men
1378 4840 1512 4912 lomoni
1528 4845 1603 4912 tor-

497 5092 526 5157 (¹)
542 5091 573 5144 B.
588 5097 646 5156 post
661 5091 739 5143 nutus
754 5093 884 5144 romulum
898 5093 1091 5146 confortaverit.
