4575 6842
759 985 898 1042 caurus
922 987 1111 1044 vrousruus
1136 990 1296 1045 mamus.
1549 973 1593 1042 61

425 1131 491 1206 un
504 1151 637 1223 operar
655 1124 676 1202 e*
685 1125 747 1225 piri
762 1133 896 1221 sotetta,
914 1129 952 1204 in
970 1131 1086 1226 patria
1105 1137 1240 1225 nostra,
1259 1131 1296 1206 in
1321 1154 1395 1226 qua
1421 1133 1595 1208 mutieres

425 1251 533 1324 nimis
550 1271 645 1326 vane
661 1256 873 1345 operantur.
900 1250 944 1324 Et
968 1250 1161 1326 confirmat
1178 1251 1277 1344 qnod
1294 1251 1384 1326 dixit
1400 1252 1447 1328 de
1464 1253 1597 1327 mutie-
1701 1335 1710 1348 ,
1755 1237 1762 1250 ’

424 1373 528 1448 ribus
540 1372 739 1448 florentinis
752 1391 818 1466 per
831 1372 1143 1466 comparationem
1162 1371 1209 1444 ad
1226 1372 1405 1464 quasdam
1422 1373 1596 1447 mutieres

425 1493 613 1586 barbaras,
646 1512 732 1585 quae
760 1491 933 1566 dicuntur
971 1511 1052 1566 esse
1089 1490 1126 1565 in
1161 1491 1338 1586 Sardinia,
1371 1492 1449 1567 sine
1478 1492 1596 1587 pudo-

426 1632 480 1706 re,
506 1620 543 1687 et
567 1613 644 1686 sine
670 1612 796 1687 habitu
822 1612 925 1686 civili.
953 1612 1044 1686 Dicit
1069 1631 1177 1708 ergo:
1203 1615 1263 1684 cte
1287 1615 1324 1686 tu
1349 1614 1533 1703 Burtopia
1557 1614 1597 1686 di

427 1735 627 1825 Suada’pnm
653 1733 843 1806 Montanea
875 1731 1128 1806 estaltissima
1155 1732 1191 1804 in
1218 1732 1335 1806 insuia
1360 1731 1432 1825 iila,
1458 1733 1494 1806 in
1520 1751 1595 1824 qua
1708 1746 1711 1753 ’

426 1850 563 1926 habitat
587 1871 677 1948 gens
695 1851 867 1926 silvestris
884 1852 961 1926 sine
979 1852 1072 1948 lege,
1090 1851 1169 1926 sinc
1189 1851 1365 1946 reiigione
1381 1871 1490 1926 vera:
1508 1869 1595 1944 quaa
1743 1952 1746 1959 Ι

425 1972 558 2048 dicitur
592 1972 811 2048 remansisse
848 1972 909 2065 ibi,
935 1973 1081 2067 quando
1120 1972 1237 2046 insuia
1275 1970 1344 2044 init
1377 1977 1595 2066 recuperata

357 2169 364 2182 ,
426 2094 472 2168 de
509 2093 678 2166 manibus
716 2093 960 2168 barbarorum
995 2092 1041 2166 de
1073 2093 1205 2185 dirica,
1231 2112 1392 2186 quorum
1420 2091 1595 2166 mulieres

426 2218 511 2286 sunt
541 2211 648 2285 nimis
682 2211 832 2286 lubricae
864 2219 901 2286 et
932 2211 1135 2306 impudicae,
1168 2210 1461 2306 permittentibus
1494 2211 1592 2284 viris.

426 2332 518 2406 Nam
545 2351 612 2425 pro
641 2332 764 2406 calore
794 2337 830 2406 et
864 2351 978 2425 prava
1004 2332 1268 2406 consuetudine
1293 2331 1432 2406 vadunt
1456 2331 1592 2406 iudutae

426 2474 546 2549 pauno
571 2453 667 2528 tineo
697 2453 791 2545 aibo,
817 2452 1005 2526 excoiiatae
1032 2453 1093 2546 ita,
1120 2458 1163 2525 ut
1186 2453 1379 2527 ostendant
1404 2459 1530 2548 pectus
1555 2458 1593 2526 et

426 2575 562 2668 ubera3
583 2582 620 2648 et
647 2579 747 2650 reete
772 2593 877 2648 more
902 2573 1192 2665 florentinarum,
1212 2572 1304 2665 tatis,
1320 2573 1484 2667 inquam,
1502 2573 1594 2646 Bar·

424 2697 543 2792 bagia,
570 2693 590 2768 ὀ
613 2697 711 2766 assai
730 2689 793 2788 ptri
814 2697 944 2786 pudico
968 2715 1012 2766 ne
1029 2697 1059 2766 te
1072 2697 1235 2788 [ammitte
1255 2714 1330 2783 sue,
1346 2694 1450 2787 quasi
1477 2692 1592 2768 dicat:

426 2816 548 2890 minus
564 2813 881 2909 impudicarum
895 2813 1091 2906 Burdopia,
1108 2814 1256 2907 scilicet,
1269 2813 1463 2907 Florentia,
1477 2833 1589 2906 quam

425 2935 643 3031 Barbagiam
670 2934 823 3009 aiteram
851 2940 969 3028 vocat,
995 2936 1075 3008 dov'
1088 2937 1124 3006 io
1150 2937 1187 3006 to
1217 2936 1350 3008 tasoni.
1364 2937 1461 3008 -O
1485 2937 1591 3008 dotce.

425 3055 490 3129 Hic
514 3054 684 3129 Foresins
709 3052 863 3128 ostendit
881 3053 1042 3147 quod'ad
1060 3073 1193 3128 vanarn
1213 3054 1436 3149 voluptatem
1451 3049 1488 3147 (¹)
1507 3075 1594 3128 mu·

425 3175 558 3250 tiorum
589 3173 866 3248 florentinarum
891 3174 969 3268 jam
1000 3179 1126 3268 parata
1159 3179 1215 3248 est
1244 3174 1366 3248 debita
1396 3173 1593 3269 disciplina,

426 3317 538 3390 quam
573 3294 793 3390 praenuntiat
824 3295 886 3388 eis,
913 3294 1035 3369 dicens
1065 3294 1189 3368 Danti:
1222 3297 1593 3389 caementatis

425 3420 506 3492 nuci
529 3424 565 3490 tu
589 3418 688 3490 ct'io
712 3417 818 3488 dica?
846 3414 893 3490 de
918 3415 1133 3489 mutieribus
1159 3416 1304 3509 nostris,
1323 3423 1435 3508 ternpo
1457 3419 1593 3509 futuro,

424 3537 460 3612 in
487 3537 601 3628 brevi,
627 3532 706 3610 m’d
727 3525 788 3627 poi
813 3539 871 3608 nal
893 3542 1054 3627 cospetto,
1077 3535 1179 3629 idest,
1206 3542 1262 3610 est
1288 3536 1375 3610 mihi
1396 3537 1475 3632 jam
1497 3557 1594 3632 prae-

424 3679 518 3751 sens,
549 3657 739 3752 quiajam
773 3656 899 3731 videor
932 3655 1068 3750 videre,
1103 3659 1159 3730 cui
1188 3677 1260 3730 iton
1291 3647 1374 3730 scrd
1407 3661 1594 3750 questore

363 3781 369 3790 '
424 3781 529 3852 ntotto
561 3781 691 3866 arctico,
724 3775 827 3871 quasi
861 3775 975 3850 dicat:
1009 3795 1081 3849 non
1113 3775 1273 3848 muitum
1306 3777 1415 3872 longe
1446 3778 1494 3852 ab
1526 3780 1594 3854 iro-

424 3898 548 3972 dierna
575 3896 633 3970 die
650 3901 687 3970 et
703 3895 871 3990 praesenti
898 3897 1000 3988 hora,
1017 3897 1076 3967 nel
1099 3898 1184 3986 quot
1195 3899 1241 3987 fic
1256 3898 1436 3970 interdetto
1455 3901 1493 3970 in
1504 3919 1593 3990 per·

424 4037 543 4107 pomo,
561 4016 662 4108 idest,
682 4015 718 4088 in
737 4036 814 4108 quo
832 4023 998 4109 tempore
1015 4014 1200 4090 vetabitur
1218 4014 1362 4109 pubiice
1382 4016 1419 4090 in
1444 4018 1591 4112 puipito,

425 4140 493 4211 otte
516 4139 678 4230 ssecciote
702 4137 816 4208 dorum
837 4137 1032 4227 fimentinc,
1057 4155 1142 4227 quae
1168 4133 1245 4208 sine
1270 4135 1402 4230 fronte,
1420 4137 1498 4210 sine
1522 4159 1592 4230 pu·

425 4257 515 4332 dore
552 4277 624 4332 non
661 4255 789 4330 timent
827 4255 1099 4348 verecundiam,
1134 4257 1289 4328 tendor
1325 4259 1532 4330 mostrundo
1566 4260 1595 4332 it

425 4383 516 4469 petto
541 4397 606 4448 con
631 4379 661 4448 te
681 4397 809 4468 poppe,
829 4375 930 4468 idest,
951 4374 1119 4448 mamillis
1144 4395 1230 4467 quae
1245 4381 1331 4448 sunt
1350 4376 1591 4468 occultabiiio,

426 4517 494 4572 nec
518 4496 651 4572 debent
676 4496 815 4570 ostendi
843 4495 909 4568 nisi
936 4495 1097 4590 legitimo
1124 4495 1214 4568 viro.
1242 4494 1285 4568 Et
1310 4495 1466 4570 ostendit
1493 4496 1593 4588 quod

423 4617 475 4691 sic
499 4608 694 4711 expediti)
722 4615 774 4690 eis
799 4621 948 4711 propter
973 4615 1122 4688 nimiam
1155 4614 1417 4709 impudentiam
1448 4635 1591 4690 earum.

424 4737 528 4813 Unde
543 4736 628 4810 dicit
644 4735 925 4832 interrogative:
944 4735 1213 4827 punitorium,
1239 4738 1323 4824 quei
1345 4738 1508 4808 suranna
1529 4740 1592 4829 sun

425 4859 526 4932 mai?
556 4856 659 4950 quasi
692 4855 809 4930 dicat:
849 4875 1053 4948 numquam
1091 4852 1150 4928 vel
1182 4875 1379 4948 nusquam,
1409 4858 1466 4928 cui
1499 4856 1592 4930 duo·

486 5121 513 5184 (¹)
529 5119 560 5170 E.
576 5119 744 5169 voluntatem.
1091 5114 1119 5180 (⁸)
1135 5121 1190 5178 117,
1205 5117 1325 5182 expedint
1337 5118 1384 5170 eis.
