4575 6842
790 1025 931 1080 usurus
956 1025 1149 1080 secundus.
1486 1011 1558 1081 855

380 1169 502 1263 modo,
528 1187 613 1264 quae
639 1175 766 1242 tamen
790 1175 985 1262 reputatur
1003 1188 1095 1242 rera
1119 1187 1141 1242 a
1162 1168 1303 1265 magnis
1320 1169 1555 1266 sapientibus,

380 1288 533 1364 intendit
546 1288 730 1363 adducere
740 1307 867 1363 verum
882 1288 1063 1362 rationem
1077 1287 1188 1360 huius
1201 1289 1374 1362 maeulae:
1387 1297 1425 1364 et
1437 1290 1558 1385 primo

382 1409 500 1484 reddit
524 1416 695 1484 autorem
720 1414 902 1484 attentum
929 1407 1088 1484 olierens
1105 1428 1145 1482 se
1163 1414 1395 1484 ostensuram
1422 1410 1559 1486 verita-

383 1535 459 1604 tem
486 1529 540 1604 rei
566 1549 633 1624 per
657 1527 971 1624 comparationem
1003 1529 1162 1621 elaram3
1196 1535 1234 1602 et
1264 1528 1350 1603 dicit
1380 1529 1559 1624 breviter,

385 1649 484 1743 quod
508 1650 603 1724 sieut
628 1648 682 1722 sol
707 1647 816 1722 radiis
842 1647 917 1721 suis
943 1648 1093 1724 resolvit
1118 1648 1254 1742 nivem,
1272 1647 1321 1723 ita
1341 1648 1440 1742 quod
1462 1669 1560 1744 aqua

385 1773 553 1844 remanet
578 1767 715 1843 nudata
740 1767 840 1842 omni
868 1767 1044 1862 qualitate
1069 1768 1200 1864 prima,
1226 1768 1276 1843 ita
1307 1769 1384 1862 ipsa
1409 1769 1562 1844 rationi·

385 1889 455 1963 bus
481 1889 555 1964 suis
580 1909 735 1964 excussa
760 1889 861 1963 nube
886 1888 933 1963 de
959 1893 1083 1964 mente
1098 1889 1239 1962 autoris
1263 1888 1413 1965 inducet
1435 1891 1560 1966 lucem

387 2030 513 2086 reram
540 2017 578 2085 et
603 2011 753 2085 claram.
781 2010 962 2085 Construe
978 2008 1030 2084 sic
1051 2009 1214 2084 literam:
1238 2013 1289 2084 Or
1307 2013 1423 2101 voytio
1446 2010 1562 2106 insor-

386 2133 784 2204 marcomanorum
808 2133 956 2219 rimam,
974 2129 1121 2224 scilicet,
1141 2130 1189 2204 ab
1212 2150 1342 2205 errore
1358 2129 1464 2204 diotae
1481 2131 1562 2226 opi-

386 2249 514 2344 nionis,
540 2253 578 2324 di
602 2253 676 2324 tuoe
699 2243 730 2324 si
754 2253 885 2342 moure,
910 2249 1014 2344 idest,
1039 2249 1196 2324 veritate
1220 2257 1297 2324 tam
1325 2249 1476 2344 efficaci,
1502 2253 1563 2325 otu

386 2374 411 2445 ti
435 2361 635 2464 tremolerd,
661 2371 807 2466 seilicet,
833 2371 879 2445 ad
906 2371 1019 2444 instar
1045 2371 1142 2464 solis,
1161 2371 1265 2466 quasi
1294 2371 1401 2466 <sicat
1424 2372 1562 2446 lucebit

385 2496 423 2566 et
447 2490 658 2586 splendebit,
675 2494 733 2565 net
746 2511 810 2564 ruo
833 2498 977 2585 ospello,
998 2491 1091 2566 idest
1107 2483 1156 2586 (¹),
1173 2491 1398 2588 inspectione
1415 2497 1452 2566 et
1470 2512 1561 2566 con·

386 2609 606 2686 sideratione
630 2610 725 2684 illius
750 2610 852 2705 lucis,
879 2611 955 2686 sire
981 2611 1156 2706 veritatis,
1177 2603 1248 2685 cosi
1272 2615 1405 2686 conra'i
1418 2613 1561 2687 saletto

388 2733 480 2806 detto
504 2751 600 2822 ueoe,
627 2728 729 2825 idest,
756 2750 865 2825 aqua,
900 2734 1019 2804 riman
1044 2733 1152 2822 nudo,
1178 2730 1282 2825 idest,
1304 2731 1499 2828 spoliatum
1525 2740 1564 2808 et

387 2852 585 2948 privatum,
611 2873 629 2924 e
653 2853 717 2925 dat
739 2854 857 2925 colore
872 2872 891 2924 e
908 2854 972 2925 dot
985 2854 1114 2946 [teddo
1136 2854 1282 2947 mmai,
1303 2851 1406 2948 idest,
1423 2852 1563 2953 primis.

388 2971 465 3048 Hoc
491 2972 634 3047 videtur
660 2971 782 3047 dicere
807 2971 894 3066 quia
924 2971 988 3045 nix
1018 2979 1220 3067 generator
1249 2993 1297 3048 ex
1329 2994 1467 3069 vapore
1491 2975 1563 3048 luu-

390 3091 500 3186 mido,
519 3097 559 3166 et
575 3091 781 3186 aliqualiter
805 3091 921 3166 calido
939 3096 1095 3166 attracto
1115 3113 1138 3166 a
1156 3093 1244 3186 sole,
1262 3112 1347 3187 quae
1364 3099 1489 3168 tamen
1510 3097 1566 3168 est

390 3213 428 3287 in
453 3233 493 3288 se
517 3211 658 3310 frigida,
675 3219 802 3307 postea
820 3212 994 3287 calesaota
1010 3234 1033 3287 a
1050 3210 1127 3287 sole
1144 3212 1342 3287 resolvitur
1358 3213 1396 3287 in
1414 3235 1564 3308 aquam,

390 3338 429 3408 et
454 3332 505 3406 sie
530 3332 707 3428 spoliatur
732 3331 967 3426 qualitatibus
992 3331 1130 3427 primis.
1162 3332 1206 3409 itt
1234 3331 1287 3406 sic
1316 3338 1415 3428 patet
1444 3353 1566 3427 wquan·

393 3461 471 3528 tum
498 3453 724 3548 comparatio
748 3453 795 3527 sit
819 3452 966 3550 propria
991 3451 1037 3528 ad
1058 3452 1448 3548 propositumzsermo
1465 3455 1564 3530 enim

391 3573 582 3670 theologie
609 3580 709 3649 recte
734 3573 957 3648 assimilatur
971 3564 1008 3666 (¹)
1031 3573 1134 3648 radio
1154 3574 1258 3668 solis3
1280 3574 1379 3649 unde
1403 3575 1441 3650 in
1465 3577 1568 3671 prin·

392 3693 486 3790 oipio
503 3694 651 3789 capituli
665 3694 851 3789 sequentis
868 3699 976 3768 vocat
993 3693 1199 3770 Beatricem
1218 3695 1351 3791 solem;
1364 3718 1464 3791 aqua
1476 3717 1568 3772 vero

391 3815 631 3911 susoeptibilis
656 3835 762 3890 novus
788 3814 972 3909 qualitatis
996 3814 1091 3888 bene
1116 3814 1309 3890 similatur
1322 3818 1437 3892 menti
1461 3825 1569 3893 auto-

394 3936 454 4011 ris.
469 3976 519 3991 -
531 3941 676 4010 Darou.
703 3935 769 4010 llic
793 3934 940 4010 Beatrix
961 3935 1041 4008 vult
1057 3935 1252 4011 ostendere
1268 3937 1484 4031 promissam
1500 3959 1569 4013 ue·

376 4050 553 4152 ritatem,
578 4063 617 4132 et
641 4035 819 4132 describit'
837 4055 1004 4130 ordinem
1031 4075 1239 4150 sperarum,
1257 4063 1294 4131 et
1319 4056 1495 4132 virtutem
1514 4057 1571 4132 in-

297 4259 301 4268 ,
395 4175 680 4272 telltgentiarum
707 4175 934 4251 moventium
960 4195 1033 4250 eas.
1061 4175 1105 4248 Et
1127 4175 1213 4270 quia
1230 4181 1307 4250 tota
1324 4161 1431 4252 litera
1450 4197 1570 4272 usque

394 4295 433 4370 iu
465 4296 576 4371 tinem
609 4295 756 4371 ridetur
789 4295 901 4389 sortis,
935 4295 1019 4370 ideo
1051 4301 1150 4390 nota,
1182 4295 1309 4393 lector,
1342 4297 1442 4390 quod
1476 4297 1573 4372 sicut

395 4421 583 4492 ostensum
608 4415 678 4490 luit
702 4437 813 4512 supra
837 4416 986 4491 realiter
1012 4421 1049 4490 et
1074 4435 1165 4491 vere
1193 4417 1397 4492 secundum
1427 4418 1569 4514 opinio-

393 4555 482 4612 nem
505 4533 808 4612 eroellentiorum
824 4527 874 4630 (ἢ,
887 4537 1005 4611 nubes
1022 4536 1060 4609 in
1077 4557 1234 4631 corpore
1255 4538 1354 4611 lune
1370 4545 1426 4613 est
1443 4560 1466 4614 a
1484 4559 1572 4614 raro

394 4663 435 4733 et
450 4657 580 4751 denso;
595 4663 722 4732 tumen
737 4664 846 4753 poeta
864 4663 988 4731 noster
1002 4657 1059 4732 rel
1076 4656 1123 4730 ad
1141 4657 1415 4733 exeusationem
1426 4648 1464 4752 (⁴)
1482 4658 1573 4734 alio·

395 4795 482 4852 rum
507 4777 567 4854 rel
590 4777 638 4852 ad
662 4777 943 4853 ostentationem
970 4777 1026 4850 sui
1050 4777 1307 4873 superinduxit
1332 4799 1468 4855 novam
1492 4781 1574 4877 opi-

462 5076 489 5138 (·)
505 5077 536 5127 E.
553 5077 660 5139 scilieet,
676 5079 703 5129 lu
718 5079 884 5142 inspectione.
1086 5078 1114 5141 (⁸)
1131 5083 1155 5137 t,
1172 5079 1348 5144 appropiatur.

463 5151 490 5217 (ἢ
504 5151 839 5208 ammutium.
1088 5156 1116 5220 lt>
1133 5155 1371 5209 Emortuom.
