4575 6842
699 969 770 1042 itit
1058 985 1265 1041 cuunnruu
1290 975 1511 1042 ronulmnn

696 1131 795 1226 didit,
816 1133 1038 1228 primevam,
1056 1131 1142 1226 quia
1168 1131 1318 1233 intravit
1333 1133 1459 1207 locum
1481 1131 1733 1206 tenebrarum.
1760 1121 1805 1205 Et
1822 1132 1872 1208 sio

695 1259 781 1327 nota
817 1259 998 1347 quantum
1033 1253 1260 1348 comparatio
1298 1259 1352 1328 θεῖ
1387 1252 1554 1348 propria:
1593 1269 1679 1327 nam
1721 1253 1874 1327 Proser-

695 1371 779 1468 pina
805 1373 1029 1467 pulcerrima
1058 1373 1205 1449 inventa
1238 1379 1294 1449 est
1319 1373 1356 1446 in
1393 1378 1498 1468 prato
1527 1371 1668 1466 florido,
1697 1372 1872 1470 colligens

696 1491 841 1566 diversa
865 1512 1004 1590 genera
1034 1493 1182 1587 tiorum,
1202 1493 1311 1589 juxta
1342 1498 1507 1568 montem
1541 1491 1605 1586 qui
1635 1510 1683 1566 er
1714 1492 1871 1566 summi-

699 1618 775 1687 tate
804 1611 937 1686 emittit
969 1612 1092 1709 ignem
1128 1613 1226 1708 apud
1251 1613 1373 1688 lacum
1402 1611 1686 1706 lucidissimum
1715 1611 1767 1686 ila
1796 1611 1872 1686 lla-

699 1732 818 1807 thildis
844 1732 925 1807 talis
949 1753 1015 1828 per
1039 1733 1163 1808 omnia
1189 1733 1336 1808 inventa
1365 1739 1421 1808 θεῖ
1447 1733 1483 1806 in
1513 1739 1638 1808 monte
1668 1731 1871 1828 purgatorii

699 1853 904 1948 propinqua
927 1852 1003 1949 igni
1027 1858 1065 1928 et
1090 1853 1170 1927 rivo
1195 1853 1403 1949 purissimo,
1420 1852 1594 1950 colligens
1613 1853 1722 1928 dores
1738 1860 1807 1929 otc.
1825 1853 1871 1927 Ut

699 1993 790 2071 ergo
815 1973 1031 2048 concludam
1049 1994 1125 2049 uno
1145 1973 1272 2069 veruo,
1289 1981 1397 2070 poeta
1415 1975 1494 2049 vult
1510 1975 1651 2049 dicere:
1675 1981 1714 2048 tu
1735 1973 1871 2049 rideris

700 2093 788 2166 mihi
813 2113 887 2168 una
913 2093 988 2167 llea
1014 2095 1153 2189 pulcra,
1181 2096 1343 2188 honesta,
1365 2095 1484 2189 qualis
1509 2102 1564 2170 ost
1584 2095 1699 2170 Diana
1716 2094 1785 2170 dea
1805 2113 1870 2169 ca*

698 2214 838 2309 sitatis,
873 2235 958 2309 quae
990 2221 1046 2290 est
1071 2215 1241 2310 quaedam
1273 2215 1400 2312 regina
1435 2215 1573 2292 mundi.
1587 2255 1637 2269 -
1657 2221 1769 2290 Coma.
1805 2215 1870 2289 llio

698 2340 805 2430 poeta
830 2316 987 2409 ostendit
1011 2334 1169 2430 qualiter
1194 2335 1369 2409 diethildis
1395 2355 1569 2431 persuasa
1595 2335 1762 2411 oratione
1790 2335 1871 2409 eius

699 2453 885 2529 exaudivit
910 2475 998 2530 eum
1025 2475 1091 2550 per
1114 2456 1428 2551 comparationem
1453 2457 1620 2551 pulcram
1651 2462 1688 2531 et
1717 2455 1867 2530 claram.

698 2576 801 2652 Unde
825 2577 930 2651 dicit:
964 2580 1104 2669 Volucri,
1129 2577 1190 2652 illa
1206 2577 1367 2671 domina,
1388 2597 1489 2650 verm
1506 2598 1573 2669 nte,
1590 2577 1653 2651 ubi
1672 2576 1790 2672 primo
1808 2595 1869 2651 rc-

701 2696 874 2794 spicicbat
898 2717 985 2772 suos
1009 2699 1130 2792 tiores,
1162 2717 1204 2771 sn
1228 2699 1392 2792 iptoretti
1420 2699 1580 2788 uermipii
1603 2719 1623 2770 e
1650 2717 1691 2770 sn
1715 2699 1729 2770 i
1755 2698 1867 2788 picti,

700 2818 764 2914 qtti
797 2823 883 2893 sunt
916 2817 965 2892 ibi
993 2817 1225 2894 diversorum
1254 2817 1435 2912 colorum,
1465 2837 1537 2890 non
1562 2819 1761 2909 altimenti,
1794 2817 1870 2891 imo

700 2939 875 3033 similiter,
901 2941 961 3013 cle
985 2943 1127 3032 ommno
1151 2941 1211 3012 ote
1226 2941 1277 3030 pli
1294 2940 1390 3012 occdi
1408 2940 1517 3012 onesii
1531 2941 1675 3029 annali,
1693 2936 1795 3032 idest,
1813 2938 1870 3011 in-

699 3058 807 3134 clinet
832 3057 879 3132 ad
904 3064 1055 3152 terram,
1077 3058 1165 3153 quia
1189 3065 1269 3134 erat
1295 3059 1422 3154 pulcra
1448 3064 1485 3132 et
1510 3057 1652 3153 pudica,
1669 3053 1753 3132 licet
1774 3065 1871 3132 osset

699 3179 966 3274 inamorata3a
990 3178 1108 3273 simili,
1125 3199 1222 3252 corne
1242 3181 1362 3253 donna
1382 3181 1441 3252 cite
1464 3179 1560 3270 dolii,
1573 3178 1721 3275 juvenis
1742 3178 1870 3274 pulcra

699 3298 897 3393 cicutino,
922 3301 954 3372 εἰ
978 3302 1078 3389 volpe
1101 3319 1168 3371 oon
1193 3302 1223 3372 le
1244 3301 1364 3392 pionte
1386 3305 1502 3373 strena
1526 3319 1551 3370 o
1576 3305 1687 3389 terra,
1712 3305 1750 3372 et
1775 3297 1869 3372 intra

698 3439 739 3495 sc
763 3425 848 3515 apte
872 3425 909 3494 et
926 3419 1104 3513 habiliter,
1122 3421 1255 3512 epiede
1273 3421 1421 3492 innanzi
1435 3439 1461 3491 o
1479 3423 1578 3513 piade
1594 3439 1618 3492 n
1635 3439 1729 3512 penu
1751 3424 1870 3510 molto·

698 3541 784 3636 quia
811 3539 872 3614 vix
889 3538 1034 3615 videtur
1052 3547 1205 3637 tangere
1223 3547 1372 3616 terram.
1392 3539 1435 3613 lit
1452 3539 1535 3614 lecit
1550 3533 1587 3631 (⁴)
1606 3538 1700 3614 sicut
1718 3537 1866 3612 domim
1964 3557 1971 3572 ·

699 3660 935 3758 magnanima
961 3681 1045 3756 qum
1073 3660 1277 3735 delectatur
1306 3659 1437 3735 audire
1460 3666 1498 3735 et
1522 3659 1648 3734 videre
1677 3657 1775 3733 viros
1803 3675 1869 3732 va-

699 3783 814 3856 lentes
839 3788 876 3855 et
901 3781 1081 3876 sapientes
1107 3780 1190 3856 licet
1220 3799 1294 3856 non
1327 3781 1398 3855 sint
1425 3781 1562 3877 pulcri3
1588 3780 1687 3855 unde
1711 3780 1815 3855 dicit:
1850 3801 1869 3854 e

695 3905 770 3996 sere
784 3905 799 3974 i
814 3902 940 3994 propin
954 3904 1034 3976 ndei
1049 3922 1144 3975 mser
1157 3903 1317 3994 conwnti,
1336 3893 1367 3974 sl
1383 3902 1626 3994 appressondo
1645 3895 1694 3990 se',
1712 3899 1814 3994 idest,
1833 3899 1869 3972 in

700 4028 855 4115 tanturn,
881 4023 941 4095 cte
955 4023 982 4095 't
999 4023 1097 4095 dolce
1111 4042 1237 4114 mono,
1255 4021 1311 4096 sui
1329 4027 1470 4115 cantus,
1493 4023 1596 4093 nenio
1615 4039 1640 4092 n
1657 4039 1710 4093 ne
1733 4023 1871 4093 co'suoi

698 4144 955 4234 inconditorum
990 4141 1061 4217 hoc
1091 4148 1157 4236 est,
1184 4141 1283 4237 quod
1313 4148 1480 4237 poteram
1516 4140 1719 4237 intelligere
1747 4140 1868 4235 ipsum

698 4267 847 4357 propter
860 4259 1238 4356 propinquitatem-
1249 4267 1361 4335 Tosto.
1376 4261 1441 4337 llic
1458 4267 1565 4356 poeta
1579 4259 1736 4335 ostendit
1753 4260 1870 4334 maio-

700 4401 780 4456 rem
804 4381 963 4478 gratiam
987 4380 1091 4455 istius
1116 4380 1275 4456 liberalis
1300 4380 1469 4474 dominae,
1488 4380 1575 4474 quia
1601 4398 1675 4454 non
1699 4385 1870 4456 contenta

698 4501 840 4577 venisse
865 4501 912 4577 de
937 4522 1052 4598 prope
1076 4501 1223 4599 dignata
1249 4509 1304 4576 est
1328 4503 1454 4577 levare
1479 4501 1606 4576 oculos
1631 4521 1718 4576 suos
1743 4502 1869 4597 plenos

696 4623 845 4717 amoris,
870 4630 908 4698 et
933 4628 1023 4697 tunc
1047 4622 1125 4698 visa
1149 4629 1206 4698 est
1225 4623 1292 4697 sibi
1317 4623 1479 4718 pulcrior
1504 4621 1666 4716 Venere;
1692 4622 1792 4699 uude
1813 4620 1869 4696 di·

696 4742 764 4817 cit:
790 4747 828 4816 et
853 4743 913 4816 illa
937 4742 1098 4837 domina,
1124 4746 1173 4816 nni
1193 4744 1390 4838 suracim,
1408 4741 1511 4837 idest,
1529 4741 1754 4838 gratiamur·
1770 4745 1869 4816 nunt·

696 4866 748 4956 pti
758 4865 854 4937 eccli
863 4865 952 4956 suoi,
971 4863 1104 4958 quibus
1116 4864 1199 4958 plus
1216 4863 1376 4958 placeret
1395 4862 1494 4958 mihi,
1512 4869 1599 4936 tosto
1619 4863 1680 4936 cle
1693 4866 1747 4957 fit,
1765 4861 1867 4954 idest„

760 5127 787 5186 ι’)
803 5125 834 5176 ll.
850 5125 884 5176 Et
899 5123 962 5176 iacit
976 5124 1052 5176 sicul.
