4575 6842
747 953 792 1018 12
1107 965 1311 1021 mnemon
1336 965 1554 1020 runoamnu

739 1109 889 1184 dissime
915 1109 1061 1206 bibere;
1087 1110 1134 1186 de
1165 1131 1242 1206 quo
1271 1112 1481 1206 increpatus
1504 1131 1528 1186 a
1553 1109 1668 1184 milite
1696 1110 1795 1184 socio
1824 1111 1915 1186 dixit

743 1249 784 1304 se
808 1249 1013 1324 numquam
1047 1232 1180 1305 melius
1211 1232 1355 1326 bibisse,
1381 1231 1468 1326 quia
1493 1251 1699 1326 numquam
1731 1231 1912 1306 habuerat

742 1351 837 1423 sitim
853 1355 864 1443 l
880 1354 903 1443 ).

819 1475 885 1545 E't
899 1476 1008 1547 sunio.
1035 1474 1106 1548 lsta
1131 1478 1186 1548 est
1211 1472 1318 1548 tertia
1344 1492 1428 1567 pars
1454 1469 1659 1566 principalis
1685 1471 1795 1546 liuius
1814 1473 1914 1568 capi-

744 1591 821 1685 tuli,
849 1593 885 1666 in
911 1615 985 1687 qua
1001 1583 1037 1685 (²)
1065 1592 1236 1689 Virgilius
1261 1592 1412 1686 inquirit
1435 1613 1458 1666 a
1482 1591 1597 1666 Statio
1623 1591 1705 1685 quis
1731 1593 1858 1688 luerit;
1876 1599 1914 1668 et

743 1712 863 1806 primo
887 1712 1016 1787 asserit
1042 1733 1081 1786 se
1106 1714 1249 1787 clarum
1267 1713 1314 1788 de
1331 1712 1566 1806 responsione
1582 1711 1677 1786 iacta
1693 1711 1740 1786 ad
1760 1719 1913 1808 captan-

742 1833 826 1908 dam
854 1833 1167 1927 benevolentiam
1184 1833 1284 1908 unde
1308 1832 1409 1908 dicit:
1430 1835 1499 1907 E'l
1520 1835 1621 1906 sorio
1640 1835 1744 1924 duca,
1762 1833 1911 1926 scilicet,

743 1955 926 2051 Virgilius,
951 1955 1090 2049 supple,
1114 1953 1204 2028 dixit
1229 1955 1366 2028 Statio:
1398 1957 1499 2047 omni,
1523 1956 1645 2045 oeppio
1671 1956 1708 2027 lu
1732 1962 1818 2044 rete,
1843 1953 1914 2028 sci-

743 2075 836 2169 licet,
862 2082 1054 2171 peccatum
1088 2075 1264 2169 avaritia,
1289 2077 1349 2148 cite
1379 2079 1439 2166 qui
1469 2077 1504 2147 oi
1531 2075 1657 2167 piplia,
1681 2073 1786 2168 idest,
1813 2080 1912 2149 tenet

743 2217 808 2269 vos
833 2196 891 2270 hic
916 2201 1040 2290 captos
1071 2201 1108 2268 et
1142 2193 1282 2291 ligatos,
1308 2216 1328 2268 e
1351 2215 1448 2266 corne
1470 2197 1503 2266 si
1524 2197 1721 2287 sculappiu,
1746 2193 1849 2288 idest,
1874 2199 1913 2268 at

743 2315 847 2392 video
872 2315 1058 2410 quomodo
1083 2315 1248 2411 aperitur
1279 2313 1367 2388 illud
1400 2319 1480 2389 rete
1508 2315 1657 2408 quando
1685 2313 1911 2409 liberamini3

741 2441 778 2510 et
802 2435 969 2510 similiter
995 2434 1112 2529 video,
1144 2427 1272 2528 percle
1293 2437 1326 2506 ci
1349 2441 1474 2525 aomo,
1500 2433 1603 2527 idest,
1629 2455 1703 2528 qua
1727 2434 1775 2510 de
1799 2455 1912 2510 eausa

741 2555 781 2628 fit
805 2556 864 2630 hic
889 2561 1134 2648 terremotus,
1160 2577 1179 2628 e
1201 2558 1240 2628 di
1263 2557 1324 2628 clu
1346 2556 1571 2645 congaudete,
1591 2554 1694 2644 idest,
1711 2561 1912 2650 congratu-

742 2675 866 2751 lamini
892 2675 1046 2750 inricem
1073 2675 1315 2770 regratiantes
1348 2673 1504 2747 Domino
1529 2674 1575 2748 de
1601 2673 1813 2748 liberatione
1842 2673 1911 2748 all·

743 2797 848 2872 cuius
872 2797 1015 2872 animae.
1042 2797 1085 2869 Et
1116 2795 1205 2890 petit
1233 2795 1319 2888 duo,
1344 2794 1488 2868 dicens:
1519 2815 1590 2866 ora
1612 2796 1781 2885 pioeciutr'
1811 2796 1912 2867 clr'io

741 2921 867 3010 suppia
891 2919 946 2989 clai
965 2918 1061 3011 (ortt,
1091 2935 1136 2990 ea
1161 2915 1391 3010 placibilitate
1406 2935 1483 3008 qua
1494 2915 1572 3009 jam
1592 2935 1681 2988 usus
1700 2935 1740 2988 es
1762 2933 1911 2988 mecum

738 3035 982 3132 placidissime
1007 3035 1187 3129 virorum,
1213 3057 1232 3108 e
1259 3031 1388 3128 perclo
1407 3037 1468 3108 sic’
1479 3037 1630 3125 piaciuto
1654 3037 1725 3125 qui,
1750 3033 1845 3108 sicut
1874 3039 1912 3108 et

741 3157 940 3250 allevari,
963 3179 1030 3248 per
1055 3159 1142 3228 tunt
1165 3158 1281 3246 secoli,
1308 3155 1410 3248 idest,
1438 3175 1504 3249 per
1531 3161 1583 3228 tot
1607 3154 1816 3229 centenaria
1843 3175 1912 3228 an·

741 3300 888 3371 norum,
914 3277 1059 3371 scilicet,
1086 3277 1270 3371 quinque3
1296 3275 1400 3369 quasi
1424 3275 1538 3349 dicat:
1565 3274 1660 3348 bene
1687 3281 1911 3368 potestesse

739 3407 896 3496 purgata
913 3397 1077 3484 avaritia¹
1090 3398 1127 3471 in
1154 3405 1203 3491 ta,
1220 3397 1249 3470 si
1267 3396 1392 3472 luisset
1408 3395 1561 3470 avaritia
1582 3395 1685 3469 llidae
1704 3396 1759 3470 rel
1777 3395 1908 3470 Crassi.
2014 3457 2018 3462 ,

738 3520 783 3593 llt
811 3519 914 3592 dicit:
948 3519 1034 3591 rwllc
1060 3520 1188 3609 parole
1216 3525 1271 3590 tue
1301 3520 1351 3590 mi
1383 3519 1523 3608 cuppla,
1558 3515 1653 3590 sicut
1689 3516 1792 3590 avari
1825 3522 1910 3590 sunt
2038 3585 2042 3592 .

738 3617 830 3735 capti
859 3641 927 3733 hic,
961 3645 997 3714 et
1021 3639 1111 3713 alios
1136 3638 1284 3733 capiunt
1309 3638 1345 3710 in
1373 3638 1462 3731 vita3
1488 3637 1592 3731 quasi
1618 3637 1732 3712 dicat:
1755 3638 1909 3732 loquere

739 3760 827 3833 milri
852 3761 963 3853 clare,
990 3778 1081 3855 rogo
1113 3764 1161 3852 te,
1188 3756 1281 3831 sieut
1314 3778 1384 3852 ego
1410 3758 1555 3832 locutus
1580 3779 1663 3830 sum
1696 3758 1913 3831 tibi-Nol

739 3887 860 3971 tempo.
887 3880 952 3954 llic
977 3887 1083 3975 poeta
1110 3879 1210 3974 ponit
1240 3879 1513 3973 responsionem
1537 3879 1638 3953 Statii
1664 3879 1711 3954 ad
1748 3880 1904 3974 primam

739 3998 947 4094 petitionem
980 3998 1127 4095 Virgilii,
1161 3999 1224 4092 qui
1255 3997 1373 4093 primo
1409 3998 1580 4073 describit
1612 4020 1652 4073 se
1688 4000 1736 4073 ab
1770 4000 1910 4094 optimo

738 4119 898 4216 principe
924 4118 994 4191 sub
1019 4139 1093 4212 quo
1119 4117 1261 4192 claruit.
1281 4119 1324 4192 Et
1340 4119 1386 4192 ad
1405 4119 1673 4215 intelligendam
1700 4119 1806 4194 istam
1827 4119 1910 4195 lite·

738 4260 818 4313 ram
844 4259 943 4332 sanc,
961 4259 1074 4332 quarn
1097 4238 1202 4311 multi
1220 4237 1433 4334 ignoranter
1452 4247 1680 4334 pervertunt,
1698 4247 1753 4314 est
1769 4247 1909 4315 attente

737 4359 939 4453 sciendum,
960 4357 1060 4452 quod
1082 4359 1177 4433 sicut
1200 4365 1319 4453 potest
1338 4358 1458 4454 colligi
1484 4379 1530 4433 ex
1558 4360 1681 4432 multis
1704 4360 1908 4454 autorihuS,

737 4481 833 4554 Naro
852 4479 1052 4574 imperator
1066 4479 1112 4552 ad
1128 4479 1398 4554 rclraenandum
1417 4480 1563 4553 furores
1583 4480 1831 4574 hebraeorum,
1845 4480 1909 4575 qui

736 4599 820 4675 lacti
846 4607 951 4674 erant
978 4600 1132 4674 rebelles
1159 4593 1314 4672 romano
1337 4599 1503 4695 imperio,
1524 4592 1908 4695 misit'Vespasianum

737 4719 858 4792 virum
885 4719 1191 4814 sapientissimum
1218 4727 1255 4794 et
1284 4719 1579 4795 strenuissimum
1610 4740 1816 4814 armorum,
1842 4719 1907 4815 qui

736 4837 835 4912 lerro
861 4846 898 4913 et
924 4839 1008 4934 igne
1033 4839 1153 4935 primo
1185 4839 1340 4914 vastavit
1365 4838 1565 4934 Galilaeam,
1590 4838 1720 4914 deinde
1746 4841 1907 4935 reliquas

800 5092 829 5156 (Ἴ
846 5098 899 5155 11⁷,
915 5095 1041 5146 maiorem
1058 5095 1135 5145 silim.
1314 5092 1390 5156 (¹11².
1406 5095 1432 5143 ln
1448 5107 1499 5158 qua
1516 5101 1590 5158 poeta
1607 5093 1739 5159 Virgilius.
