4575 6842
711 961 781 1026 160
1071 967 1276 1022 counuruu
1300 968 1520 1023 runaumau

706 1113 881 1188 altissimo
907 1113 1088 1207 omnium,
1108 1113 1315 1208 propinquo
1340 1114 1447 1206 coelo,
1466 1121 1609 1189 remoto
1635 1115 1806 1190 omnibus
1825 1116 1880 1190 al-

705 1234 959 1328 terationibus,
985 1233 1064 1307 sine
1088 1233 1188 1307 omni
1209 1233 1383 1325 molestia,
1402 1254 1488 1307 cum
1507 1235 1606 1308 omni
1627 1235 1876 1310 delectatione.

704 1354 796 1428 Dicit
821 1375 913 1452 ergo
938 1354 1155 1428 continuans
1180 1374 1238 1428 se:
1265 1359 1359 1445 cho
1384 1345 1458 1447 piri,
1487 1355 1590 1450 idest,
1613 1377 1683 1452 ego
1704 1359 1782 1452 jam
1800 1357 1879 1431 avi-

705 1474 774 1549 dus
800 1496 847 1550 ex
873 1475 1010 1572 Virgilii
1036 1474 1169 1568 verbis,
1195 1477 1235 1547 di
1258 1493 1381 1546 carcar
1406 1477 1442 1547 lc
1468 1477 1588 1548 divion
1606 1481 1754 1570 foresta,
1776 1477 1877 1572 idest,

706 1595 914 1691 paradisum
933 1595 1159 1686 deliciarum,
1179 1594 1240 1667 ubi
1259 1595 1357 1669 Deus
1374 1595 1494 1688 posuit
1512 1596 1671 1691 primum
1689 1597 1876 1671 bominem

706 1717 921 1813 perlectum,
941 1717 1003 1810 qui
1029 1722 1085 1790 est
1109 1716 1212 1790 locus
1240 1722 1404 1788 remotus
1430 1736 1452 1789 a
1479 1722 1579 1790 terra
1597 1717 1781 1792 habitabili
1806 1718 1877 1792 sub

705 1837 959 1931 aequinoctiali,
992 1843 1033 1908 ut
1063 1835 1175 1929 aliqui
1210 1834 1353 1928 volunt,
1385 1835 1518 1929 quibus
1550 1842 1657 1930 poeta
1688 1839 1877 1931 consentit,

706 1958 790 2033 licet
815 1957 873 2030 alii
889 1949 926 2048 (¹)
953 1961 1089 2052 ponant
1106 1955 1225 2048 ipsum
1246 1953 1280 2027 in
1298 1961 1402 2049 parte
1418 1955 1605 2048 orientali3
1627 1956 1690 2030 sed
1709 1957 1877 2032 ubicum-

706 2099 781 2173 que
797 2079 852 2172 sit,
871 2079 947 2152 sive
964 2079 1164 2171 loquamur
1185 2075 1365 2169 historice,
1384 2075 1460 2152 sive
1477 2077 1683 2172 allegorice,
1701 2079 1803 2152 locus
1821 2085 1876 2152 est

705 2182 887 2272 solitarius
911 2198 957 2272 ad
974 2217 1086 2290 quem
1106 2195 1213 2290 pauci
1230 2195 1470 2290 perveniunt3
1486 2215 1621 2288 spessc,
1638 2204 1786 2292 propter
1803 2197 1876 2272 ire-

704 2318 891 2412 quentiam
922 2317 1099 2391 arborum
1135 2316 1344 2409 virentium,
1375 2336 1394 2388 c
1425 2317 1517 2406 moa,
1548 2315 1634 2410 quia
1671 2337 1874 2411 numquam

703 2443 804 2529 aret,
830 2442 867 2510 et
886 2429 923 2527 (²)
949 2437 1044 2530 dicit,
1071 2439 1210 2527 dentre,
1236 2434 1337 2527 idest,
1364 2435 1399 2508 io
1431 2435 1518 2508 locis
1544 2435 1833 2529 mediterraneis,
1860 2459 1879 2508 e

704 2561 883 2649 dommo,
908 2558 1054 2650 scilicet,
1080 2557 1117 2629 in
1143 2556 1240 2651 ripis,
1258 2559 1407 2648 obsepti
1426 2559 1750 2650 ooctitenrperooo,
1772 2557 1874 2649 idest,
1997 2644 2001 2650 ‚

706 2687 910 2775 temperate
952 2677 1203 2774 respiciebam,
1244 2681 1272 2751 it
1310 2699 1425 2752 nuceo
1460 2681 1601 2769 pioroo,
1639 2677 1741 2772 idest,
1778 2678 1874 2752 diem

706 2805 896 2894 quartum,
922 2799 984 2894 qni
1015 2798 1063 2872 de
1095 2818 1192 2871 novo
1223 2798 1422 2872 oriebatur.
1458 2797 1502 2870 Et
1535 2797 1656 2872 subdit
1685 2819 1794 2871 suum
1821 2798 1877 2871 in-

706 2942 876 3018 gressum
902 2921 940 2994 in
965 2919 1062 2993 istud
1082 2918 1308 3012 viridarium,
1327 2919 1469 2994 dicens:
1487 2922 1611 2992 tasum
1635 2921 1670 2992 to
1696 2923 1790 3009 moa,
1807 2919 1876 2992 sci·-

706 3041 801 3135 licet,
832 3047 1038 3114 extremam
1077 3038 1141 3112 nbi
1173 3059 1288 3132 eram,
1322 3061 1432 3112 sanzo
1465 3034 1527 3131 piri
1564 3047 1737 3132 asponon,
1771 3037 1876 3132 quasi

705 3163 820 3238 dicat:
840 3182 912 3235 non
937 3161 1040 3254 potui
1064 3165 1261 3253 expectare
1281 3160 1478 3234 adventum
1497 3161 1684 3255 Beatricis,
1705 3159 1876 3251 sedendo,

706 3283 799 3357 sicut
817 3281 989 3377 Virgilius
1014 3280 1233 3375 praedixerat
1259 3280 1358 3372 mibi,
1376 3283 1582 3372 prendendo
1605 3285 1642 3354 la
1662 3301 1875 3372 campoque,

705 3404 769 3478 ubi
795 3403 914 3498 primo
940 3409 1093 3476 venerat
1117 3421 1183 3495 per
1209 3402 1345 3476 scalam
1373 3407 1524 3495 rectam,
1551 3405 1640 3475 tento
1666 3404 1780 3494 tento;
1805 3401 1874 3474 boc

703 3523 788 3600 dicit
813 3524 900 3617 qnia
930 3542 1015 3597 cunr
1050 3523 1211 3615 quodam
1247 3522 1381 3598 timore
1413 3528 1450 3597 et
1482 3521 1689 3598 reverentia
1715 3522 1873 3597 intrabat

703 3645 826 3719 locum
853 3663 999 3716 sacrum
1028 3642 1193 3738 ignotum
1209 3665 1219 3734 ;
1237 3643 1296 3716 vel
1318 3642 1415 3716 lente
1435 3643 1625 3718 incedebat
1642 3650 1684 3715 ut
1704 3642 1784 3736 plus
1808 3642 1875 3716 de-

704 3768 922 3856 lectaretur;
947 3763 1005 3838 vel
1031 3762 1067 3835 in
1094 3764 1163 3838 boc
1188 3761 1306 3836 innuit
1330 3762 1580 3839 difficultatem
1600 3783 1705 3839 novae
1730 3771 1767 3838 et
1791 3763 1877 3837 altae

704 3883 870 3985 materiae
895 3903 1007 3978 quam
1032 3881 1202 3974 intrabat,
1229 3903 1270 3956 su
1290 3904 1359 3974 per
1383 3885 1418 3957 to
1443 3886 1533 3974 suot,
1559 3883 1661 3974 idest,
1683 3889 1872 3958 terrenum

705 4005 917 4097 herbosum,
942 4005 1002 4076 cite
1026 4005 1159 4093 d’oqai
1177 4009 1284 4094 porte
1308 4004 1414 4093 oliva,
1432 4003 1534 4096 idest,
1557 4003 1762 4096 redolebat3
1790 4002 1875 4096 quia

705 4126 808 4200 locus
832 4130 888 4198 est
912 4122 1074 4199 consitus
1090 4121 1192 4197 omni
1208 4141 1346 4217 genere
1366 4123 1557 4216 arborum,
1575 4122 1667 4198 idest
1684 4123 1876 4217 virtutum,

705 4266 753 4322 ex
778 4245 912 4340 quibus
940 4245 1091 4320 resultat
1117 4263 1274 4338 magnus
1298 4243 1464 4318 odor.-·-
1481 4247 1660 4318 Urt'aurc.
1678 4244 1743 4319 llic
1769 4251 1875 4338 pocta

704 4365 873 4442 describit
891 4371 1042 4440 ventum
1070 4365 1190 4440 lenem
1205 4354 1242 4455 (³)
1260 4362 1323 4457 qui
1344 4363 1457 4459 spirat
1475 4363 1535 4457 ibi,
1552 4363 1692 4438 dicens:
1714 4365 1877 4438 Un'curo

704 4490 813 4581 doce,
832 4506 942 4560 senno
957 4507 1063 4560 overe
1084 4487 1124 4558 io
1148 4480 1187 4560 se*
1209 4491 1430 4575 mutamcnto,
1448 4484 1551 4576 idest,
1568 4491 1605 4560 et
1626 4484 1875 4572 immutabilis,

704 4608 803 4702 quod
828 4606 1003 4703 contingit
1023 4611 1172 4702 propter
1190 4611 1332 4679 motum
1351 4605 1446 4679 illius
1463 4607 1661 4700 superioris
1678 4605 1775 4680 aeris
1794 4606 1876 4679 uni-

705 4732 873 4822 formem,
901 4735 943 4802 ut
966 4728 1108 4804 dicetur
1134 4734 1271 4823 postea,
1298 4730 1347 4800 mi
1366 4729 1461 4821 seria
1480 4748 1550 4819 per
1574 4729 1611 4800 to
1633 4731 1764 4820 frona,
1788 4725 1877 4820 quia

707 4829 830 4926 motus
853 4849 949 4925 aeris
973 4849 1020 4922 ab
1045 4848 1187 4922 oriente
1219 4847 1288 4921 boc
1313 4847 1478 4940 iaciebat,
1504 4867 1577 4920 oon
1607 4849 1645 4920 di
1669 4841 1733 4939 pru
1763 4851 1875 4939 ootpo,

770 5111 799 5172 (¹)
814 5109 844 5160 li.
860 5109 939 5174 aliqni
955 5115 1058 5173 ponant
1195 5107 1222 5172 (¹)
1238 5108 1268 5158 E.
1285 5112 1312 5158 et
1327 5108 1385 5159 lden
1401 5107 1471 5160 dicit.
1598 5107 1624 5173 (⁸)
1641 5109 1672 5160 E.
1688 5109 1782 5160 lovem.
