4575 6842
703 984 841 1039 munus
865 980 1079 1037 amousmus
1102 982 1264 1036 mamus.
1496 967 1568 1035 275

395 1130 492 1207 euim
519 1136 605 1207 sunt
621 1130 700 1207 dece
718 1128 886 1223 fontium,
904 1126 1008 1223 quasi
1033 1125 1149 1201 dicat:
1167 1125 1239 1201 cito
1255 1133 1428 1202 nascetur
1450 1126 1568 1203 dictus

394 1250 594 1347 imperator
620 1271 808 1344 romanus,
835 1252 895 1322 cre
918 1251 1130 1322 salomanno
1147 1252 1264 1338 questo
1284 1250 1435 1321 enimma
1453 1252 1571 1342 sorte.-

394 1372 552 1470 aenigma
577 1371 727 1468 quidem
752 1376 807 1445 est
832 1367 951 1443 oratio
976 1373 1041 1443 aut
1067 1365 1306 1462 impossibilis,
1327 1374 1393 1441 aut
1416 1367 1570 1445 difficilis

395 1491 441 1567 ad
459 1513 576 1566 unum
595 1491 756 1587 aliquem
774 1495 920 1565 certum
937 1488 1176 1582 intellectum,
1195 1492 1239 1560 ut
1255 1486 1342 1561 dicit
1361 1487 1571 1565 Aristoteles

397 1612 435 1686 in
448 1612 533 1692 ¹line
557 1632 635 1685 suae
660 1610 829 1707 poetriae3
856 1610 937 1684 ideo
962 1609 1058 1685 bene
1083 1615 1191 1703 poeta
1215 1607 1371 1704 appellat
1395 1608 1492 1683 istud
1516 1607 1572 1682 di·

399 1740 500 1807 ctum
526 1731 681 1806 difficile.
708 1730 752 1804 Et
776 1729 861 1805 dicit
886 1728 1057 1804 dverrois
1082 1728 1131 1802 ibi
1154 1727 1253 1822 quod
1276 1727 1372 1802 istud
1398 1728 1573 1823 trequen-

399 1858 457 1927 ter
482 1852 667 1927 invenitur
692 1850 790 1946 apud
806 1857 933 1948 poetas
950 1848 1117 1924 arabum.
1136 1849 1182 1923 Et
1198 1847 1300 1924 dicit:
1320 1869 1435 1922 sanzo
1451 1853 1573 1924 donno

400 1975 439 2046 dt
458 1992 585 2065 pecore
609 1993 628 2045 e
652 1974 691 2045 di
715 1972 829 2063 made,
854 1971 1018 2065 loquitur
1037 1968 1159 2045 adhuc
1176 1969 1417 2066 aenigmatice,
1439 1977 1477 2045 et
1494 1973 1574 2046 rult

400 2091 524 2166 dicere
548 2091 648 2185 quod
673 2090 745 2167 cito
771 2090 1062 2167 manifestabitur
1087 2088 1225 2163 dictum
1247 2110 1358 2163 suum
1376 2110 1442 2185 per
1460 2111 1574 2187 expe-

401 2212 570 2287 rientiam
596 2212 692 2306 iacti,
718 2211 769 2285 ita
794 2211 894 2305 quod
925 2232 999 2285 uon
1032 2209 1200 2305 expediet
1215 2202 1253 2302 (¹)
1282 2209 1471 2304 inquirere
1500 2211 1573 2286 iata

402 2332 440 2407 in
465 2332 558 2407 extis
582 2332 809 2426 animalium,
835 2331 930 2406 sicut
944 2322 981 2423 (²)
1007 2331 1160 2428 gentiles
1191 2330 1280 2404 olim
1305 2330 1485 2406 iaciebant
1510 2333 1574 2426 qui

403 2452 643 2527 immolabant
670 2452 835 2527 victimas
860 2451 986 2526 ovium
1001 2440 1038 2544 (³)
1064 2457 1102 2525 et
1127 2449 1312 2546 ponebant
1329 2451 1455 2547 fruges
1480 2451 1576 2527 inter

404 2592 546 2647 cornua
571 2572 680 2667 tauri,
702 2591 813 2667 quem
841 2571 1050 2646 mactabant
1080 2572 1118 2645 iu
1151 2568 1328 2647 sacrificio
1360 2572 1454 2647 sicut
1483 2572 1577 2646 scri·

406 2692 460 2767 bit
483 2694 654 2767 Lucanus
678 2690 724 2766 de
748 2694 889 2765 Arunte
914 2710 1050 2788 magno
1066 2711 1223 2787 augure.
1241 2689 1328 2765 Vult
1344 2711 1436 2788 ergo
1452 2691 1577 2769 dicere

406 2813 505 2907 quod
538 2833 611 2886 nou
644 2811 713 2885 erit
741 2830 834 2905 opus
863 2811 1023 2907 augurio
1055 2811 1113 2886 vel
1145 2810 1322 2887 sacrificio
1352 2812 1399 2886 ad
1429 2810 1578 2887 inresti-

405 2932 568 3031 gandum
590 2932 690 3027 quod
706 2930 1006 3027 praediciturbic,
1024 2932 1110 3026 quia
1127 2932 1200 3007 cito
1224 2952 1291 3027 per
1307 2952 1348 3007 se
1367 2933 1515 3027 patebit
1528 2972 1579 2987 -

411 3058 471 3127 Tu.
503 3053 568 3127 llic
599 3058 706 3147 poeta
736 3050 837 3147 ponit
868 3058 1093 3147 preceptum
1125 3051 1299 3127 Beatricis
1332 3052 1379 3126 ad
1411 3072 1452 3127 se
1481 3052 1580 3127 circa

407 3172 579 3269 praedicta
606 3170 780 3248 tradenda
807 3170 997 3247 memoriae
1022 3170 1070 3245 ad
1095 3170 1288 3245 utilitatem
1310 3171 1511 3247 viventium
1526 3160 1580 3267 (⁴),

406 3294 549 3368 dicens:
576 3298 626 3365 Pu
645 3298 743 3382 noto,
763 3291 850 3386 quia
867 3290 1026 3366 notanda
1043 3297 1140 3387 suut,
1162 3314 1181 3364 e
1199 3313 1323 3383 separa,
1340 3291 1442 3385 idest,
1460 3292 1580 3388 signes

312 3398 313 3403 Ν
409 3416 468 3489 vel
492 3413 624 3489 doceas
650 3420 764 3505 queste
783 3414 924 3506 parole,
945 3412 1167 3507 prophetica,
1185 3416 1220 3485 α’
1233 3416 1322 3508 oioi;
1339 3421 1377 3487 et
1394 3412 1582 3508 restringit

409 3535 547 3609 dictum
572 3554 684 3607 suum
700 3532 842 3608 dicens:
862 3536 919 3607 det
935 3537 1032 3606 viver
1048 3530 1129 3607 ct’d
1143 3555 1192 3607 an
1206 3554 1350 3609 corrcre
1366 3537 1441 3607 allo
1456 3542 1581 3626 morte,

408 3674 492 3749 quae
518 3659 573 3728 est
594 3652 765 3728 vivorum
792 3652 990 3748 corruptio,
1017 3654 1121 3747 quasi
1152 3653 1258 3748 dicat,
1284 3654 1315 3727 si
1336 3660 1504 3727 nostrum
1526 3654 1583 3729 vi-

409 3793 499 3849 vere
531 3778 651 3868 potest
683 3772 753 3847 dici
789 3772 934 3867 virere3
967 3778 1004 3847 et
1035 3772 1140 3847 dicit:
1174 3767 1409 3849 dromeda
1437 3795 1585 3849 naccon

406 3899 523 3987 porte,
542 3893 677 3967 scilicet
703 3892 777 3986 tibi,
796 3891 901 3987 quasi
926 3892 1022 3966 dicat
1044 3891 1170 3967 tacite:
1197 3893 1294 3969 reler
1312 3894 1520 3969 hominibus
1536 3895 1585 3997 de

412 4014 552 4089 mundo
570 4020 635 4088 tuo
660 4014 775 4088 verba
800 4033 883 4089 mea
911 4012 947 4087 in
974 4032 1018 4089 ca
1043 4012 1163 4088 iorma
1189 4034 1264 4107 qua
1289 4014 1384 4088 dicta
1408 4022 1494 4089 sunt
1518 4034 1586 4110 per

414 4154 486 4229 me,
501 4134 606 4228 quasi
622 4134 736 4208 dicat:
754 4132 804 4211 ita
821 4132 979 4209 obscure
996 4132 1091 4207 sicut
1111 4133 1270 4208 obscure
1285 4132 1376 4226 dixi3
1394 4154 1464 4209 uec
1480 4156 1587 4228 quae-

414 4274 476 4329 ras
500 4253 784 4329 declarationem
814 4274 837 4328 a
868 4272 928 4328 me
959 4273 1071 4349 quam
1105 4252 1228 4327 iacere
1260 4254 1357 4327 nolo.
1391 4253 1436 4326 Et
1466 4253 1589 4329 subdit
1647 4306 1650 4310 J

415 4374 514 4468 quod
548 4394 621 4447 non
656 4373 910 4470 praetermittat
943 4393 989 4448 ex
1024 4372 1206 4449 oblivione
1239 4373 1418 4449 offensam
1453 4374 1588 4449 iactam

415 4494 579 4588 planctae,
605 4493 751 4569 dicens:
776 4498 810 4566 ct
842 4496 928 4585 appi
959 4514 983 4566 a
1018 4500 1139 4586 mene,
1166 4493 1370 4588 specialiter
1395 4494 1491 4568 inter
1516 4495 1588 4569 alia

416 4612 618 4707 scribenda,
644 4615 787 4705 quando
811 4620 848 4686 tu
864 4616 895 4685 te
911 4614 1030 4703 serdot,
1048 4612 1115 4687 ista
1136 4612 1252 4687 verba
1267 4612 1439 4707 obscura,
1462 4617 1500 4689 di
1516 4633 1589 4687 non

416 4736 525 4826 color,
550 4732 653 4826 idest,
679 4740 814 4827 tacere,
840 4736 926 4824 qual
947 4735 1008 4805 tat
1032 4735 1121 4806 aista
1147 4734 1184 4806 tc
1200 4736 1341 4827 mota,
1359 4734 1460 4829 idest,
1477 4736 1590 4810 arbo-

417 4874 498 4929 rem
524 4852 694 4946 scieutiae‚
720 4850 805 4927 clt’d
827 4874 871 4925 or
896 4854 962 4925 due
988 4855 1076 4925 volte
1096 4853 1262 4927 domato
1282 4856 1388 4946 quivi,
1405 4854 1525 4949 primo
1541 4856 1590 4929 ab

480 5038 507 5103 (¹)
525 5044 577 5101 117,
594 5038 704 5103 expedit.
984 5037 1012 5101 (¹)
1028 5038 1059 5088 Ε.
1076 5038 1144 5089 sicul
1159 5043 1186 5090 et
1202 5040 1318 5104 mutilen

480 5115 508 5179 (⁸)
525 5116 555 5167 Ε·
571 5128 672 5167 mm·
985 5114 1013 5179 (⁸)
1028 5114 1060 5167 Ε.
1072 5116 1209 5181 juranum.
