<?xml version="1.0" encoding="UTF-8"?>
<!DOCTYPE html PUBLIC "-//W3C//DTD XHTML 1.0 Transitional//EN"
    "http://www.w3.org/TR/xhtml1/DTD/xhtml1-transitional.dtd">
<html xmlns="http://www.w3.org/1999/xhtml" xml:lang="en" lang="en">
 <head>
  <title>
</title>
<meta http-equiv="Content-Type" content="text/html;charset=utf-8" />
  <meta name='ocr-system' content='tesseract 3.04.00' />
  <meta name='ocr-capabilities' content='ocr_page ocr_carea ocr_par ocr_line ocrx_word'/>
</head>
<body>
  <div class='ocr_page' id='page_1' title='image "./comentumsuperda00unkngoog_0152.png"; bbox 0 0 4575 6842; ppageno 0'>
   <div class='ocr_carea' id='block_1_1' title="bbox 688 919 1492 988">
    <p class='ocr_par' dir='ltr' id='par_1_1' title="bbox 688 919 1492 988">
     <span class='ocr_line' id='line_1_1' title="bbox 688 919 1492 988; baseline -0.009 -1"><span class='ocrx_word' id='word_1_1' title='bbox 688 919 757 988; x_wconf 75' lang='lat'><strong>136</strong></span> <span class='ocrx_word' id='word_1_2' title='bbox 1044 928 1248 984; x_wconf 77' lang='lat' dir='ltr'><strong>conamen</strong></span> <span class='ocrx_word' id='word_1_3' title='bbox 1273 929 1492 983; x_wconf 80' lang='lat' dir='ltr'><strong>runurronn</strong></span> 
     </span>
    </p>
   </div>
   <div class='ocr_carea' id='block_1_2' title="bbox 683 1072 1857 1300">
    <p class='ocr_par' dir='ltr' id='par_1_2' title="bbox 683 1072 1857 1300">
     <span class='ocr_line' id='line_1_2' title="bbox 684 1072 1857 1167; baseline -0.003 -17"><span class='ocrx_word' id='word_1_4' title='bbox 684 1077 849 1150; x_wconf 85' lang='lat' dir='ltr'><strong>videmus</strong></span> <span class='ocrx_word' id='word_1_5' title='bbox 873 1073 1051 1167; x_wconf 90' lang='lat' dir='ltr'><strong>accidere,</strong></span> <span class='ocrx_word' id='word_1_6' title='bbox 1078 1073 1176 1166; x_wconf 85' lang='lat' dir='ltr'><strong>quod</strong></span> <span class='ocrx_word' id='word_1_7' title='bbox 1205 1074 1309 1147; x_wconf 93' lang='lat' dir='ltr'><strong>multi</strong></span> <span class='ocrx_word' id='word_1_8' title='bbox 1340 1073 1455 1147; x_wconf 93' lang='lat' dir='ltr'><strong>multa</strong></span> <span class='ocrx_word' id='word_1_9' title='bbox 1487 1072 1575 1147; x_wconf 79' lang='lat' dir='ltr'><strong>falsa</strong></span> <span class='ocrx_word' id='word_1_10' title='bbox 1607 1078 1643 1146; x_wconf 87' lang='lat' dir='ltr'><strong>et</strong></span> <span class='ocrx_word' id='word_1_11' title='bbox 1677 1093 1771 1148; x_wconf 85' lang='lat' dir='ltr'><strong>rana</strong></span> <span class='ocrx_word' id='word_1_12' title='bbox 1802 1073 1857 1147; x_wconf 88' lang='lat' dir='ltr'><strong>di-</strong></span> 
     </span>
     <span class='ocr_line' id='line_1_3' title="bbox 683 1193 1856 1300; baseline -0.005 -28"><span class='ocrx_word' id='word_1_13' title='bbox 683 1203 790 1272; x_wconf 86' lang='lat' dir='ltr'><strong>cunt:</strong></span> <span class='ocrx_word' id='word_1_14' title='bbox 816 1200 854 1270; x_wconf 88' lang='lat' dir='ltr'><strong>et</strong></span> <span class='ocrx_word' id='word_1_15' title='bbox 879 1193 1092 1290; x_wconf 82' lang='lat' dir='ltr'><strong>interrogati</strong></span> <span class='ocrx_word' id='word_1_16' title='bbox 1117 1215 1139 1267; x_wconf 93' lang='lat' dir='ltr'><strong>a</strong></span> <span class='ocrx_word' id='word_1_17' title='bbox 1165 1193 1301 1288; x_wconf 88' lang='lat' dir='ltr'><strong>peritis,</strong></span> <span class='ocrx_word' id='word_1_18' title='bbox 1328 1194 1356 1266; x_wconf 90' lang='lat' dir='ltr'><strong>si</strong></span> <span class='ocrx_word' id='word_1_19' title='bbox 1384 1201 1568 1300; x_wconf 83' lang='lat' dir='ltr'><strong>noverunt</strong></span> <span class='ocrx_word' id='word_1_20' title='bbox 1584 1195 1694 1268; x_wconf 91' lang='lat' dir='ltr'><strong>talem</strong></span> <span class='ocrx_word' id='word_1_21' title='bbox 1723 1200 1856 1287; x_wconf 86' lang='lat' dir='ltr'><strong>artem,</strong></span> 
     </span>
    </p>
   </div>
   <div class='ocr_carea' id='block_1_3' title="bbox 684 1313 1865 4899">
    <p class='ocr_par' dir='ltr' id='par_1_3' title="bbox 684 1313 1865 4899">
     <span class='ocr_line' id='line_1_4' title="bbox 685 1313 1856 1410; baseline -0.001 -19"><span class='ocrx_word' id='word_1_22' title='bbox 685 1319 744 1392; x_wconf 87' lang='lat' dir='ltr'><strong>vel</strong></span> <span class='ocrx_word' id='word_1_23' title='bbox 768 1317 799 1390; x_wconf 91' lang='lat' dir='ltr'><strong>si</strong></span> <span class='ocrx_word' id='word_1_24' title='bbox 827 1316 962 1390; x_wconf 89' lang='lat' dir='ltr'><strong>habent</strong></span> <span class='ocrx_word' id='word_1_25' title='bbox 994 1313 1155 1408; x_wconf 81' lang='lat' dir='ltr'>aliquam</span> <span class='ocrx_word' id='word_1_26' title='bbox 1188 1315 1379 1408; x_wconf 88' lang='lat' dir='ltr'><strong>rationem,</strong></span> <span class='ocrx_word' id='word_1_27' title='bbox 1406 1335 1471 1410; x_wconf 86' lang='lat' dir='ltr'><strong>per</strong></span> <span class='ocrx_word' id='word_1_28' title='bbox 1501 1335 1614 1408; x_wconf 90' lang='lat' dir='ltr'><strong>quarn</strong></span> <span class='ocrx_word' id='word_1_29' title='bbox 1647 1321 1723 1390; x_wconf 91' lang='lat' dir='ltr'><strong>tam</strong></span> <span class='ocrx_word' id='word_1_30' title='bbox 1755 1325 1856 1390; x_wconf 88' lang='lat' dir='ltr'><strong>certe</strong></span> 
     </span>
     <span class='ocr_line' id='line_1_5' title="bbox 684 1435 1855 1532; baseline -0.001 -21"><span class='ocrx_word' id='word_1_31' title='bbox 684 1438 873 1512; x_wconf 87' lang='lat' dir='ltr'><strong>affirment</strong></span> <span class='ocrx_word' id='word_1_32' title='bbox 896 1436 1032 1510; x_wconf 91' lang='lat' dir='ltr'><strong>dictum</strong></span> <span class='ocrx_word' id='word_1_33' title='bbox 1059 1457 1181 1528; x_wconf 88' lang='lat' dir='ltr'><strong>suum,</strong></span> <span class='ocrx_word' id='word_1_34' title='bbox 1200 1435 1367 1510; x_wconf 89' lang='lat' dir='ltr'><strong>nesciunt</strong></span> <span class='ocrx_word' id='word_1_35' title='bbox 1390 1435 1489 1508; x_wconf 94' lang='lat' dir='ltr'><strong>aliud</strong></span> <span class='ocrx_word' id='word_1_36' title='bbox 1516 1437 1748 1532; x_wconf 89' lang='lat' dir='ltr'><strong>respondere,</strong></span> <span class='ocrx_word' id='word_1_37' title='bbox 1772 1437 1855 1511; x_wconf 87' lang='lat' dir='ltr'><strong>uisi:</strong></span> 
     </span>
     <span class='ocr_line' id='line_1_6' title="bbox 684 1555 1856 1652; baseline -0.003 -19"><span class='ocrx_word' id='word_1_38' title='bbox 684 1579 816 1633; x_wconf 86' lang='lat' dir='ltr'><strong>omnes</strong></span> <span class='ocrx_word' id='word_1_39' title='bbox 840 1558 892 1631; x_wconf 90' lang='lat' dir='ltr'><strong>sic</strong></span> <span class='ocrx_word' id='word_1_40' title='bbox 916 1556 1061 1649; x_wconf 78' lang='lat' dir='ltr'><strong>uicunt3</strong></span> <span class='ocrx_word' id='word_1_41' title='bbox 1087 1563 1124 1629; x_wconf 91' lang='lat' dir='ltr'><strong>et</strong></span> <span class='ocrx_word' id='word_1_42' title='bbox 1149 1555 1199 1630; x_wconf 91' lang='lat' dir='ltr'><strong>sic</strong></span> <span class='ocrx_word' id='word_1_43' title='bbox 1219 1555 1398 1651; x_wconf 88' lang='lat' dir='ltr'><strong>judicium</strong></span> <span class='ocrx_word' id='word_1_44' title='bbox 1418 1555 1658 1630; x_wconf 79' lang='lat' dir='ltr'><strong>multitudinis</strong></span> <span class='ocrx_word' id='word_1_45' title='bbox 1679 1558 1856 1652; x_wconf 73' lang='lat' dir='ltr'><strong>imperitae</strong></span> 
     </span>
     <span class='ocr_line' id='line_1_7' title="bbox 687 1677 1855 1774; baseline -0.001 -22"><span class='ocrx_word' id='word_1_46' title='bbox 687 1680 823 1755; x_wconf 87' lang='lat' dir='ltr'><strong>iaciunt</strong></span> <span class='ocrx_word' id='word_1_47' title='bbox 848 1684 993 1752; x_wconf 93' lang='lat' dir='ltr'><strong>scutum</strong></span> <span class='ocrx_word' id='word_1_48' title='bbox 1020 1697 1142 1749; x_wconf 89' lang='lat' dir='ltr'><strong>suum.</strong></span> <span class='ocrx_word' id='word_1_49' title='bbox 1170 1677 1213 1749; x_wconf 82' lang='lat' dir='ltr'><strong>Et</strong></span> <span class='ocrx_word' id='word_1_50' title='bbox 1238 1677 1387 1750; x_wconf 85' lang='lat' dir='ltr'><strong>excluso</strong></span> <span class='ocrx_word' id='word_1_51' title='bbox 1410 1697 1483 1750; x_wconf 92' lang='lat' dir='ltr'><strong>unu</strong></span> <span class='ocrx_word' id='word_1_52' title='bbox 1502 1677 1692 1753; x_wconf 89' lang='lat' dir='ltr'><strong>inventore</strong></span> <span class='ocrx_word' id='word_1_53' title='bbox 1713 1678 1855 1774; x_wconf 83' lang='lat' dir='ltr'><strong>gallico,</strong></span> 
     </span>
     <span class='ocr_line' id='line_1_8' title="bbox 687 1797 1855 1895; baseline -0.001 -23"><span class='ocrx_word' id='word_1_54' title='bbox 687 1800 751 1895; x_wconf 87' lang='lat' dir='ltr'><strong>qui</strong></span> <span class='ocrx_word' id='word_1_55' title='bbox 776 1817 842 1894; x_wconf 87' lang='lat' dir='ltr'><strong>per</strong></span> <span class='ocrx_word' id='word_1_56' title='bbox 868 1798 1017 1890; x_wconf 89' lang='lat' dir='ltr'><strong>lamam,</strong></span> <span class='ocrx_word' id='word_1_57' title='bbox 1043 1815 1128 1890; x_wconf 84' lang='lat' dir='ltr'><strong>quae</strong></span> <span class='ocrx_word' id='word_1_58' title='bbox 1153 1803 1207 1870; x_wconf 90' lang='lat' dir='ltr'><strong>est</strong></span> <span class='ocrx_word' id='word_1_59' title='bbox 1239 1817 1336 1892; x_wconf 85' lang='lat' dir='ltr'><strong>saepe</strong></span> <span class='ocrx_word' id='word_1_60' title='bbox 1363 1817 1422 1872; x_wconf 89' lang='lat' dir='ltr'><strong>res</strong></span> <span class='ocrx_word' id='word_1_61' title='bbox 1448 1797 1650 1891; x_wconf 85' lang='lat' dir='ltr'><strong>salsissima,</strong></span> <span class='ocrx_word' id='word_1_62' title='bbox 1682 1797 1855 1892; x_wconf 87' lang='lat' dir='ltr'><strong>praelere-</strong></span> 
     </span>
     <span class='ocr_line' id='line_1_9' title="bbox 686 1916 1854 2011; baseline -0.001 -19"><span class='ocrx_word' id='word_1_63' title='bbox 686 1919 796 1992; x_wconf 90' lang='lat' dir='ltr'><strong>batur</strong></span> <span class='ocrx_word' id='word_1_64' title='bbox 820 1917 991 2011; x_wconf 81' lang='lat' dir='ltr'><strong>Arnaldo,</strong></span> <span class='ocrx_word' id='word_1_65' title='bbox 1022 1937 1121 1990; x_wconf 93' lang='lat' dir='ltr'><strong>nunc</strong></span> <span class='ocrx_word' id='word_1_66' title='bbox 1154 1916 1314 1991; x_wconf 82' lang='lat' dir='ltr'><strong>excludit</strong></span> <span class='ocrx_word' id='word_1_67' title='bbox 1344 1937 1460 1990; x_wconf 92' lang='lat' dir='ltr'><strong>unum</strong></span> <span class='ocrx_word' id='word_1_68' title='bbox 1495 1917 1670 2011; x_wconf 91' lang='lat' dir='ltr'><strong>italicum,</strong></span> <span class='ocrx_word' id='word_1_69' title='bbox 1701 1919 1764 2010; x_wconf 88' lang='lat' dir='ltr'><strong>qui</strong></span> <span class='ocrx_word' id='word_1_70' title='bbox 1793 1917 1854 1992; x_wconf 90' lang='lat' dir='ltr'><strong>diu</strong></span> 
     </span>
     <span class='ocr_line' id='line_1_10' title="bbox 687 2036 1854 2132; baseline -0.003 -19"><span class='ocrx_word' id='word_1_71' title='bbox 687 2039 812 2113; x_wconf 88' lang='lat' dir='ltr'><strong>habuit</strong></span> <span class='ocrx_word' id='word_1_72' title='bbox 830 2038 965 2110; x_wconf 88' lang='lat' dir='ltr'><strong>lamam</strong></span> <span class='ocrx_word' id='word_1_73' title='bbox 983 2057 1029 2110; x_wconf 83' lang='lat' dir='ltr'><strong>ex</strong></span> <span class='ocrx_word' id='word_1_74' title='bbox 1046 2036 1216 2130; x_wconf 87' lang='lat' dir='ltr'><strong>opinione</strong></span> <span class='ocrx_word' id='word_1_75' title='bbox 1234 2037 1344 2132; x_wconf 82' lang='lat' dir='ltr'><strong>vulgi.</strong></span> <span class='ocrx_word' id='word_1_76' title='bbox 1360 2038 1404 2110; x_wconf 88' lang='lat' dir='ltr'><strong>Et</strong></span> <span class='ocrx_word' id='word_1_77' title='bbox 1421 2038 1499 2110; x_wconf 81' lang='lat' dir='ltr'><strong>vult</strong></span> <span class='ocrx_word' id='word_1_78' title='bbox 1514 2037 1637 2112; x_wconf 90' lang='lat' dir='ltr'><strong>dicere</strong></span> <span class='ocrx_word' id='word_1_79' title='bbox 1654 2037 1691 2110; x_wconf 92' lang='lat' dir='ltr'><strong>in</strong></span> <span class='ocrx_word' id='word_1_80' title='bbox 1709 2037 1854 2130; x_wconf 89' lang='lat' dir='ltr'><strong>ellectu,</strong></span> 
     </span>
     <span class='ocr_line' id='line_1_11' title="bbox 687 2157 1857 2253; baseline -0.001 -20"><span class='ocrx_word' id='word_1_81' title='bbox 687 2159 786 2253; x_wconf 90' lang='lat' dir='ltr'><strong>quod</strong></span> <span class='ocrx_word' id='word_1_82' title='bbox 818 2158 912 2231; x_wconf 89' lang='lat' dir='ltr'><strong>sicut</strong></span> <span class='ocrx_word' id='word_1_83' title='bbox 944 2157 1065 2252; x_wconf 91' lang='lat' dir='ltr'><strong>opinio</strong></span> <span class='ocrx_word' id='word_1_84' title='bbox 1097 2157 1375 2252; x_wconf 81' lang='lat' dir='ltr'><strong>provincialium</strong></span> <span class='ocrx_word' id='word_1_85' title='bbox 1407 2158 1474 2232; x_wconf 86' lang='lat' dir='ltr'><strong>luit</strong></span> <span class='ocrx_word' id='word_1_86' title='bbox 1505 2158 1611 2232; x_wconf 78' lang='lat' dir='ltr'>fallax</span> <span class='ocrx_word' id='word_1_87' title='bbox 1646 2157 1682 2231; x_wconf 93' lang='lat' dir='ltr'><strong>in</strong></span> <span class='ocrx_word' id='word_1_88' title='bbox 1716 2159 1777 2233; x_wconf 93' lang='lat' dir='ltr'><strong>illo</strong></span> <span class='ocrx_word' id='word_1_89' title='bbox 1811 2159 1857 2232; x_wconf 88' lang='lat' dir='ltr'><strong>de</strong></span> 
     </span>
     <span class='ocr_line' id='line_1_12' title="bbox 685 2268 1857 2372; baseline 0.001 -20"><span class='ocrx_word' id='word_1_90' title='bbox 685 2268 840 2371; x_wconf 82' lang='lat' dir='ltr'><strong>lemosi,</strong></span> <span class='ocrx_word' id='word_1_91' title='bbox 865 2277 915 2350; x_wconf 90' lang='lat' dir='ltr'><strong>ita</strong></span> <span class='ocrx_word' id='word_1_92' title='bbox 945 2277 1066 2371; x_wconf 88' lang='lat' dir='ltr'><strong>opinio</strong></span> <span class='ocrx_word' id='word_1_93' title='bbox 1091 2284 1283 2351; x_wconf 90' lang='lat' dir='ltr'><strong>tuscorum</strong></span> <span class='ocrx_word' id='word_1_94' title='bbox 1311 2278 1347 2350; x_wconf 93' lang='lat' dir='ltr'><strong>in</strong></span> <span class='ocrx_word' id='word_1_95' title='bbox 1375 2278 1469 2352; x_wconf 83' lang='lat' dir='ltr'><strong>irate</strong></span> <span class='ocrx_word' id='word_1_96' title='bbox 1482 2274 1520 2370; x_wconf 84' lang='lat'><strong>(¹)</strong></span> <span class='ocrx_word' id='word_1_97' title='bbox 1545 2278 1715 2372; x_wconf 88' lang='lat' dir='ltr'><strong>Guitone,</strong></span> <span class='ocrx_word' id='word_1_98' title='bbox 1741 2279 1857 2353; x_wconf 90' lang='lat' dir='ltr'><strong>donec</strong></span> 
     </span>
     <span class='ocr_line' id='line_1_13' title="bbox 687 2393 1857 2492; baseline 0 -20"><span class='ocrx_word' id='word_1_99' title='bbox 687 2399 822 2472; x_wconf 86' lang='lat' dir='ltr'><strong>veritas</strong></span> <span class='ocrx_word' id='word_1_100' title='bbox 847 2417 913 2492; x_wconf 90' lang='lat' dir='ltr'><strong>per</strong></span> <span class='ocrx_word' id='word_1_101' title='bbox 938 2397 1129 2492; x_wconf 81' lang='lat' dir='ltr'><strong>peritiores</strong></span> <span class='ocrx_word' id='word_1_102' title='bbox 1154 2397 1222 2470; x_wconf 87' lang='lat' dir='ltr'><strong>luit</strong></span> <span class='ocrx_word' id='word_1_103' title='bbox 1246 2397 1506 2472; x_wconf 91' lang='lat' dir='ltr'><strong>demonstrata.</strong></span> <span class='ocrx_word' id='word_1_104' title='bbox 1529 2399 1629 2473; x_wconf 86' lang='lat' dir='ltr'><strong>Unde</strong></span> <span class='ocrx_word' id='word_1_105' title='bbox 1655 2399 1759 2474; x_wconf 90' lang='lat' dir='ltr'><strong>dicit:</strong></span> <span class='ocrx_word' id='word_1_106' title='bbox 1786 2393 1857 2473; x_wconf 75' lang='lat' dir='ltr'><strong>cori</strong></span> 
     </span>
     <span class='ocr_line' id='line_1_14' title="bbox 685 2519 1859 2613; baseline 0.003 -22"><span class='ocrx_word' id='word_1_107' title='bbox 685 2523 743 2613; x_wconf 80' lang='lat' dir='ltr'><strong>ser</strong></span> <span class='ocrx_word' id='word_1_108' title='bbox 767 2521 863 2591; x_wconf 79' lang='lat' dir='ltr'><strong>molti</strong></span> <span class='ocrx_word' id='word_1_109' title='bbox 888 2521 1016 2590; x_wconf 75' lang='lat' dir='ltr'><strong>andeli</strong></span> <span class='ocrx_word' id='word_1_110' title='bbox 1032 2521 1069 2590; x_wconf 76' lang='lat' dir='ltr'><strong>&lt;li</strong></span> <span class='ocrx_word' id='word_1_111' title='bbox 1088 2521 1256 2590; x_wconf 82' lang='lat' dir='ltr'><strong>Guittonc.</strong></span> <span class='ocrx_word' id='word_1_112' title='bbox 1278 2519 1349 2592; x_wconf 87' lang='lat' dir='ltr'><strong>lste</strong></span> <span class='ocrx_word' id='word_1_113' title='bbox 1369 2525 1521 2592; x_wconf 87' lang='lat' dir='ltr'><strong>vocatus</strong></span> <span class='ocrx_word' id='word_1_114' title='bbox 1546 2519 1614 2592; x_wconf 89' lang='lat' dir='ltr'><strong>luit</strong></span> <span class='ocrx_word' id='word_1_115' title='bbox 1639 2520 1753 2594; x_wconf 83' lang='lat' dir='ltr'><strong>irater</strong></span> <span class='ocrx_word' id='word_1_116' title='bbox 1769 2519 1859 2594; x_wconf 90' lang='lat' dir='ltr'><strong>Gui-</strong></span> 
     </span>
     <span class='ocr_line' id='line_1_15' title="bbox 689 2637 1856 2732; baseline -0.001 -19"><span class='ocrx_word' id='word_1_117' title='bbox 689 2647 798 2713; x_wconf 86' lang='lat' dir='ltr'><strong>tonus</strong></span> <span class='ocrx_word' id='word_1_118' title='bbox 814 2639 861 2713; x_wconf 93' lang='lat' dir='ltr'><strong>de</strong></span> <span class='ocrx_word' id='word_1_119' title='bbox 877 2639 1015 2712; x_wconf 80' lang='lat' dir='ltr'><strong>Aratio:</strong></span> <span class='ocrx_word' id='word_1_120' title='bbox 1038 2638 1151 2712; x_wconf 90' lang='lat' dir='ltr'><strong>bonas</strong></span> <span class='ocrx_word' id='word_1_121' title='bbox 1178 2637 1374 2714; x_wconf 87' lang='lat' dir='ltr'><strong>sententias</strong></span> <span class='ocrx_word' id='word_1_122' title='bbox 1392 2637 1587 2732; x_wconf 79' lang='lat' dir='ltr'><strong>adinvenit,</strong></span> <span class='ocrx_word' id='word_1_123' title='bbox 1611 2640 1677 2712; x_wconf 91' lang='lat' dir='ltr'><strong>sed</strong></span> <span class='ocrx_word' id='word_1_124' title='bbox 1699 2640 1856 2715; x_wconf 88' lang='lat' dir='ltr'><strong>debilem</strong></span> 
     </span>
     <span class='ocr_line' id='line_1_16' title="bbox 691 2758 1856 2854; baseline 0.002 -21"><span class='ocrx_word' id='word_1_125' title='bbox 691 2761 827 2854; x_wconf 91' lang='lat' dir='ltr'><strong>stilum,</strong></span> <span class='ocrx_word' id='word_1_126' title='bbox 844 2760 939 2834; x_wconf 90' lang='lat' dir='ltr'><strong>sicut</strong></span> <span class='ocrx_word' id='word_1_127' title='bbox 955 2766 1073 2854; x_wconf 83' lang='lat' dir='ltr'><strong>potest</strong></span> <span class='ocrx_word' id='word_1_128' title='bbox 1091 2759 1240 2854; x_wconf 83' lang='lat' dir='ltr'><strong>intelligi</strong></span> <span class='ocrx_word' id='word_1_129' title='bbox 1266 2779 1313 2832; x_wconf 85' lang='lat' dir='ltr'><strong>ex</strong></span> <span class='ocrx_word' id='word_1_130' title='bbox 1338 2758 1441 2852; x_wconf 92' lang='lat' dir='ltr'><strong>libro,</strong></span> <span class='ocrx_word' id='word_1_131' title='bbox 1461 2779 1571 2853; x_wconf 88' lang='lat' dir='ltr'><strong>quem</strong></span> <span class='ocrx_word' id='word_1_132' title='bbox 1594 2759 1690 2852; x_wconf 83' lang='lat' dir='ltr'><strong>tecit,</strong></span> <span class='ocrx_word' id='word_1_133' title='bbox 1709 2766 1749 2833; x_wconf 92' lang='lat' dir='ltr'><strong>ut</strong></span> <span class='ocrx_word' id='word_1_134' title='bbox 1768 2761 1856 2854; x_wconf 82' lang='lat' dir='ltr'><strong>vidi3</strong></span> 
     </span>
     <span class='ocr_line' id='line_1_17' title="bbox 692 2880 1859 2975; baseline 0.002 -21"><span class='ocrx_word' id='word_1_135' title='bbox 692 2880 789 2954; x_wconf 92' lang='lat' dir='ltr'><strong>uode</strong></span> <span class='ocrx_word' id='word_1_136' title='bbox 814 2880 917 2954; x_wconf 89' lang='lat' dir='ltr'><strong>dicit:</strong></span> <span class='ocrx_word' id='word_1_137' title='bbox 948 2901 1019 2972; x_wconf 83' lang='lat' dir='ltr'><strong>por</strong></span> <span class='ocrx_word' id='word_1_138' title='bbox 1043 2883 1093 2953; x_wconf 84' lang='lat' dir='ltr'><strong>lui</strong></span> <span class='ocrx_word' id='word_1_139' title='bbox 1120 2883 1241 2954; x_wconf 79' lang='lat' dir='ltr'><strong>doado</strong></span> <span class='ocrx_word' id='word_1_140' title='bbox 1269 2883 1298 2953; x_wconf 87' lang='lat' dir='ltr'><strong>tl</strong></span> <span class='ocrx_word' id='word_1_141' title='bbox 1311 2883 1448 2972; x_wconf 68' lang='lat' dir='ltr'><strong>praeto,</strong></span> <span class='ocrx_word' id='word_1_142' title='bbox 1480 2880 1571 2954; x_wconf 90' lang='lat' dir='ltr'><strong>idest</strong></span> <span class='ocrx_word' id='word_1_143' title='bbox 1599 2882 1748 2975; x_wconf 85' lang='lat' dir='ltr'><strong>lamam,</strong></span> <span class='ocrx_word' id='word_1_144' title='bbox 1780 2903 1859 2956; x_wconf 93' lang='lat' dir='ltr'><strong>ma·</strong></span> 
     </span>
     <span class='ocr_line' id='line_1_18' title="bbox 688 3002 1858 3098; baseline 0.002 -24"><span class='ocrx_word' id='word_1_145' title='bbox 688 3002 745 3097; x_wconf 81' lang='lat' dir='ltr'><strong>gis</strong></span> <span class='ocrx_word' id='word_1_146' title='bbox 762 3023 875 3094; x_wconf 91' lang='lat' dir='ltr'><strong>quam</strong></span> <span class='ocrx_word' id='word_1_147' title='bbox 902 3021 1003 3095; x_wconf 91' lang='lat' dir='ltr'><strong>vero,</strong></span> <span class='ocrx_word' id='word_1_148' title='bbox 1028 3004 1066 3074; x_wconf 78' lang='lat' dir='ltr'><strong>tlt</strong></span> <span class='ocrx_word' id='word_1_149' title='bbox 1089 3003 1195 3091; x_wconf 65' lang='lat' dir='ltr'><strong>arido</strong></span> <span class='ocrx_word' id='word_1_150' title='bbox 1218 3004 1255 3074; x_wconf 84' lang='lat' dir='ltr'><strong>tn</strong></span> <span class='ocrx_word' id='word_1_151' title='bbox 1280 3004 1398 3093; x_wconf 69' lang='lat' dir='ltr'><strong>orado,</strong></span> <span class='ocrx_word' id='word_1_152' title='bbox 1424 3016 1490 3096; x_wconf 88' lang='lat' dir='ltr'><strong>per</strong></span> <span class='ocrx_word' id='word_1_153' title='bbox 1515 3003 1674 3076; x_wconf 90' lang='lat' dir='ltr'><strong>multum</strong></span> <span class='ocrx_word' id='word_1_154' title='bbox 1701 3009 1858 3098; x_wconf 84' lang='lat' dir='ltr'><strong>tempus,</strong></span> 
     </span>
     <span class='ocr_line' id='line_1_19' title="bbox 687 3120 1859 3215; baseline 0.002 -21"><span class='ocrx_word' id='word_1_155' title='bbox 687 3124 740 3212; x_wconf 79' lang='lat' dir='ltr'><strong>fio</strong></span> <span class='ocrx_word' id='word_1_156' title='bbox 755 3121 815 3194; x_wconf 81' lang='lat' dir='ltr'><strong>cte</strong></span> <span class='ocrx_word' id='word_1_157' title='bbox 836 3123 863 3194; x_wconf 84' lang='lat' dir='ltr'><strong>u</strong></span> <span class='ocrx_word' id='word_1_158' title='bbox 886 3141 984 3211; x_wconf 79' lang='lat' dir='ltr'><strong>uero,</strong></span> <span class='ocrx_word' id='word_1_159' title='bbox 1001 3120 1099 3214; x_wconf 90' lang='lat' dir='ltr'><strong>quud</strong></span> <span class='ocrx_word' id='word_1_160' title='bbox 1126 3127 1181 3195; x_wconf 86' lang='lat' dir='ltr'><strong>est</strong></span> <span class='ocrx_word' id='word_1_161' title='bbox 1206 3141 1266 3195; x_wconf 88' lang='lat' dir='ltr'><strong>res</strong></span> <span class='ocrx_word' id='word_1_162' title='bbox 1291 3121 1497 3215; x_wconf 77' lang='lat' dir='ltr'><strong>fortissima,</strong></span> <span class='ocrx_word' id='word_1_163' title='bbox 1523 3125 1606 3194; x_wconf 86' lang='lat' dir='ltr'><strong>l’ta</strong></span> <span class='ocrx_word' id='word_1_164' title='bbox 1624 3125 1730 3215; x_wconf 84' lang='lat' dir='ltr'><strong>utnto,</strong></span> <span class='ocrx_word' id='word_1_165' title='bbox 1756 3123 1859 3196; x_wconf 92' lang='lat' dir='ltr'><strong>illum</strong></span> 
     </span>
     <span class='ocr_line' id='line_1_20' title="bbox 692 3236 1860 3336; baseline 0.001 -23"><span class='ocrx_word' id='word_1_166' title='bbox 692 3240 902 3335; x_wconf 85' lang='lat' dir='ltr'><strong>Arnaldum,</strong></span> <span class='ocrx_word' id='word_1_167' title='bbox 934 3261 1001 3312; x_wconf 85' lang='lat' dir='ltr'><strong>con</strong></span> <span class='ocrx_word' id='word_1_168' title='bbox 1020 3236 1083 3332; x_wconf 77' lang='lat' dir='ltr'><strong>ptri</strong></span> <span class='ocrx_word' id='word_1_169' title='bbox 1103 3261 1267 3332; x_wconf 80' lang='lat' dir='ltr'><strong>persone,</strong></span> <span class='ocrx_word' id='word_1_170' title='bbox 1302 3242 1388 3334; x_wconf 88' lang='lat' dir='ltr'><strong>quia</strong></span> <span class='ocrx_word' id='word_1_171' title='bbox 1424 3242 1527 3314; x_wconf 92' lang='lat' dir='ltr'><strong>multi</strong></span> <span class='ocrx_word' id='word_1_172' title='bbox 1559 3242 1739 3336; x_wconf 86' lang='lat' dir='ltr'><strong>sapientes</strong></span> <span class='ocrx_word' id='word_1_173' title='bbox 1764 3249 1860 3316; x_wconf 91' lang='lat' dir='ltr'><strong>tam-</strong></span> 
     </span>
     <span class='ocr_line' id='line_1_21' title="bbox 689 3361 1861 3437; baseline -0.001 -1"><span class='ocrx_word' id='word_1_174' title='bbox 689 3361 774 3436; x_wconf 90' lang='lat' dir='ltr'><strong>dem</strong></span> <span class='ocrx_word' id='word_1_175' title='bbox 808 3362 976 3436; x_wconf 90' lang='lat' dir='ltr'><strong>vicerunt</strong></span> <span class='ocrx_word' id='word_1_176' title='bbox 1007 3380 1175 3435; x_wconf 90' lang='lat' dir='ltr'><strong>errorem</strong></span> <span class='ocrx_word' id='word_1_177' title='bbox 1211 3382 1296 3435; x_wconf 92' lang='lat' dir='ltr'><strong>cum</strong></span> <span class='ocrx_word' id='word_1_178' title='bbox 1330 3369 1411 3436; x_wconf 89' lang='lat' dir='ltr'><strong>arte</strong></span> <span class='ocrx_word' id='word_1_179' title='bbox 1443 3368 1479 3435; x_wconf 91' lang='lat' dir='ltr'><strong>et</strong></span> <span class='ocrx_word' id='word_1_180' title='bbox 1512 3361 1662 3437; x_wconf 91' lang='lat' dir='ltr'><strong>ratione.</strong></span> <span class='ocrx_word' id='word_1_181' title='bbox 1678 3403 1726 3416; x_wconf 89' lang='lat'>-</span> <span class='ocrx_word' id='word_1_182' title='bbox 1744 3367 1796 3436; x_wconf 87' lang='lat' dir='ltr'><strong>Or</strong></span> <span class='ocrx_word' id='word_1_183' title='bbox 1824 3383 1861 3435; x_wconf 79' lang='lat' dir='ltr'><strong>oe</strong></span> 
     </span>
     <span class='ocr_line' id='line_1_22' title="bbox 690 3481 1860 3576; baseline -0.001 -20"><span class='ocrx_word' id='word_1_184' title='bbox 690 3489 726 3556; x_wconf 85' lang='lat' dir='ltr'><strong>tu</strong></span> <span class='ocrx_word' id='word_1_185' title='bbox 746 3483 815 3554; x_wconf 83' lang='lat' dir='ltr'><strong>tui.</strong></span> <span class='ocrx_word' id='word_1_186' title='bbox 842 3481 947 3554; x_wconf 91' lang='lat' dir='ltr'><strong>Nunc</strong></span> <span class='ocrx_word' id='word_1_187' title='bbox 972 3487 1078 3576; x_wconf 85' lang='lat' dir='ltr'><strong>poeta</strong></span> <span class='ocrx_word' id='word_1_188' title='bbox 1103 3481 1260 3556; x_wconf 84' lang='lat' dir='ltr'><strong>ostendit</strong></span> <span class='ocrx_word' id='word_1_189' title='bbox 1284 3481 1489 3574; x_wconf 88' lang='lat' dir='ltr'><strong>servitium,</strong></span> <span class='ocrx_word' id='word_1_190' title='bbox 1511 3481 1609 3575; x_wconf 89' lang='lat' dir='ltr'><strong>quod</strong></span> <span class='ocrx_word' id='word_1_191' title='bbox 1638 3482 1767 3556; x_wconf 93' lang='lat' dir='ltr'><strong>ultimo</strong></span> <span class='ocrx_word' id='word_1_192' title='bbox 1796 3503 1860 3576; x_wconf 88' lang='lat' dir='ltr'><strong>pe-</strong></span> 
     </span>
     <span class='ocr_line' id='line_1_23' title="bbox 690 3601 1860 3697; baseline -0.002 -19"><span class='ocrx_word' id='word_1_193' title='bbox 690 3604 769 3678; x_wconf 82' lang='lat' dir='ltr'><strong>tivit</strong></span> <span class='ocrx_word' id='word_1_194' title='bbox 793 3601 910 3676; x_wconf 90' lang='lat' dir='ltr'><strong>Guido</strong></span> <span class='ocrx_word' id='word_1_195' title='bbox 927 3603 975 3676; x_wconf 91' lang='lat' dir='ltr'><strong>ab</strong></span> <span class='ocrx_word' id='word_1_196' title='bbox 995 3623 1051 3676; x_wconf 88' lang='lat' dir='ltr'><strong>eo.</strong></span> <span class='ocrx_word' id='word_1_197' title='bbox 1070 3603 1113 3675; x_wconf 82' lang='lat' dir='ltr'><strong>llt</strong></span> <span class='ocrx_word' id='word_1_198' title='bbox 1134 3601 1293 3676; x_wconf 89' lang='lat' dir='ltr'><strong>breviter</strong></span> <span class='ocrx_word' id='word_1_199' title='bbox 1312 3601 1408 3695; x_wconf 90' lang='lat' dir='ltr'><strong>dicit,</strong></span> <span class='ocrx_word' id='word_1_200' title='bbox 1429 3603 1527 3695; x_wconf 85' lang='lat' dir='ltr'><strong>quod</strong></span> <span class='ocrx_word' id='word_1_201' title='bbox 1548 3602 1665 3677; x_wconf 86' lang='lat' dir='ltr'><strong>Guido</strong></span> <span class='ocrx_word' id='word_1_202' title='bbox 1681 3603 1759 3697; x_wconf 91' lang='lat' dir='ltr'><strong>jam</strong></span> <span class='ocrx_word' id='word_1_203' title='bbox 1779 3611 1860 3677; x_wconf 92' lang='lat' dir='ltr'><strong>erat</strong></span> 
     </span>
     <span class='ocr_line' id='line_1_24' title="bbox 691 3720 1861 3818; baseline -0.003 -20"><span class='ocrx_word' id='word_1_204' title='bbox 691 3729 885 3798; x_wconf 90' lang='lat' dir='ltr'><strong>contentus</strong></span> <span class='ocrx_word' id='word_1_205' title='bbox 900 3721 946 3795; x_wconf 89' lang='lat' dir='ltr'><strong>de</strong></span> <span class='ocrx_word' id='word_1_206' title='bbox 971 3720 1079 3814; x_wconf 85' lang='lat' dir='ltr'><strong>tama,</strong></span> <span class='ocrx_word' id='word_1_207' title='bbox 1099 3741 1212 3815; x_wconf 89' lang='lat' dir='ltr'><strong>quam</strong></span> <span class='ocrx_word' id='word_1_208' title='bbox 1231 3721 1382 3796; x_wconf 80' lang='lat' dir='ltr'><strong>dederat</strong></span> <span class='ocrx_word' id='word_1_209' title='bbox 1408 3722 1473 3795; x_wconf 90' lang='lat' dir='ltr'><strong>sibi</strong></span> <span class='ocrx_word' id='word_1_210' title='bbox 1500 3729 1625 3816; x_wconf 91' lang='lat' dir='ltr'><strong>poeta:</strong></span> <span class='ocrx_word' id='word_1_211' title='bbox 1647 3722 1800 3818; x_wconf 84' lang='lat' dir='ltr'><strong>rogavit,</strong></span> <span class='ocrx_word' id='word_1_212' title='bbox 1819 3729 1861 3794; x_wconf 93' lang='lat' dir='ltr'><strong>ut</strong></span> 
     </span>
     <span class='ocr_line' id='line_1_25' title="bbox 691 3841 1861 3937; baseline -0.003 -21"><span class='ocrx_word' id='word_1_213' title='bbox 691 3843 795 3918; x_wconf 90' lang='lat' dir='ltr'><strong>daret</strong></span> <span class='ocrx_word' id='word_1_214' title='bbox 820 3841 887 3915; x_wconf 91' lang='lat' dir='ltr'><strong>sibi</strong></span> <span class='ocrx_word' id='word_1_215' title='bbox 912 3842 1063 3916; x_wconf 86' lang='lat' dir='ltr'><strong>brevem</strong></span> <span class='ocrx_word' id='word_1_216' title='bbox 1082 3841 1298 3936; x_wconf 90' lang='lat' dir='ltr'><strong>orationem,</strong></span> <span class='ocrx_word' id='word_1_217' title='bbox 1316 3841 1402 3934; x_wconf 89' lang='lat' dir='ltr'><strong>quia</strong></span> <span class='ocrx_word' id='word_1_218' title='bbox 1420 3841 1541 3915; x_wconf 87' lang='lat' dir='ltr'><strong>brevis</strong></span> <span class='ocrx_word' id='word_1_219' title='bbox 1558 3842 1676 3916; x_wconf 92' lang='lat' dir='ltr'><strong>oratio</strong></span> <span class='ocrx_word' id='word_1_220' title='bbox 1694 3848 1861 3937; x_wconf 89' lang='lat' dir='ltr'><strong>penetrat</strong></span> 
     </span>
     <span class='ocr_line' id='line_1_26' title="bbox 692 3954 1862 4057; baseline -0.002 -19"><span class='ocrx_word' id='word_1_221' title='bbox 692 3964 849 4056; x_wconf 77' lang='lat' dir='ltr'><strong>coelum3</strong></span> <span class='ocrx_word' id='word_1_222' title='bbox 876 3962 974 4036; x_wconf 88' lang='lat' dir='ltr'><strong>unde</strong></span> <span class='ocrx_word' id='word_1_223' title='bbox 998 3962 1083 4035; x_wconf 94' lang='lat' dir='ltr'><strong>dicit</strong></span> <span class='ocrx_word' id='word_1_224' title='bbox 1108 3969 1276 4056; x_wconf 88' lang='lat' dir='ltr'><strong>repetens</strong></span> <span class='ocrx_word' id='word_1_225' title='bbox 1300 3961 1456 4057; x_wconf 83' lang='lat' dir='ltr'><strong>gratiam</strong></span> <span class='ocrx_word' id='word_1_226' title='bbox 1484 3961 1563 4036; x_wconf 90' lang='lat' dir='ltr'><strong>eius</strong></span> <span class='ocrx_word' id='word_1_227' title='bbox 1588 3954 1780 4054; x_wconf 79' lang='lat' dir='ltr'><strong>Gnido(²):</strong></span> <span class='ocrx_word' id='word_1_228' title='bbox 1810 3967 1862 4036; x_wconf 84' lang='lat' dir='ltr'><strong>Or</strong></span> 
     </span>
     <span class='ocr_line' id='line_1_27' title="bbox 691 4076 1861 4176; baseline -0.001 -18"><span class='ocrx_word' id='word_1_229' title='bbox 691 4106 729 4158; x_wconf 80' lang='lat' dir='ltr'><strong>se</strong></span> <span class='ocrx_word' id='word_1_230' title='bbox 746 4092 780 4158; x_wconf 83' lang='lat' dir='ltr'><strong>tu</strong></span> <span class='ocrx_word' id='word_1_231' title='bbox 796 4086 856 4156; x_wconf 82' lang='lat' dir='ltr'><strong>tut</strong></span> <span class='ocrx_word' id='word_1_232' title='bbox 870 4076 901 4155; x_wconf 79' lang='lat' dir='ltr'><strong>sl</strong></span> <span class='ocrx_word' id='word_1_233' title='bbox 917 4085 1035 4174; x_wconf 74' lang='lat' dir='ltr'><strong>omnio</strong></span> <span class='ocrx_word' id='word_1_234' title='bbox 1048 4085 1246 4174; x_wconf 65' lang='lat' dir='ltr'><strong>ammonio,</strong></span> <span class='ocrx_word' id='word_1_235' title='bbox 1260 4082 1363 4176; x_wconf 90' lang='lat' dir='ltr'><strong>idest,</strong></span> <span class='ocrx_word' id='word_1_236' title='bbox 1382 4087 1455 4156; x_wconf 94' lang='lat' dir='ltr'><strong>tam</strong></span> <span class='ocrx_word' id='word_1_237' title='bbox 1475 4083 1714 4158; x_wconf 85' lang='lat' dir='ltr'><strong>excellentem</strong></span> <span class='ocrx_word' id='word_1_238' title='bbox 1733 4091 1769 4158; x_wconf 91' lang='lat' dir='ltr'><strong>et</strong></span> <span class='ocrx_word' id='word_1_239' title='bbox 1787 4085 1861 4157; x_wconf 87' lang='lat' dir='ltr'><strong>sin-</strong></span> 
     </span>
     <span class='ocr_line' id='line_1_28' title="bbox 692 4202 1861 4301; baseline 0 -24"><span class='ocrx_word' id='word_1_240' title='bbox 692 4205 861 4301; x_wconf 82' lang='lat' dir='ltr'><strong>gularem</strong></span> <span class='ocrx_word' id='word_1_241' title='bbox 882 4202 1129 4298; x_wconf 64' lang='lat' dir='ltr'><strong>gratiamne</strong></span> <span class='ocrx_word' id='word_1_242' title='bbox 1149 4205 1239 4275; x_wconf 82' lang='lat' dir='ltr'><strong>licito</strong></span> <span class='ocrx_word' id='word_1_243' title='bbox 1264 4204 1363 4275; x_wconf 75' lang='lat' dir='ltr'><strong>ticio</strong></span> <span class='ocrx_word' id='word_1_244' title='bbox 1388 4205 1411 4274; x_wconf 78' lang='lat' dir='ltr'><strong>t</strong></span> <span class='ocrx_word' id='word_1_245' title='bbox 1421 4205 1552 4296; x_wconf 58' lang='lat' dir='ltr'><strong>andum</strong></span> <span class='ocrx_word' id='word_1_246' title='bbox 1571 4223 1657 4277; x_wconf 90' lang='lat' dir='ltr'><strong>curu</strong></span> <span class='ocrx_word' id='word_1_247' title='bbox 1675 4221 1789 4278; x_wconf 88' lang='lat' dir='ltr'><strong>carne</strong></span> <span class='ocrx_word' id='word_1_248' title='bbox 1805 4203 1861 4277; x_wconf 88' lang='lat' dir='ltr'><strong>vi-</strong></span> 
     </span>
     <span class='ocr_line' id='line_1_29' title="bbox 693 4321 1861 4418; baseline -0.003 -18"><span class='ocrx_word' id='word_1_249' title='bbox 693 4333 814 4418; x_wconf 86' lang='lat' dir='ltr'><strong>vente,</strong></span> <span class='ocrx_word' id='word_1_250' title='bbox 838 4327 879 4396; x_wconf 87' lang='lat' dir='ltr'><strong>ul</strong></span> <span class='ocrx_word' id='word_1_251' title='bbox 899 4327 1063 4414; x_wconf 77' lang='lat' dir='ltr'><strong>clriortro,</strong></span> <span class='ocrx_word' id='word_1_252' title='bbox 1082 4322 1183 4415; x_wconf 84' lang='lat' dir='ltr'><strong>idest,</strong></span> <span class='ocrx_word' id='word_1_253' title='bbox 1203 4321 1249 4397; x_wconf 89' lang='lat' dir='ltr'><strong>ad</strong></span> <span class='ocrx_word' id='word_1_254' title='bbox 1268 4323 1444 4418; x_wconf 85' lang='lat' dir='ltr'><strong>templum</strong></span> <span class='ocrx_word' id='word_1_255' title='bbox 1463 4323 1620 4398; x_wconf 85' lang='lat' dir='ltr'><strong>coelestis</strong></span> <span class='ocrx_word' id='word_1_256' title='bbox 1645 4323 1861 4417; x_wconf 84' lang='lat' dir='ltr'><strong>Jerusalem,</strong></span> 
     </span>
     <span class='ocr_line' id='line_1_30' title="bbox 691 4437 1862 4538; baseline -0.003 -17"><span class='ocrx_word' id='word_1_257' title='bbox 691 4451 750 4522; x_wconf 83' lang='lat' dir='ltr'><strong>nel</strong></span> <span class='ocrx_word' id='word_1_258' title='bbox 773 4441 858 4538; x_wconf 65' lang='lat' dir='ltr'><strong>duat</strong></span> <span class='ocrx_word' id='word_1_259' title='bbox 882 4447 995 4517; x_wconf 71' lang='lat' dir='ltr'><strong>cristo</strong></span> <span class='ocrx_word' id='word_1_260' title='bbox 1019 4437 1041 4517; x_wconf 66' lang='lat' dir='ltr'><strong>e*</strong></span> <span class='ocrx_word' id='word_1_261' title='bbox 1063 4443 1185 4516; x_wconf 67' lang='lat' dir='ltr'><strong>uldam</strong></span> <span class='ocrx_word' id='word_1_262' title='bbox 1206 4445 1263 4516; x_wconf 86' lang='lat' dir='ltr'><strong>det</strong></span> <span class='ocrx_word' id='word_1_263' title='bbox 1282 4445 1438 4533; x_wconf 67' lang='lat' dir='ltr'><strong>collecto,</strong></span> <span class='ocrx_word' id='word_1_264' title='bbox 1456 4441 1602 4536; x_wconf 82' lang='lat' dir='ltr'><strong>scilicet,</strong></span> <span class='ocrx_word' id='word_1_265' title='bbox 1629 4443 1862 4537; x_wconf 81' lang='lat' dir='ltr'><strong>triumphan-</strong></span> 
     </span>
     <span class='ocr_line' id='line_1_31' title="bbox 695 4563 1861 4658; baseline -0.002 -17"><span class='ocrx_word' id='word_1_266' title='bbox 695 4567 739 4641; x_wconf 89' lang='lat' dir='ltr'><strong>tis</strong></span> <span class='ocrx_word' id='word_1_267' title='bbox 761 4565 942 4657; x_wconf 82' lang='lat' dir='ltr'><strong>ecclesiae3</strong></span> <span class='ocrx_word' id='word_1_268' title='bbox 966 4567 1058 4658; x_wconf 70' lang='lat' dir='ltr'><strong>scoti</strong></span> <span class='ocrx_word' id='word_1_269' title='bbox 1084 4585 1151 4656; x_wconf 82' lang='lat' dir='ltr'><strong>per</strong></span> <span class='ocrx_word' id='word_1_270' title='bbox 1182 4583 1248 4654; x_wconf 80' lang='lat' dir='ltr'><strong>me,</strong></span> <span class='ocrx_word' id='word_1_271' title='bbox 1280 4563 1316 4635; x_wconf 93' lang='lat' dir='ltr'><strong>in</strong></span> <span class='ocrx_word' id='word_1_272' title='bbox 1343 4563 1403 4636; x_wconf 90' lang='lat' dir='ltr'><strong>illo</strong></span> <span class='ocrx_word' id='word_1_273' title='bbox 1429 4564 1589 4638; x_wconf 90' lang='lat' dir='ltr'><strong>claustro</strong></span> <span class='ocrx_word' id='word_1_274' title='bbox 1616 4571 1690 4637; x_wconf 91' lang='lat' dir='ltr'><strong>tam</strong></span> <span class='ocrx_word' id='word_1_275' title='bbox 1717 4564 1861 4656; x_wconf 85' lang='lat' dir='ltr'><strong>devoto,</strong></span> 
     </span>
     <span class='ocr_line' id='line_1_32' title="bbox 692 4682 1862 4778; baseline -0.001 -19"><span class='ocrx_word' id='word_1_276' title='bbox 692 4707 742 4759; x_wconf 84' lang='lat' dir='ltr'><strong>uo</strong></span> <span class='ocrx_word' id='word_1_277' title='bbox 765 4688 823 4759; x_wconf 71' lang='lat' dir='ltr'><strong>dtr</strong></span> <span class='ocrx_word' id='word_1_278' title='bbox 847 4688 885 4759; x_wconf 80' lang='lat' dir='ltr'><strong>di</strong></span> <span class='ocrx_word' id='word_1_279' title='bbox 905 4691 1143 4777; x_wconf 68' lang='lat' dir='ltr'><strong>paternoruo,</strong></span> <span class='ocrx_word' id='word_1_280' title='bbox 1170 4683 1272 4778; x_wconf 83' lang='lat' dir='ltr'><strong>idest,</strong></span> <span class='ocrx_word' id='word_1_281' title='bbox 1298 4683 1503 4758; x_wconf 89' lang='lat' dir='ltr'><strong>orationem</strong></span> <span class='ocrx_word' id='word_1_282' title='bbox 1534 4682 1767 4778; x_wconf 82' lang='lat' dir='ltr'><strong>dominicam,</strong></span> <span class='ocrx_word' id='word_1_283' title='bbox 1789 4705 1862 4778; x_wconf 84' lang='lat' dir='ltr'><strong>qua</strong></span> 
     </span>
     <span class='ocr_line' id='line_1_33' title="bbox 695 4801 1865 4899; baseline 0.001 -21"><span class='ocrx_word' id='word_1_284' title='bbox 695 4805 794 4880; x_wconf 90' lang='lat' dir='ltr'><strong>nulla</strong></span> <span class='ocrx_word' id='word_1_285' title='bbox 825 4810 880 4880; x_wconf 87' lang='lat' dir='ltr'><strong>est</strong></span> <span class='ocrx_word' id='word_1_286' title='bbox 911 4805 1040 4880; x_wconf 90' lang='lat' dir='ltr'><strong>melior</strong></span> <span class='ocrx_word' id='word_1_287' title='bbox 1071 4811 1109 4879; x_wconf 92' lang='lat' dir='ltr'><strong>et</strong></span> <span class='ocrx_word' id='word_1_288' title='bbox 1140 4801 1346 4898; x_wconf 79' lang='lat' dir='ltr'><strong>perfectior,</strong></span> <span class='ocrx_word' id='word_1_289' title='bbox 1372 4810 1414 4876; x_wconf 92' lang='lat' dir='ltr'><strong>ut</strong></span> <span class='ocrx_word' id='word_1_290' title='bbox 1444 4803 1539 4878; x_wconf 88' lang='lat' dir='ltr'><strong>bene</strong></span> <span class='ocrx_word' id='word_1_291' title='bbox 1569 4803 1774 4899; x_wconf 84' lang='lat' dir='ltr'><strong>expositum</strong></span> <span class='ocrx_word' id='word_1_292' title='bbox 1808 4813 1865 4879; x_wconf 87' lang='lat' dir='ltr'><strong>est</strong></span> 
     </span>
    </p>
   </div>
   <div class='ocr_carea' id='block_1_4' title="bbox 758 5063 1555 5129">
    <p class='ocr_par' dir='ltr' id='par_1_4' title="bbox 758 5063 1555 5129">
     <span class='ocr_line' id='line_1_34' title="bbox 758 5063 1555 5129; baseline -0.003 -12"><span class='ocrx_word' id='word_1_293' title='bbox 758 5066 786 5129; x_wconf 81' lang='lat'><strong>(¹)</strong></span> <span class='ocrx_word' id='word_1_294' title='bbox 801 5066 832 5116; x_wconf 73' lang='lat'><strong>11„</strong></span> <span class='ocrx_word' id='word_1_295' title='bbox 848 5065 875 5116; x_wconf 84' lang='lat' dir='ltr'><strong>tu</strong></span> <span class='ocrx_word' id='word_1_296' title='bbox 891 5065 972 5117; x_wconf 75' lang='lat' dir='ltr'><strong>tratre</strong></span> <span class='ocrx_word' id='word_1_297' title='bbox 987 5067 1118 5118; x_wconf 76' lang='lat' dir='ltr'><strong>Gnidum.</strong></span> <span class='ocrx_word' id='word_1_298' title='bbox 1305 5063 1333 5124; x_wconf 79' lang='lat'><strong>(¹)</strong></span> <span class='ocrx_word' id='word_1_299' title='bbox 1350 5065 1380 5115; x_wconf 74' lang='lat' dir='ltr'>R</span> <span class='ocrx_word' id='word_1_300' title='bbox 1397 5067 1450 5129; x_wconf 79' lang='lat' dir='ltr'><strong>ipso</strong></span> <span class='ocrx_word' id='word_1_301' title='bbox 1465 5065 1555 5116; x_wconf 87' lang='lat' dir='ltr'><strong>Guido.</strong></span> 
     </span>
    </p>
   </div>
   <div class='ocr_carea' id='block_1_5' title="bbox 0 0 2303 6836">
    <p class='ocr_par' dir='ltr' id='par_1_5' title="bbox 0 0 2303 6836">
     <span class='ocr_line' id='line_1_35' title="bbox 0 0 2303 6836; baseline 0 0"><span class='ocrx_word' id='word_1_302' title='bbox 0 0 2303 6836; x_wconf 95' lang='lat' dir='ltr'><strong> </strong></span> 
     </span>
    </p>
   </div>
  </div>
 </body>
</html>
