4575 6842
709 991 849 1049 cunnus
874 994 1089 1050 minuemus
1113 996 1276 1051 nmmos.
1498 984 1570 1053 Μ

398 1137 577 1235 propbeta
601 1137 765 1234 deplorat
789 1137 1052 1215 desolationem
1077 1144 1189 1214 terrae
1212 1146 1349 1215 sanctae
1365 1162 1478 1235 quam
1503 1144 1571 1218 ba·

397 1257 509 1333 bituri
536 1265 642 1333 erant
657 1250 706 1353 (¹),
736 1263 774 1334 et
807 1258 963 1335 ostendit
987 1258 1174 1354 quomodo
1211 1258 1334 1333 iniusti
1366 1267 1404 1336 et
1438 1262 1571 1359 ingrati

398 1378 639 1454 subiiciuntur
663 1378 814 1475 flagellis
838 1379 1041 1454 homiuum.
1070 1380 1113 1453 Et
1143 1386 1198 1455 en
1229 1379 1347 1455 oratio
1375 1380 1425 1456 ad
1449 1382 1568 1457 Mum

397 1498 497 1595 quod
522 1498 635 1591 corda
664 1505 907 1575 convertatur
942 1501 1050 1576 malo.
1080 1500 1211 1596 Tangit
1240 1507 1368 1576 autem
1402 1502 1568 1578 ordinem
1685 1552 1691 1561 ,

396 1639 473 1714 quo
497 1620 705 1715 cantabant,
730 1626 769 1694 et
793 1626 834 1695 tu
860 1616 988 1696 ordina
1013 1620 1065 1696 sic
1091 1621 1256 1696 literam:
1284 1626 1330 1695 to
1353 1624 1481 1715 donne,
1499 1624 1571 1699 sci-

397 1738 492 1835 lioet‚
517 1744 656 1835 septam
682 1738 855 1836 virgines,
880 1744 1132 1815 incominctoro
1161 1762 1182 1815 c
1210 1743 1450 1833 loprimondo,
1481 1763 1571 1839 sup-

397 1858 468 1956 ple,
503 1860 666 1935 clamare
697 1860 824 1935 dolore
857 1867 1102 1956 extorquente
1141 1861 1323 1958 lacrymas
1356 1868 1395 1937 et
1427 1861 1567 1938 dicere:

397 1984 495 2055 dolce
516 1983 729 2073 psalmodio,
746 1978 850 2075 idest,
867 1989 1016 2057 cantum
1035 1981 1166 2076 psalmi
1186 1980 1344 2077 dulcem,
1364 1982 1449 2057 licet
1472 1987 1568 2057 esset

396 2098 444 2177 dc
469 2100 622 2175 materia
649 2120 788 2175 amara.
806 2100 974 2177 Psalmus
998 2109 1124 2179 autem
1151 2109 1232 2177 erat
1256 2102 1356 2176 talis:
1382 2106 1490 2195 Dein,
1509 2123 1569 2177 vc·

396 2228 525 2297 aeaut
548 2226 688 2313 9entu3
714 2226 751 2297 et
775 2222 855 2295 vult
879 2222 1002 2296 dicere
1028 2222 1224 2317 propheta:
1254 2244 1278 2296 o
1303 2223 1413 2317 bens,
1437 2230 1567 2315 poto,

394 2341 497 2435 idest,
522 2340 677 2437 gentiles
702 2340 760 2415 vel
785 2340 1012 2438 alienigene,
1029 2341 1123 2416 sicut
1149 2342 1235 2438 syri,
1252 2342 1410 2439 egyptii,
1436 2342 1568 2417 arabes

394 2467 578 2537 venerunt
603 2460 640 2536 in
669 2458 920 2536 hereditatem
957 2466 1071 2555 tuam,
1106 2460 1210 2556 idest,
1243 2462 1282 2534 iu
1315 2468 1453 2537 terram
1485 2483 1570 2537 sau·

396 2586 492 2657 ctam
519 2587 600 2675 etc,
627 2587 664 2657 et
694 2580 744 2656 ita
769 2602 792 2657 a
817 2581 922 2656 simili
949 2581 1027 2656 istm
1051 2581 1211 2656 dominae
1235 2581 1407 2655 volebant
1432 2582 1565 2675 dicere,

396 2700 491 2777 sicut
523 2703 599 2777 Deo
629 2704 775 2778 volente
807 2702 961 2798 gentiles
994 2702 1210 2777 invaserunt
1240 2710 1278 2777 et
1307 2710 1568 2798 oppresserunt
1670 2755 1675 2763 ·

396 2828 535 2897 terrum
554 2827 719 2896 sanctam
737 2829 885 2917 propter
901 2828 1051 2917 peccata
1064 2822 1288 2918 judeorum,
1305 2822 1355 2896 ita
1375 2842 1474 2898 nunc
1492 2824 1567 2898 beo

397 2940 631 3036 permittente
655 2941 773 3037 gallici
791 2947 1067 3036 occupaverunt
1090 2948 1128 3015 et
1154 2948 1429 3037 usurpaverunt
1447 2944 1566 3017 eccle·

397 3061 489 3136 nam
515 3068 677 3138 sanctam
704 3062 769 3137 Dei
794 3069 944 3158 propter
970 3068 1117 3157 peccata
1143 3082 1402 3157 romanornm3
1423 3069 1461 3137 et
1480 3062 1566 3137 dicit

395 3184 619 3276 ademunde,
639 3181 730 3256 idest
751 3181 966 3257 alternative
982 3200 1050 3277 per
1066 3180 1174 3277 vices,
1195 3189 1325 3277 orire,
1349 3182 1484 3258 scilicet
1500 3183 1566 3257 do-

395 3302 516 3396 minae,
535 3321 581 3376 ex
608 3322 681 3375 una
707 3308 823 3397 parte,
848 3320 893 3374 or
918 3308 1071 3393 quomo,
1091 3302 1238 3397 scilicet,
1256 3302 1414 3378 domino
1430 3302 1565 3378 exalia
1704 3372 1707 3381 .

394 3428 517 3519 parte3
537 3422 587 3496 ita
612 3420 712 3515 quod
737 3427 813 3495 tres
836 3421 1047 3516 incipientes
1072 3420 1243 3497 dicebant
1267 3422 1429 3517 primum
1450 3420 1567 3498 versi·

395 3541 1181 3638 culum‚scilicet,ne1o,veuo·nntpemesnr
1196 3544 1430 3617 loereditotem
1447 3551 1564 3638 tuom

395 3670 432 3739 et
456 3663 537 3737 aliae
562 3668 724 3755 quatuor
749 3680 796 3735 en
822 3660 986 3755 opposito
1014 3660 1183 3737 dicebant
1216 3663 1419 3737 secuudum
1450 3662 1567 3739 versi·

394 3784 534 3879 culum,
554 3783 699 3875 scilicet,
717 3789 750 3854 cl
770 3782 970 3873 polluerunt
993 3783 1154 3873 templum
1177 3788 1336 3855 concnam
1361 3790 1455 3857 mum
1480 3789 1563 3877 etc,

395 3902 489 3979 sicut
513 3924 536 3978 a
561 3902 668 3977 simili
693 3900 856 3997 quotidie
880 3906 1028 3975 cantant
1048 3900 1225 3977 moniales
1240 3893 1277 3994 (¹)
1300 3903 1509 4000 symbolum
1528 3903 1566 3976 in

396 4026 521 4119 cboro,
535 4030 573 4099 et
589 4024 637 4098 ita
656 4022 787 4098 clerici.
801 4027 897 4095 —E
911 4025 1078 4097 dentice.
1097 4022 1163 4097 llic
1181 4029 1287 4119 poeta
1307 4031 1454 4099 ostenso
1471 4042 1565 4118 qua·

395 4146 478 4221 liter
503 4166 543 4221 se
568 4144 764 4219 habuerint
778 4133 815 4236 (³)
841 4142 999 4217 dominas
1024 4142 1071 4217 ad
1096 4147 1235 4217 tantam
1258 4150 1418 4239 stragem
1446 4144 1565 4218 eccle-

396 4264 459 4343 siae
484 4276 521 4343 et
545 4265 817 4363 pastoris-eius,
843 4286 941 4341 nnnc
965 4265 1122 4340 ostendit
1155 4265 1341 4360 quomodo
1373 4286 1413 4341 se
1437 4266 1566 4341 babuit

395 4388 471 4484 ipsa
497 4386 642 4461 Beatrix
668 4386 714 4461 ad
740 4392 889 4461 cantum
917 4386 1063 4460 illarum
1089 4385 1324 4461 dominarum
1349 4406 1435 4480 quae
1458 4392 1567 4461 erant

395 4508 535 4584 ancillae
559 4527 646 4582 suae.
677 4508 721 4581 Et
752 4506 872 4602 primo
903 4506 1017 4603 tangit
1051 4506 1364 4601 perturbationem
1392 4507 1471 4581 eius
1500 4528 1566 4602 por

397 4628 708 4723 comparationem
735 4624 1006 4702 devotissimam
1032 4626 1166 4721 Mariae,
1191 4626 1335 4724 dicens:
1361 4632 1395 4700 Ε
1411 4631 1568 4703 dentrice

393 4750 577 4841 sosptroso
601 4750 718 4839 cpio,
744 4746 847 4840 idest,
873 4744 998 4824 dolens
1024 4751 1061 4820 et
1090 4747 1314 4842 compatiens
1340 4753 1450 4822 tantae
1474 4748 1568 4823 indi·

393 4868 534 4966 guitati,
570 4870 751 4941 oscoltooo
781 4868 902 4959 puelle,
935 4864 1083 4961 scilicet,
1108 4866 1274 4943 dominas
1308 4874 1496 4943 cantantes
1531 4875 1569 4944 et

458 5058 486 5121 (¹)
502 5058 533 5108 Ε.
549 5062 624 5109 erant
640 5056 757 5122 gentiles,
774 5061 800 5107 ct
815 5056 935 5107 ostendit.
1020 5056 1048 5117 Ρ)
1065 5058 1119 5120 tlt,
1136 5059 1231 5107 nancto
1246 5054 1371 5106 melkino
1386 5054 1542 5120 symbolum.

457 5134 486 5199 (¹)
503 5135 534 5187 Ε.
549 5134 706 5186 babuerunt.
