4575 6842
706 941 775 1006 120
1065 946 1270 1000 culinarum
1295 945 1517 1000 runonnoall

702 1095 749 1170 ad
774 1093 869 1168 istud
895 1091 1043 1188 signum
1068 1091 1168 1186 quod
1193 1090 1374 1166 indicabat
1400 1089 1520 1184 ipsum
1544 1097 1634 1164 ‘esee
1666 1087 1807 1164 vivum.
1835 1089 1878 1162 Et

702 1213 841 1288 subdit:
864 1220 987 1310 ‚questa
1009 1215 1051 1307 su
1075 1216 1112 1286 lu
1137 1217 1265 1304 ceqien
1282 1214 1342 1285 ele
1358 1213 1457 1285 diedo
1480 1212 1588 1283 neto
1613 1213 1693 1284 loro
1711 1232 1734 1282 α
1749 1215 1881 1304 parler

704 1337 742 1409 dl
765 1357 832 1426 me,
858 1334 1005 1428 scilicet,
1036 1333 1135 1428 quod
1170 1353 1289 1408 essem
1319 1351 1408 1408 vere
1437 1331 1554 1407 vivus.
1586 1331 1689 1406 Unde
1722 1331 1829 1406 dicit:
1865 1355 1883 1405 e

706 1457 929 1528 oomiou'arsi
954 1474 979 1524 a
1003 1457 1093 1544 dire,
1123 1452 1218 1528 inter
1253 1473 1304 1546 se,
1330 1454 1420 1525 colui
1434 1443 1471 1544 (¹)
1497 1471 1570 1524 oon
1588 1471 1663 1542 por
1687 1471 1798 1543 como
1824 1455 1882 1543 fit-

705 1579 804 1666 tinio,
830 1575 978 1666 seilicet,
1011 1594 1164 1649 aereum
1193 1575 1303 1668 quale
1328 1594 1394 1647 nos
1424 1573 1615 1664 habemus,
1642 1571 1705 1646 sed
1734 1592 1878 1646 verum.

706 1697 750 1774 Et
773 1695 869 1790 dicit,
887 1695 986 1790 quod
1011 1694 1122 1789 aliqui
1151 1693 1232 1768 laeti
1258 1693 1353 1768 avidi
1377 1691 1538 1767 novitate
1565 1691 1618 1766 rei
1643 1699 1879 1768 accesserunt

706 1837 836 1892 versus
865 1835 969 1908 eum3
997 1813 1094 1888 unde
1124 1813 1231 1889 dicit:
1252 1817 1317 1906 poi
1347 1817 1444 1904 certi,
1474 1812 1622 1906 scilieet,
1654 1812 1802 1908 spiritus
1833 1812 1879 1886 de

706 1937 817 2012 turba
829 1934 1226 2029 hermaphroditarum‚
1241 1941 1282 2006 ut
1295 1933 1431 2029 patebit
1448 1927 1585 2028 postea,
1598 1936 1630 2006 oi
1637 1937 1765 2027 sereno
1778 1954 1880 2006 uerso

706 2079 772 2145 me,
798 2055 845 2130 ad
870 2053 1140 2129 extremitatem
1167 2053 1271 2150 ignis,
1297 2061 1427 2145 meum
1448 2061 1578 2147 pelean
1600 2057 1706 2148 sarri,
1732 2053 1878 2146 seilicet,

707 2196 827 2269 usque
851 2174 899 2247 ad
924 2173 1092 2267 confinia,
1108 2195 1246 2267 sempre
1265 2195 1332 2247 eoo
1348 2177 1523 2265 riquardo
1540 2177 1578 2248 di
1593 2194 1667 2247 ooo
1683 2177 1789 2264 aruir,
1808 2173 1879 2248 soi·

707 2296 801 2389 licet,
814 2301 919 2370 extra
938 2295 1073 2391 ignem,
1086 2298 1174 2369 dove
1187 2317 1258 2371 uon
1269 2299 1407 2389 somaro
1420 2298 1509 2385 arri,
1522 2295 1667 2388 scilieet,
1683 2294 1719 2368 iu
1733 2284 1878 2386 viamff)

707 2416 770 2492 ubi
796 2422 903 2491 erant
928 2422 1045 2512 poetae
1070 2417 1149 2492 sine
1174 2437 1301 2512 poena:
1323 2415 1532 2490 sicutenim
1551 2422 1680 2511 sponte
1704 2433 1881 2510 peecave-
1947 2447 1951 2454 ·

708 2543 803 2630 rant,
828 2534 879 2611 ita
903 2543 1032 2631 sponte
1063 2536 1268 2631 puniuntur
1297 2537 1335 2610 in
1367 2537 1576 2632 igne-O
1606 2543 1651 2609 tu.
1679 2535 1752 2609 Hie
1773 2540 1882 2630 poeta

707 2657 809 2754 ponit
833 2658 999 2750 pulcram
1017 2657 1220 2730 orationem
1241 2656 1350 2730 unius
1367 2656 1413 2730 de
1430 2676 1588 2730 numero
1609 2654 1880 2750 praedictorum,

709 2778 772 2871 qui
790 2776 909 2871 primo
923 2783 1042 2873 captat
1060 2777 1306 2872 multiplieiter
1323 2778 1629 2871 benevolentiam,
1642 2777 1780 2851 dicens:
1803 2782 1881 2851 Oto

709 2900 771 2972 olle
788 2901 848 2971 uui
864 2900 956 2990 dopo
973 2902 1047 2988 oqll
1063 2902 1160 2990 altri,
1178 2897 1323 2992 scilieet,
1342 2902 1422 2992 post
1439 2896 1628 2992 Virgilium
1651 2903 1689 2971 et
1712 2896 1881 2990 Statium,
1921 2881 1926 2890 ’

709 3039 783 3092 nou
806 3041 872 3111 per
897 3041 991 3092 esser
1010 3013 1074 3112 piri
1098 3022 1217 3110 turdo,
1244 3018 1349 3112 quasi
1375 3018 1480 3112 dicat,
1500 3039 1573 3092 non
1598 3019 1680 3094 ideo
1705 3019 1805 3112 quod
1831 3019 1879 3093 sis

709 3158 828 3212 novus
853 3146 960 3233 poeta
985 3145 1024 3214 et
1048 3139 1097 3212 illi
1124 3139 1278 3233 antiqui,
1305 3139 1392 3232 quia
1423 3147 1568 3233 tempus
1601 3159 1780 3236 magnum
1807 3161 1879 3214 non

710 3258 794 3334 lacit
821 3260 972 3332 meliora
998 3259 1174 3352 carmina,
1193 3259 1287 3333 sieut
1311 3259 1395 3334 lacit
1414 3259 1566 3335 meliora
1584 3260 1687 3354 vina3
1706 3261 1810 3354 quasi
1827 3260 1883 3334 di-

710 3384 788 3453 eat:
815 3379 910 3453 bene
935 3399 1060 3474 posses
1084 3380 1142 3454 ire
1168 3401 1233 3474 par
1255 3400 1341 3454 cum
1360 3381 1550 3474 praediotis,
1569 3379 1653 3456 lieet
1670 3380 1717 3454 sis
1735 3381 1883 3455 moder-

711 3520 794 3592 nus,
819 3499 882 3572 sed
908 3498 990 3573 ideo
1016 3500 1182 3594 sequeris
1200 3501 1289 3592 illos,
1311 3506 1353 3572 ut
1372 3499 1483 3574 facias
1509 3499 1561 3575 eis
1587 3503 1776 3596 honorem,
1796 3501 1882 3596 quia
1935 3519 1938 3526 ’

712 3618 879 3694 lecerunt
903 3619 1023 3713 primo
1041 3618 1114 3692 tibi.
1133 3619 1236 3694 Unde
1255 3619 1360 3694 dicit:
1380 3641 1439 3692 mu
1452 3624 1551 3714 forse
1568 3629 1759 3713 moerente,
1777 3621 1880 3716 idest,

711 3741 770 3816 vel
795 3739 889 3814 sorte
916 3745 956 3813 ut
980 3739 1028 3812 sis
1055 3760 1229 3815 reverens
1251 3740 1440 3834 praedictis,
1458 3761 1480 3815 a
1498 3741 1632 3835 quibus
1652 3743 1768 3817 multa
1792 3742 1884 3816 ‹lidi-

711 3861 810 3954 cisti3
836 3863 997 3952 liepoudi
1020 3881 1045 3933 o
1070 3881 1125 3934 me
1148 3864 1256 3934 ele’e
1281 3869 1348 3934 sete
1372 3883 1391 3933 e
1415 3865 1452 3934 in
1474 3866 1555 3956 seeo
1576 3866 1691 3956 erdo,·
1709 3864 1813 3958 quasi
1830 3862 1885 3938 di-

712 3988 789 4056 oat:
817 3982 911 4056 bene
936 3982 1036 4056 vides
1061 3982 1162 4076 quod
1192 3983 1288 4057 male
1318 3983 1419 4077 loqui
1450 4003 1611 4078 possum,
1643 3985 1730 4078 quia
1766 3986 1883 4059 multo

710 4101 841 4176 durius
866 4102 1012 4176 crucior
1037 4101 1093 4175 siti
1119 4102 1189 4174 sub
1215 4101 1411 4198 ignauum
1439 4102 1512 4176 istis
1538 4104 1747 4198 luxuriosis,
1769 4125 1882 4198 quam

711 4221 830 4319 gulosi
847 4223 917 4296 sub
933 4243 1043 4317 aqua.
1057 4223 1102 4296 Et
1117 4221 1312 4297 confirmat
1325 4223 1463 4298 dictum
1482 4244 1594 4296 suum
1612 4245 1678 4319 per
1696 4225 1882 4320 proprium

713 4342 1040 4437 comparationem,
1057 4341 1199 4416 dicens:
1222 4345 1258 4416 le
1283 4349 1342 4415 tue
1364 4345 1517 4435 reposco
1542 4340 1563 4417 ἐ
1585 4365 1690 4436 eope,
1708 4345 1810 4439 idest,
1828 4352 1884 4420 est

714 4462 931 4556 necessaria,
957 4483 1029 4535 uon
1053 4466 1129 4536 solo
1162 4485 1185 4536 a
1218 4483 1283 4556 me,
1313 4463 1359 4537 ad
1386 4464 1679 4560 refrigerandum
1711 4467 1882 4542 ardorem

715 4587 752 4655 et
777 4582 885 4676 sitim,
903 4579 964 4655 ete*
987 4586 1061 4656 tutti
1085 4587 1205 4675 questi,
1225 4582 1372 4677 scilicet,
1391 4583 1478 4658 socii
1500 4585 1584 4678 mei,
1601 4589 1764 4660 u'ltuuuo
1785 4609 1886 4679 meq-

712 4705 794 4794 qlor
817 4711 897 4793 sete,
924 4702 1026 4797 idest,
1052 4703 1262 4778 aviditatem
1290 4704 1434 4778 bibendi
1461 4707 1574 4780 verba
1602 4714 1677 4802 tua,
1705 4709 1765 4780 ele
1788 4710 1886 4798 indo,

714 4822 816 4914 idest,
834 4843 946 4916 quam
967 4822 1098 4916 aliquis
1123 4823 1306 4897 habitator
1327 4823 1447 4918 Indiae,
1465 4846 1550 4919 quae
1574 4833 1630 4900 est
1654 4826 1691 4902 in
1717 4833 1885 4902 extremo

777 5078 805 5141 (¹)
822 5083 876 5139 11⁷,
893 5079 965 5137 eelui,
982 5079 1089 5142 scilieet,
1106 5082 1151 5132 ille
1168 5083 1273 5134 tertius:
1289 5098 1341 5133 nou
1356 5099 1414 5148 pur.
1540 5085 1568 5149 ι’)
1584 5087 1615 5137 Ε.
1632 5049 1659 5137 in
1675 5088 1726 5140 vla.
