4575 6842
707 974 845 1031 CANTUS
870 975 1085 1032 TRIGESIMUS
1111 973 1305 1031 SECUNDUS.
1518 963 1589 1037 245

420 1128 505 1197 tuor
530 1121 693 1196 coronati
721 1127 801 1215 etc,
829 1126 913 1195 tetur
939 1128 1185 1213 trupussouue,
1210 1118 1407 1194 circuendo
1434 1140 1589 1194 currum

420 1248 611 1337 tamquam
631 1242 755 1337 polum
774 1262 885 1314 suum
903 1240 1040 1335 pariter
1057 1239 1095 1313 iu
1113 1260 1155 1315 se
1176 1247 1370 1333 rotantem,
1383 1244 1471 1334 putu
1492 1244 1552 1315 ete
1565 1244 1592 1316 't

421 1383 542 1455 curro,
571 1382 682 1455 quem
710 1360 877 1435 trahebat
901 1360 1075 1457 gryphus,
1099 1363 1258 1452 piepusse
1281 1363 1309 1433 u
1326 1362 1447 1452 primo
1472 1364 1589 1452 leuno,

423 1482 567 1576 scilicet,
576 1489 761 1557 temonem
775 1481 821 1555 ad
833 1480 1040 1578 gyrandum
1055 1480 1230 1574 similiter,
1241 1480 1334 1555 sicut
1347 1480 1394 1553 ilii
1409 1481 1592 1575 fecerant3

423 1602 577 1694 asimili,
590 1603 833 1675 comesclriera
846 1603 987 1692 volpesi,
1000 1600 1136 1693 stricta,
1150 1608 1238 1673 sotto
1251 1604 1398 1691 tiscudi,
1412 1599 1593 1699 servando

425 1723 591 1798 ordinem
616 1721 717 1815 aciei,
732 1724 1043 1815 persolvendae
1061 1716 1098 1815 (¹)
1115 1721 1290 1817 recipiant
1309 1721 1593 1817 detrimentum;

424 1838 505 1918 esd
527 1846 622 1935 pire,
649 1842 750 1935 idest,
772 1848 809 1917 et
834 1842 947 1919 volvit
971 1862 1011 1917 se
1037 1842 1074 1915 iu
1099 1862 1248 1939 gyrum,
1268 1845 1325 1915 cot
1346 1863 1468 1936 seprio,
1490 1843 1593 1937 idest,

425 1961 534 2037 simul
559 1982 646 2036 cum
672 1962 816 2057 vexillo,
831 1965 954 2055 poma
978 1964 1037 2035 cire
1056 1983 1168 2053 possa
1192 1969 1277 2034 tutte
1301 1964 1339 2033 iu
1362 1984 1399 2035 se
1424 1966 1595 2056 mutursi;

424 2082 527 2175 idest,
545 2088 745 2174 antequam
773 2081 990 2177 posteriores
1015 2082 1152 2176 possint
1169 2101 1299 2156 omnes
1320 2102 1400 2155 esse
1417 2081 1594 2157 revoluti:

425 2204 530 2297 sicut,
545 2192 648 2278 verbi
670 2201 801 2299 gratia,
821 2202 850 2275 si
868 2201 965 2276 acies
983 2198 1119 2276 vadens
1136 2222 1266 2276 versus
1286 2202 1454 2277 occidens
1471 2202 1596 2296 atiquo

424 2348 513 2401 casu
540 2329 660 2399 vertat
679 2343 719 2397 se
737 2321 784 2397 ad
804 2323 927 2397 oriens
951 2328 1101 2417 propter
1126 2343 1233 2397 suam
1255 2324 1423 2416 satutem,
1442 2322 1559 2397 mauis
1578 2362 1597 2375 -

425 2455 523 2521 stum
542 2444 712 2538 estquod
732 2443 780 2516 ilii
799 2442 862 2537 qui
879 2450 1087 2537 sequuntur
1113 2443 1151 2515 in
1176 2443 1248 2517 tine
1265 2451 1467 2517 nonerunt
1487 2463 1596 2518 revo-

424 2568 490 2645 luti
509 2567 617 2642 simui
642 2571 679 2641 et
698 2564 813 2639 semel
831 2584 915 2637 cum
935 2563 1060 2659 primis
1078 2583 1208 2637 versus
1225 2563 1358 2656 oriens,
1377 2564 1452 2637 imo
1476 2563 1597 2637 adhuc

425 2695 535 2769 erunt
562 2688 794 2783 respicientes
820 2706 950 2760 versus
975 2685 1153 2763 occidens.
1172 2687 1216 2759 Et
1233 2686 1291 2760 hic
1309 2692 1394 2760 uota
1411 2685 1510 2780 quod
1531 2706 1598 2780 per

427 2812 498 2885 hoc
524 2817 629 2905 poeta
654 2809 716 2882 dat
742 2806 889 2903 intelligi
916 2807 1015 2899 quod
1040 2826 1169 2880 omnes
1201 2806 1400 2901 prophetiae
1432 2812 1469 2880 et
1498 2808 1598 2901 leges

427 2930 561 3005 veteris
593 2926 798 3003 testamenti
832 2933 939 3001 eraut
965 2925 1170 3020 adimpletae
1201 2932 1399 3020 autequam
1433 2926 1598 3000 Christus

429 3050 593 3123 firmaret
612 3046 835 3143 primitivam
855 3046 1066 3139 ecetesiam
1081 3046 1162 3121 ideo
1180 3046 1270 3121 dixit
1284 3036 1341 3138 (²):
1361 3065 1599 3121 consumma-

430 3179 509 3243 tum
535 3170 767 3245 est-Iudi.
794 3168 900 3241 Nunc
925 3174 1032 3263 poeta
1059 3165 1215 3240 ostendit
1246 3165 1433 3261 quomodo
1463 3186 1596 3241 currus

430 3288 586 3364 moverit
610 3308 781 3382 campum
813 3294 894 3382 post
926 3286 1142 3380 exercitum,
1169 3286 1233 3380 qui
1253 3286 1333 3382 jam
1360 3286 1597 3380 transiverat;

428 3417 466 3487 et
496 3409 711 3483 continuans
737 3427 777 3481 se
802 3405 917 3503 tangit
946 3406 1250 3501 praeparationem
1283 3407 1428 3501 iactam,
1454 3406 1597 3480 dicens:

429 3532 521 3622 Iudi,
548 3528 650 3621 idest,
675 3525 817 3621 deinde,
843 3529 874 3599 le
897 3528 1025 3615 donne,
1051 3526 1199 3619 scilicet,
1216 3534 1357 3621 septem
1375 3526 1546 3621 virgines,
1566 3527 1599 3597 si

430 3658 557 3747 toruur
574 3651 641 3721 uile
657 3654 770 3738 ruote,
787 3646 882 3720 iliius
899 3667 1043 3738 currus,
1063 3656 1225 3740 quatuor
1241 3647 1287 3721 ad
1309 3668 1435 3739 unam,
1462 3652 1536 3720 tres
1552 3642 1599 3719 ad

429 3770 551 3863 aliam,
578 3789 661 3862 quae
687 3767 788 3862 prius
813 3773 1042 3841 recesserant
1074 3771 1110 3839 et
1144 3766 1287 3840 iverant
1318 3765 1365 3838 ad
1394 3765 1598 3840 Beatricem

430 3892 468 3964 in
497 3890 662 3964 savorem
692 3893 822 3983 poetae,
852 3908 871 3960 e
895 3890 921 3959 't
941 3889 1062 3980 prison
1088 3907 1200 3958 messe
1223 3889 1251 3959 u
1283 3887 1454 3959 benedetto
1480 3907 1600 3978 carco,

431 4010 578 4103 scilicet,
605 4030 757 4083 currum
784 4008 821 4081 in
848 4028 921 4102 quo
952 4014 1068 4109 erant
1089 4006 1208 4102 angeli
1234 4012 1271 4080 et
1305 4006 1465 4099 nutrix,
1489 3998 1519 4079 si
1542 4010 1602 4080 cire

428 4122 518 4225 pert
542 4133 640 4203 uultu
666 4149 788 4221 penna
815 4130 1007 4217 crettonne,
1033 4127 1178 4201 alarum
1208 4147 1375 4219 suarum,
1402 4125 1488 4219 quia
1514 4126 1601 4199 nihii

432 4251 479 4325 de
507 4249 692 4324 divinitate
725 4255 909 4323 mutatum
944 4253 1009 4341 est,
1045 4246 1214 4341 quamvis
1245 4252 1453 4321 mutaretur
1484 4247 1602 4322 surma

432 4369 604 4445 ecclesiae.
622 4370 667 4441 Et
692 4369 814 4443 subdit
838 4366 995 4461 qualiter
1013 4366 1089 4462 ipsa
1105 4373 1254 4441 secutus
1271 4373 1326 4441 est
1342 4386 1495 4440 currum
1515 4387 1600 4440 cum

433 4487 569 4583 paucis,
594 4487 736 4564 dicens:
769 4491 806 4562 tu
830 4490 919 4561 bellu
944 4490 1078 4577 donna,
1106 4486 1254 4580 scilicet,
1279 4486 1454 4561 Mathiidis
1486 4486 1602 4561 comi-

433 4608 517 4684 tissa
542 4608 748 4702 christiana,
774 4609 834 4681 cde
858 4610 906 4680 mi
930 4614 1043 4680 erasse
1069 4609 1107 4680 at
1132 4627 1252 4695 aureo,
1278 4625 1344 4699 per
1369 4626 1506 4702 aquam
1531 4607 1603 4680 tlu-

433 4728 539 4801 minis
575 4729 622 4803 ad
660 4749 712 4822 se,
747 4751 766 4802 e
798 4730 937 4817 Stuzio,
970 4733 1077 4821 poeta
1111 4725 1329 4799 christianus
1363 4726 1426 4819 qui
1460 4727 1603 4801 occulte

426 4849 577 4944 juverat
602 4848 827 4941 christianus
853 4853 887 4919 et
907 4849 955 4937 io,
983 4844 1046 4939 qui
1063 4865 1140 4939 prae
1158 4845 1300 4919 ceteris
1317 4844 1520 4919 christianis
1541 4867 1603 4921 ro·
1718 4934 1723 4945 ‚

495 5030 522 5093 (¹)
540 5034 592 5090 tii,
610 5044 642 5081 nu
659 5030 794 5095 reciperet.

496 5106 523 5170 Γ)
539 5108 570 5158 Ε.
586 5106 650 5157 dixit
665 5108 692 5158 in
708 5109 823 5171 passione
840 5106 1028 5172 pretiosissime
1043 5105 1147 5157 Crucis:
1164 5111 1372 5157 consummatum
1387 5110 1435 5157 est.
