4575 6842
727 949 797 1018 310
1120 960 1325 1017 cousnruu
1350 962 1517 1016 rananrsr

599 1105 665 1212 „s
727 1107 837 1201 Deus,
865 1105 928 1201 qui
954 1110 1009 1182 est
1035 1105 1098 1179 iux
1117 1106 1258 1202 mundi,
1276 1105 1396 1181 oritur
1413 1104 1622 1181 homiuibus
1645 1125 1713 1202 pcr
1736 1105 1901 1182 diversas

725 1228 814 1322 rias,
841 1227 905 1303 sed
937 1227 1123 1324 potissime
1154 1247 1222 1324 per
1253 1234 1415 1322 quatuor
1445 1227 1599 1302 virtutes
1628 1226 1831 1302 cardinales
1863 1216 1901 1300 et

727 1354 801 1423 tres
825 1347 974 1423 divinas.
993 1348 1038 1422 Et
1054 1347 1113 1422 hic
1131 1355 1218 1423 ncta
1237 1348 1333 1424 bene
1350 1347 1449 1442 quod
1466 1345 1647 1421 rectitudo
1664 1345 1797 1421 animae
1814 1339 1901 1447 per-J

722 1468 818 1544 tecta
845 1469 1010 1563 requirit,
1031 1468 1131 1562 quod
1148 1468 1225 1563 ipsa
1243 1467 1465 1542 rectidcetur
1486 1451 1692 1541 secuudum
1713 1465 1898 1562 dupiicem

723 1587 868 1683 taciem,
881 1588 1027 1683 scilicet,
1040 1588 1270 1684 superiorem
1285 1594 1322 1662 et
1342 1586 1566 1681 interiorem,
1581 1592 1619 1660 et
1632 1593 1801 1681 respectu
1818 1586 1900 1661 tiuis

726 1714 764 1784 et
789 1717 957 1805 respectu
977 1729 1109 1784 eorum
1135 1730 1221 1804 quae
1238 1712 1333 1783 'sunt
1356 1708 1403 1783 ad
1429 1707 1560 1801 tinem,
1577 1706 1660 1782 ideo
1677 1699 1901 1782 necerse'est

723 1829 885 1904 animam
904 1834 1084 1923 quantum
1110 1828 1157 1902 ad
1183 1828 1413 1924 superiorem
1434 1827 1564 1903 iaciens
1588 1826 1623 1901 iu
1644 1847 1720 1922 qua
1736 1826 1900 1902 consistit

724 1945 847 2044 imago
868 1948 1051 2022 Trinitatis
1068 1955 1217 2024 aeternae
1235 1946 1428 2023 rectificari
1446 1967 1511 2043 per
1528 1954 1604 2022 tres
1621 1947 1776 2022 virtutes
1794 1948 1898 2022 theo·

722 2067 870 2165 logicas,
888 2069 937 2144 ita
955 2069 1054 2164 quod
1080 2063 1169 2156 'fides
1193 2068 1326 2166 dirigat
1343 2066 1380 2142 in
1396 2087 1545 2143 summe
1561 2087 1694 2164 verum
1711 2067 1896 2144 credendo

723 2193 760 2262 et
785 2189 1033 2283 assentiendo,
1059 2209 1141 2284 spes
1166 2189 1204 2262 in
1228 2207 1377 2263 summe
1392 2188 1554 2262 arduum
1580 2186 1757 2262 imitando
1776 2193 1814 2264 et
1830 2209 1899 2288 err-5

724 2309 919 2405 pectando;
940 2309 1074 2384 caritas
1098 2309 1136 2382 in
1161 2330 1309 2384 summe
1325 2309 1464 2384 bonum
1487 2306 1727 2384 desiderando
1752 2314 1790 2382 et
1813 2307 1896 2383 diii·

725 2429 856 2526 gendo.
875 2431 1031 2505 Necesse
1056 2434 1111 2504 est
1136 2428 1247 2505 etiam
1266 2437 1447 2524 quantum
1464 2429 1510 2504 ad
1532 2428 1745 2504 interiorem
1763 2428 1894 2503 taciem

723 2547 916 2623 rectificari
943 2569 1008 2643 per
1034 2554 1195 2644 quatuor
1220 2548 1375 2624 virtutes
1391 2547 1605 2642 cardinales,
1624 2568 1709 2643 que
1725 2547 1894 2622 ordinant

721 2675 826 2743 actus
848 2670 1018 2763 morales,
1036 2668 1234 2763 dequibus
1250 2674 1450 2744 tractatum
1466 2675 1523 2744 est
1542 2667 1673 2768 totiens
1689 2668 1782 2742 libro
1800 2668 1895 2741 Pur-

720 2789 852 2885 gatcrii
869 2788 907 2863 in
932 2789 1135 2885 prehensio,
1153 2795 1190 2864 et
1207 2789 1244 2863 in
1260 2789 1339 2863 aliis
1356 2789 1481 2863 multis
1497 2788 1585 2863 iocis
1602 2794 1639 2864 et
1656 2788 1893 2886 capitulis.-

720 2913 832 2982 Falto.
852 2910 916 2984 Hic
934 2910 1310 3006 poeta-superextollit
1327 2911 1438 2986 tatem
1455 2917 1582 2986 ortum
1601 2931 1712 2985 suurn
1734 2912 1893 3006 probans

720 3030 820 3125 quod
845 3030 899 3104 sol
924 3029 961 3104 in
986 3031 1049 3105 taii
1074 3031 1179 3126 siguo
1204 3030 1368 3106 manime
1392 3037 1543 3106 exercet
1571 3031 1746 3106 virtutem
1772 3051 1893 3128 suam,

721 3151 808 3245 quia
834 3150 918 3226 tacit
944 3151 1048 3225 nobis
1073 3151 1291 3247 temperiem
1317 3173 1511 3248 magnam;
1530 3150 1628 3226 unde
1652 3151 1754 3226 dicit:
1772 3158 1810 3228 et
1829 3152 1890 3226 iiia

719 3269 872 3345 lucerna
903 3270 1044 3366 mundi,
1069 3292 1144 3346 esce
1175 3275 1363 3363 magenta
1390 3293 1458 3361 con
1489 3274 1630 3365 miglicr
1661 3291 1780 3363 corso,
1806 3273 1892 3367 quia

719 3397 807 3465 tunc
832 3391 949 3466 currit
974 3393 1028 3466 sci
1054 3412 1121 3487 per
1147 3391 1311 3467 medium
1329 3393 1424 3486 coeii,
1444 3392 1531 3487 qnia
1558 3393 1793 3488 pervenitad
1818 3394 1892 3468 cir·

719 3510 847 3584 culum
883 3511 1188 3606 aequinoctialem,
1214 3533 1233 3585 e
1257 3534 1322 3586 con
1352 3515 1512 3607 miqtierc
1534 3514 1647 3607 steila,
1675 3512 1776 3606 idest,
1802 3534 1892 3612 ccu-

718 3630 938 3707 stcllatione:
966 3637 1021 3708 est
1045 3633 1143 3708 euim
1174 3633 1271 3708 aries
1302 3633 1449 3730 signum
1479 3632 1650 3708 constans
1681 3653 1729 3708 ex
1760 3634 1888 3725 decem

719 3757 804 3825 ceto
829 3752 959 3846 stellis3
987 3759 1023 3828 et
1049 3759 1135 3828 ncta
1161 3752 1261 3848 quod
1279 3753 1382 3850 signa
1408 3753 1538 3828 ecdem
1564 3755 1644 3828 ioco
1663 3754 1835 3830 criuntur
1854 3764 1893 3833 et

717 3869 900 3966 occidunt,
923 3893 998 3946 non
1024 3873 1075 3948 sic
1099 3873 1166 3969 soi,
1193 3874 1288 3948 sicut
1311 3873 1437 3948 scribit
1461 3873 1597 3969 iginius
1622 3873 1668 3950 de
1692 3876 1891 3973 astrologia

715 3991 868 4085 poetica.
900 3993 944 4067 Et
981 3993 1112 4088 probat
1149 4013 1217 4089 per
1254 3992 1441 4086 effectum,
1465 3992 1609 4067 dicens:
1635 4015 1655 4068 c
1685 3999 1840 4088 tempero
1872 4019 1891 4071 e

714 4116 872 4204 suggette
897 4117 934 4187 lo
960 4117 1140 4187 nmndanc
1163 4135 1261 4208 cero,
1286 4113 1389 4208 idest,
1416 4113 1610 4188 materiam
1630 4115 1889 4216 elementalem

716 4231 940 4327 interiorem,
966 4255 1077 4328 quarn
1105 4240 1215 4307 autor
1240 4233 1490 4328 metaphorice
1514 4234 1673 4328 appellat
1693 4254 1831 4330 ceram,
1850 4220 1890 4311 et¹
2003 4279 2009 4300 =

714 4353 942 4451 dignissime:
961 4356 1015 4430 sol
1041 4354 1138 4430 enim
1162 4361 1352 4450 tamquam
1372 4355 1530 4452 sigilium
1551 4363 1733 4430 aeteruum
1751 4356 1889 4432 immu-

714 4474 823 4549 tabile
848 4475 1026 4571 imprimit
1041 4476 1217 4550 virtutem
1239 4495 1345 4550 suam
1363 4474 1401 4549 in
1419 4476 1531 4551 tatem
1551 4475 1746 4550 materiam
1765 4485 1888 4577 muta·

712 4593 824 4670 bilem
850 4596 896 4670 ad
922 4597 1076 4672 modum
1102 4615 1210 4672 ccrae.
1232 4595 1334 4670 Sicut
1350 4595 1448 4670 enim
1469 4614 1557 4671 cera
1575 4616 1648 4670 nou
1665 4595 1773 4694 nimis
1792 4597 1887 4674 dura

713 4736 782 4791 nec
807 4716 914 4790 nimis
932 4716 1088 4812 'liquida
1105 4716 1170 4792 sed
1189 4717 1381 4810 equaliter
1406 4723 1610 4811 temperata
1628 4717 1757 4814 recipit
1780 4718 1885 4815 sigilii

713 4835 1003 4931 impressionem,
1024 4837 1074 4913 ita
1092 4835 1160 4911 ista
1183 4836 1338 4911 materia
1354 4834 1574 4911 adveniente
1593 4836 1772 4933 temperie
1788 4838 1886 4913 veris

713 4954 840 5050 recipit
864 4955 1083 5032 infusionem
1109 4955 1206 5049 solis,
1223 4961 1262 5031 et
1285 4963 1371 5030 tunc
1396 4962 1497 5030 terra
1523 4954 1650 5052 recipit
1674 4955 1819 5031 diversa
1836 4958 1885 5030 si-

711 5095 795 5172 gna,
822 5082 859 5150 et
882 5075 986 5151 dicit:
1004 5097 1028 5150 α
1052 5097 1116 5150 suc
1132 5079 1251 5171 modo,
1270 5075 1375 5170 idest,
1391 5096 1460 5150 suo
1482 5074 1744 5152 moderamine.
1761 5078 1807 5150 Et
1825 5077 1884 5154 hic
