4575 6842
709 933 780 1002 rat
1066 941 1271 997 consnrun
1297 940 1519 996 runcaronn

705 1096 790 1186 ptus
814 1088 861 1163 ad
886 1087 1077 1162 servitium
1104 1107 1232 1162 meum
1259 1087 1353 1162 sicut
1379 1085 1490 1161 modo
1506 1086 1660 1181 iurasti3
1678 1088 1801 1160 dinami
1822 1088 1881 1160 che

706 1205 878 1300 deopion
896 1203 1027 1300 perche*
1048 1210 1210 1281 dimostri
1238 1210 1273 1282 d'
1286 1209 1421 1282 commi
1450 1227 1538 1280 coro
1569 1209 1627 1279 nel
1655 1208 1746 1298 darc,
1776 1207 1879 1302 idest,

707 1328 891 1424 loquendo
916 1327 1143 1402 familiariter
1169 1347 1328 1420 mecum,
1350 1327 1452 1402 velut
1477 1325 1506 1400 si
1532 1324 1620 1400 alias
1646 1326 1775 1402 luisses
1801 1347 1881 1402 me-

707 1470 807 1543 cum,
824 1472 843 1523 e
861 1451 920 1522 net
933 1451 1111 1539 marcor,
1129 1449 1233 1524 velut
1249 1447 1280 1522 si
1297 1447 1409 1522 velles
1426 1466 1650 1544 cognoscere
1672 1467 1746 1542 me,
1768 1467 1879 1542 quern

708 1577 834 1645 tamen
859 1589 1065 1663 numquam
1090 1568 1219 1643 vidisti.
1247 1569 1290 1642 Et
1315 1567 1436 1643 subdit
1465 1574 1574 1663 poeta
1604 1569 1878 1662 responsionem

709 1711 816 1766 suam
839 1689 886 1764 ad
911 1710 1011 1784 cram,
1037 1689 1179 1764 dicens:
1202 1711 1222 1764 c
1244 1692 1280 1763 io
1305 1710 1330 1761 o
1354 1691 1416 1780 lui,
1437 1691 1577 1785 supple,
1604 1689 1772 1786 respondi
1790 1690 1881 1765 Gui-

709 1809 817 1885 doni:
850 1813 876 1882 li
905 1813 997 1884 dolci
1028 1811 1104 1882 ditti
1134 1812 1257 1900 vostri,
1291 1807 1424 1904 scripta
1456 1808 1494 1882 in
1531 1809 1651 1902 cartis,
1677 1811 1737 1882 cte
1767 1814 1881 1904 soron

710 1933 790 2003 cori
816 1950 953 2002 ancora
976 1933 990 2002 i
1014 1932 1092 2003 loro
1117 1931 1308 2021 incltiostri,
1335 1928 1437 2022 idest,
1464 1927 1599 2021 literas,
1633 1930 1720 2024 quia
1746 1929 1881 2005 scilicet

711 2055 821 2126 emnt
845 2049 882 2122 in
903 2047 1020 2144 pretio
1038 2055 1075 2124 et
1092 2047 1354 2143 laudabuntur,
1379 2056 1510 2146 quoto
1526 2040 1661 2123 darerd
1678 2053 1776 2124 tuso
1802 2071 1881 2124 mo

710 2171 835 2263 demto,
854 2169 957 2263 idest,
975 2168 1152 2264 quamdiu
1173 2168 1320 2243 durabit
1337 2169 1461 2245 dicere
1478 2169 1515 2244 in
1532 2171 1706 2266 rhythmo
1722 2191 1798 2264 qno
1815 2171 1881 2246 de-

711 2291 892 2366 lectantur
917 2290 1159 2365 moderni-
1177 2295 1207 2364 0
1227 2295 1332 2385 frate.
1355 2290 1420 2366 llic
1446 2296 1556 2385 poeta
1581 2290 1719 2366 inducit
1743 2291 1882 2366 dictum

711 2410 915 2485 Guidonem
941 2411 1131 2486 laudatum
1157 2411 1205 2485 ab
1230 2431 1287 2506 eo,
1313 2411 1360 2485 ad
1386 2411 1721 2486 commendandum
1750 2433 1883 2508 quem·

711 2530 796 2605 dam
822 2531 989 2626 spiritum
1016 2531 1250 2626 modernum,
1276 2551 1389 2626 quem
1416 2530 1564 2627 praelert
1589 2531 1656 2606 sibi
1682 2539 1719 2607 et
1744 2532 1822 2606 aliis
1845 2533 1882 2608 in

712 2658 796 2735 arte
810 2650 1026 2726 inveniendi.
1045 2651 1099 2726 hd
1115 2651 1221 2725 cuius
1239 2651 1484 2748 cognitionem
1505 2651 1589 2726 volo
1608 2659 1644 2726 te
1661 2652 1765 2745 scire,
1783 2652 1881 2746 quod

712 2771 780 2846 iste
805 2792 962 2868 magnus
987 2771 1156 2846 inventor
1182 2770 1250 2846 luit
1275 2771 1425 2865 quidam
1456 2771 1686 2866 provincialis
1715 2779 1882 2867 tempore

711 2890 918 2989 Raymnndi
951 2891 1163 2988 Berengerii
1195 2891 1281 2965 boni
1315 2890 1458 2966 comitis
1488 2892 1702 2987 provinciae,
1735 2894 1883 2968 nomine

590 3039 599 3054 ·
711 3010 905 3106 hmaldus,
929 3011 1149 3109 cognomine
1174 3032 1264 3088 vero
1290 3012 1427 3106 Daniel,
1454 3012 1511 3087 vir
1543 3013 1692 3107 quidem
1723 3013 1883 3107 curialis,

712 3131 873 3227 prudens
886 3136 923 3206 ct
936 3151 1060 3228 sagax,
1074 3131 1137 3226 qui
1156 3131 1294 3206 invenit
1310 3133 1427 3208 multa
1445 3139 1482 3208 et
1499 3133 1628 3228 pulcra
1643 3133 1739 3208 dicta
1753 3125 1884 3230 vulga-

713 3252 787 3346 ria;
812 3272 836 3325 a
861 3270 936 3344 quo
961 3250 1160 3324 Petrarcha
1182 3251 1364 3327 fatebatur
1381 3260 1510 3347 sponte
1536 3274 1576 3328 se
1600 3253 1784 3348 accepisse
1803 3274 1884 3329 mo-

712 3371 802 3446 dum
831 3377 868 3445 et
899 3370 1022 3444 stilum
1049 3371 1240 3446 cantilenae
1266 3371 1312 3446 de
1336 3378 1498 3466 quatuor
1529 3373 1721 3470 rhythmis,
1747 3381 1785 3449 et
1811 3395 1882 3450 non

711 3512 734 3567 a
759 3492 886 3566 Dante.
913 3491 988 3585 llic,
1014 3491 1103 3565 dum
1129 3491 1309 3567 sonuisset
1334 3492 1371 3564 in
1402 3497 1628 3587 paupertate
1655 3492 1738 3568 lecit
1769 3494 1884 3568 canti-

711 3613 834 3686 lenam
860 3611 1133 3707 pulcerrimam,
1159 3633 1273 3706 quam
1301 3612 1397 3686 misit
1418 3633 1484 3708 per
1511 3612 1680 3687 nuntium
1706 3635 1817 3687 suum
1836 3615 1882 3688 ad

700 3751 840 3840 ,regem
866 3731 1040 3825 Francis,
1062 3730 1211 3828 hughe,
1231 3732 1332 3806 etad
1355 3730 1446 3806 alios
1471 3733 1651 3828 principes
1676 3733 1883 3827 occidentis,

713 3871 859 3948 rogans,
885 3858 927 3925 ut
951 3849 1264 3945 quemadmodum
1282 3851 1359 3948 ipse
1375 3872 1462 3927 cnm
1479 3872 1637 3948 persona
1654 3855 1805 3948 juverat
1821 3873 1885 3928 eos

712 3971 962 4067 delectatione,
983 3971 1033 4044 ita
1052 3971 1118 4066 ipsi
1134 3991 1222 4046 cum
1249 3972 1397 4047 fortuna
1423 3995 1491 4048 sua
1511 3974 1688 4069 juvarent
1706 3995 1794 4048 eum
1812 3975 1885 4048 uti·

713 4090 822 4167 litate.
849 4091 943 4166 Com
968 4098 1093 4167 autem
1112 4090 1263 4166 nuntius
1288 4093 1463 4187 posthoc
1491 4100 1711 4188 reportasset
1729 4096 1882 4170 multam

712 4211 920 4306 pecuniam,
945 4211 1034 4285 dixit
1059 4211 1259 4286 hrnaldus:
1286 4212 1391 4288 Nunc
1416 4212 1535 4306 video,
1561 4213 1660 4308 quod
1686 4214 1785 4289 Deus
1810 4235 1883 4290 non

713 4331 792 4406 vult
818 4351 879 4406 me
903 4330 1172 4426 derelinquere.
1198 4332 1242 4405 Et
1266 4332 1441 4407 continuo
1471 4339 1618 4428 sumpto
1650 4334 1774 4408 habitu
1803 4355 1885 4410 mo-

713 4451 851 4526 nastico
875 4451 1097 4548 parcissimae
1122 4452 1205 4527 vitae
1229 4472 1377 4547 semper
1402 4453 1479 4527 luit.
1512 4453 1566 4528 hd
1595 4455 1739 4529 literam
1770 4475 1885 4551 erg03

713 4571 799 4646 dicit
815 4578 941 4668 poeta:
960 4575 1066 4665 disse,
1084 4572 1143 4648 ille
1159 4571 1277 4646 Goido
1296 4572 1402 4646 mihi:
1417 4577 1537 4666 questi,
1555 4574 1618 4668 qui
1639 4581 1695 4648 est
1715 4574 1751 4646 in
1769 4575 1885 4650 socie-

714 4698 789 4766 tate
813 4713 896 4766 mea
922 4692 971 4767 oh
995 4692 1114 4768 simile
1134 4692 1277 4787 vitium,
1294 4695 1387 4766 ct’io
1406 4696 1432 4768 ti
1449 4713 1588 4787 scano,
1609 4693 1710 4788 idest,
1734 4695 1886 4770 ostendo

714 4813 789 4908 tibi,
814 4816 871 4886 ccl
892 4817 977 4908 dito,
1003 4800 1219 4908 su'miplior
1252 4813 1394 4908 luthro,
1420 4815 1523 4908 idest,
1548 4814 1680 4890 artilex
1705 4821 1743 4888 el
1768 4814 1884 4912 magi-

714 4940 801 5028 ster,
831 4936 889 5008 dcl
914 4937 1045 5027 partor
1070 4942 1242 5026 mdtono,
1268 4933 1369 5028 idest,
1397 4935 1551 5030 vulgari.
1583 4935 1626 5009 Et
1657 4940 1755 5028 nota,
1785 4933 1884 5029 quod

714 5053 883 5149 quamvis
912 5054 1038 5152 lingua
1069 5053 1297 5150 provincialis
1329 5075 1401 5130 non
1432 5055 1478 5129 sit
1508 5055 1646 5151 pulcra,
1680 5063 1803 5130 tamen
1827 5062 1884 5130 est
