4575 6842
713 938 854 1020 'carrus
878 966 1095 1030 euxoramus
1119 967 1282 1022 ruamus.
1510 950 1581 1019 285

410 1113 479 1191 tuit
495 1133 608 1208 supra
627 1112 785 1209 capitulo
804 1110 957 1206 lllllllll,
977 1112 1039 1186 ubi
1056 1112 1124 1189 ista
1139 1112 1288 1187 domina
1313 1113 1494 1188 subtiliter
1509 1111 1584 1186 dis·

408 1234 525 1310 seruit
546 1234 662 1307 multa
688 1232 734 1307 de
759 1239 891 1307 natura
911 1239 948 1307 et
969 1232 1105 1307 virtute
1128 1232 1240 1305 huius
1265 1233 1346 1306 loci.
1372 1234 1416 1307 tlt
1442 1234 1528 1327 quia
1544 1223 1581 1324 (⁴)

408 1354 502 1430 torte
525 1352 721 1429 ridebatur
745 1372 853 1447 posse
878 1351 1018 1427 dicere:
1044 1350 1215 1445 quamvis
1240 1350 1308 1427 ista
1332 1352 1469 1426 dixeris
1494 1350 1582 1426 mini

409 1481 535 1549 tamen
563 1473 649 1568 quia
674 1473 805 1569 potasti
827 1492 891 1547 me
915 1472 1063 1547 Letlraeo
1084 1491 1159 1545 nou
1180 1470 1348 1565 memini,
1375 1470 1459 1546 dicit
1482 1472 1579 1567 ipsa:

409 1616 428 1667 e
459 1613 526 1666 soa
549 1595 682 1683 sicera,
708 1592 813 1687 quasi
838 1592 944 1686 dicat,
977 1592 1052 1667 scio
1085 1591 1251 1685 tirmiter,
1275 1594 1336 1663 cle
1365 1595 1516 1685 tanqua
1545 1594 1584 1665 di

411 1718 510 1787 meo
535 1732 604 1785 uon
618 1715 712 1804 ‘pltat
735 1732 899 1805 nascose,·
917 1712 1005 1806 quia
1031 1712 1122 1785 tollit
1149 1711 1368 1787 memoriam
1394 1712 1580 1786 malorum

412 1840 554 1909 tantum
583 1837 620 1907 et
640 1852 714 1907 non
739 1832 935 1907 bonorum.
949 1838 1044 1905 -Ε
1057 1837 1227 1907 Beatam.
1246 1833 1312 1907 llic
1330 1840 1438 1928 poeta
1458 1838 1583 1908 osten·

411 1954 462 2031 dit
479 1952 636 2049 qualiter
653 1952 800 2027 Beatrix
818 1953 1049 2027 excusaverit
1066 1974 1154 2027 eum
1172 1952 1243 2028 alia
1261 1952 1414 2048 ratione,
1428 1960 1465 2028 et
1484 1974 1581 2049 prae-

409 2064 599 2169 ceperit(²)
627 2072 725 2167 quod
752 2078 985 2169 mergeretur
1011 2072 1048 2146 in
1073 2072 1145 2147 alio
1175 2094 1271 2147 novo
1302 2073 1463 2148 tlumine.
1489 2071 1583 2147 Dicit

411 2214 524 2291 ergo:
549 2216 569 2267 e
594 2196 765 2286 Bactriae,
799 2194 937 2289 supple,
962 2194 1052 2268 dixit
1083 2192 1264 2267 llathildi:
1288 2197 1387 2287 forse
1416 2196 1583 2285 maqqior

409 2334 511 2409 curu,
541 2313 627 2408 quia
654 2312 739 2387 vidit
764 2318 889 2408 postea
912 2320 964 2388 tot
983 2314 1161 2389 mirabilia
1183 2336 1330 2411 magna,
1348 2315 1442 2389 sicut
1467 2314 1583 2388 ricto-

411 2454 490 2509 rem
526 2432 742 2527 exercitum,
774 2454 928 2508 currum
965 2434 1237 2529 triumphalem,
1275 2434 1409 2509 ducem
1448 2434 1582 2507 trium-

409 2557 584 2651 phantem
611 2559 648 2628 et
673 2553 758 2628 talia
785 2554 921 2647 multa;
947 2554 1028 2629 ideo
1058 2553 1163 2629 dicit:
1194 2558 1254 2629 cle
1284 2578 1399 2649 spesse
1428 2557 1517 2628 volte
1547 2557 1584 2627 ta

412 2678 582 2749 memma
604 2676 723 2767 priva,
751 2673 954 2767 actualiter,
981 2676 1071 2767 sato
1100 2676 1147 2747 lc
1172 2679 1209 2748 ta
1233 2684 1343 2749 mente
1369 2696 1448 2770 sun,
1478 2673 1582 2767 idest,
1666 2658 1671 2666 ’

413 2794 495 2870 lecit
515 2794 734 2868 memoriam
755 2793 890 2887 Dentis,
908 2797 999 2885 nepti
1015 2796 1111 2867 ecclei
1126 2817 1268 2889 occure,
1286 2803 1323 2871 et
1345 2797 1444 2891 quod
1470 2795 1581 2870 habet

413 2914 451 2989 in
466 2914 647 2989 memoria
666 2914 792 2989 videre
809 2934 882 2988 non
899 2913 1031 3008 credit3
1050 2915 1114 2989 sed
1130 2915 1178 2991 de
1198 2917 1268 2991 lxoc
1288 2936 1361 2990 non
1378 2918 1501 3012 plura:
1520 2938 1580 2989 mu

413 3038 491 3110 aedi
514 3031 636 3109 Eunoe*
657 3038 717 3107 cle
734 3025 770 3107 ld
786 3037 916 3129 dirioa,
939 3042 1067 3110 contra
1088 3036 1252 3132 Lethem,
1271 3041 1407 3111 maneto
1425 3040 1476 3111 ad
1490 3059 1581 3130 esso,

412 3178 436 3232 o
461 3155 647 3249 Matnttdts,
672 3177 690 3229 e
714 3158 878 3245 raooiuu,
903 3153 1006 3249 idest,
1036 3157 1225 3250 resuscita,
1255 3156 1425 3253 revigora
1453 3164 1494 3232 ut
1519 3157 1584 3231 liat

413 3275 650 3371 susceptibilis
667 3274 803 3349 summi
821 3274 919 3368 boni,
938 3278 972 3348 la
991 3270 1082 3349 virtrl
1098 3285 1164 3348 suu
1182 3280 1395 3369 numana,
1409 3296 1483 3351 non
1496 3275 1583 3350 dicit

413 3402 612 3489 mortuam,
638 3396 701 3470 sed
728 3394 813 3490 quia
837 3394 1008 3475 dormivit
1025 3394 1071 3469 ad
1090 3402 1247 3491 tempus,
1267 3417 1363 3469 conte
1386 3404 1421 3471 tu
1437 3400 1484 3470 se’
1497 3417 1583 3490 usa,·

412 3536 499 3591 nam
525 3515 688 3590 officium
717 3521 825 3590 tuum
851 3522 906 3590 est
938 3514 1116 3589 reducere
1145 3516 1365 3589 memoriam
1398 3517 1582 3591 bonarum

412 3634 687 3733 operationum,
705 3655 796 3731 ergo
814 3633 906 3709 vade
923 3640 959 3709 et
981 3634 1063 3708 lava
1087 3634 1207 3728 ipsum
1225 3641 1262 3709 et
1279 3642 1364 3729 pota
1382 3635 1419 3709 in
1435 3637 1507 3709 lxoc
1524 3657 1583 3711 se·

412 3758 532 3832 cundo
546 3756 710 3849 tlumine,
723 3756 817 3831 sicut
831 3754 943 3829 iecisti
957 3754 993 3827 in
1004 3754 1131 3850 primo.
1145 3755 1188 3827 Et
1202 3753 1323 3827 subdit
1336 3755 1494 3849 qualiter
1507 3756 1585 3829 lila-

413 3878 531 3953 thildis
556 3877 729 3951 contiuuo
756 3875 839 3950 lecit
864 3873 1151 3969 exequutionem
1185 3874 1345 3948 mandati
1372 3894 1437 3969 per
1471 3895 1584 3949 unam

412 3997 571 4071 nobilem
599 3996 921 4091 comparationem,
940 4014 1023 4088 quae
1047 3993 1209 4069 breviter
1234 3999 1306 4069 stat
1327 3993 1363 4068 in
1384 3996 1465 4088 hoc,
1483 3992 1584 4088 quod

413 4118 588 4193 Mathildis
614 4117 697 4192 lecit
722 4117 815 4191 sicut
840 4116 969 4189 nobilis
994 4114 1124 4189 ancilla
1147 4133 1232 4208 quae
1252 4135 1326 4189 non
1353 4119 1408 4188 est
1432 4134 1583 4187 servaa

413 4244 559 4333 natura,
578 4238 637 4313 rel
654 4238 812 4330 fortuna,
830 4236 889 4310 vel
906 4235 1000 4331 lege,
1019 4232 1082 4309 sed
1099 4232 1332 4307 solummodo
1357 4254 1403 4307 ex
1431 4253 1521 4306 vero
1548 4239 1586 4305 et

414 4359 557 4433 sincero
581 4378 711 4433 amore
735 4376 846 4452 quem
872 4354 983 4429 habet
1008 4354 1054 4428 ad
1080 4353 1246 4451 reginam
1265 4354 1450 4429 excelsam
1468 4353 1585 4427 liben-

415 4484 473 4553 ter
489 4484 526 4551 et
543 4484 710 4573 prompte
728 4477 806 4550 sine
822 4475 896 4549 ulla
916 4495 1021 4549 mora
1038 4474 1210 4568 adimplet
1228 4474 1324 4547 illius
1346 4474 1585 4566 voluntatem,

413 4598 577 4673 maxime
600 4597 748 4691 quando
766 4594 974 4692 praecipitur
1000 4593 1067 4667 sibi
1088 4613 1148 4667 res
1168 4593 1424 4668 honestissima
1442 4613 1509 4689 pro
1527 4614 1585 4666 sa·

414 4719 492 4793 lule
517 4717 679 4810 alterius,
702 4716 795 4789 sicut
812 4714 945 4789 eratin
962 4714 1131 4809 praesenti
1149 4714 1344 4809 proposito.
1366 4714 1459 4787 Dicit
1476 4732 1585 4809 ergo:

414 4842 450 4914 le
476 4840 564 4911 bella
588 4840 721 4930 donna,
751 4843 787 4909 et
811 4835 918 4909 cuius
943 4853 1055 4929 opera
1081 4835 1209 4928 pulcra
1235 4840 1330 4929 sunt,
1357 4836 1500 4907 mossesi
1521 4836 1584 4925 poi

476 5096 505 5163 (¹)
523 5100 575 5157 117,
593 5096 653 5161 quia
669 5100 745 5160 poeta
762 5094 837 5147 torte.
1110 5092 1136 5155 (¹)
1153 5093 1184 5146 Ε.
1200 5094 1332 5158 praecepn,
