4575 6842
728 983 865 1040 usurus
890 985 1082 1039 vreusruus
1107 985 1291 1039 ssnrruus.
1527 975 1595 1044 157

425 1130 527 1222 rale5
548 1129 645 1204 unde
666 1129 773 1205 dicit:
803 1131 945 1218 Virpilio
958 1120 1046 1221 ficcd
1070 1136 1108 1202 in
1132 1149 1187 1201 me
1203 1131 1254 1219 pli
1270 1133 1365 1202 occdi
1382 1135 1471 1222 suoi,
1492 1130 1599 1226 idest,

189 1235 193 1240 ’
293 1312 296 1315 ,
426 1249 585 1327 firmavit
610 1250 789 1332 rationem
811 1256 848 1324 et
865 1249 1091 1324 intellectum
1109 1249 1315 1323 naturalem
1333 1249 1370 1323 in
1390 1271 1460 1343 me,
1482 1257 1522 1325 ut
1539 1271 1600 1326 es-

426 1390 504 1446 sem
530 1371 625 1446 bene
649 1375 877 1466 preparatus
902 1375 939 1443 et
963 1369 1157 1464 dispositus
1174 1368 1220 1443 ad
1237 1368 1391 1444 videnda
1418 1391 1501 1464 quae
1521 1371 1599 1466 ipse

425 1490 552 1565 videre
577 1511 650 1564 non
676 1494 831 1584 poterat,
856 1511 953 1562 conse
977 1493 1013 1564 iu
1035 1493 1148 1580 scula,
1174 1488 1276 1584 idest,
1298 1490 1358 1564 illa
1384 1489 1442 1566 via
1468 1498 1599 1568 cavata

425 1608 463 1684 iu
481 1616 606 1684 monte
622 1611 716 1684 lacta
733 1609 782 1684 ad
797 1609 947 1705 gradus,
957 1614 998 1704 su
1014 1632 1121 1684 corsa
1133 1619 1219 1684 tutta
1236 1618 1323 1684 sotto
1341 1614 1415 1705 noi,
1430 1633 1448 1684 e
1462 1616 1601 1706 summo

425 1732 464 1803 in
486 1732 543 1804 sul
564 1732 682 1819 prado
705 1749 868 1822 superno.
896 1730 998 1805 Unde
1021 1731 1174 1806 adverte
1191 1731 1289 1824 quod
1309 1731 1365 1806 bic
1391 1738 1446 1807 est
1466 1753 1601 1826 supre-

426 1870 511 1924 mus
534 1849 674 1944 gradus
693 1856 803 1924 terre
827 1855 864 1924 et
888 1849 1029 1944 primus
1046 1850 1232 1947 ingressus
1251 1851 1286 1924 in
1304 1851 1513 1946 paradisum
1532 1852 1598 1928 de-

424 1970 613 2063 liciarum;
634 1969 717 2044 ideo
733 1969 904 2064 Virgilius
921 1991 993 2044 uon
1011 1977 1129 2065 potest
1148 1971 1304 2067 amplius
1321 1973 1534 2048 ascendere.
1552 1973 1596 2048 llt

424 2089 546 2164 subdit
569 2090 773 2164 orationem
800 2089 951 2166 eiusad
981 2111 1032 2183 se,
1057 2090 1200 2166 dicem:
1227 2113 1246 2163 e
1270 2093 1374 2181 disse,
1400 2111 1506 2170 morc
1531 2114 1599 2186 pa-

424 2218 549 2287 terno:
577 2213 733 2304 cfiptio,
759 2213 820 2284 bui
844 2213 980 2302 cedato,
1008 2232 1069 2286 me
1099 2217 1336 2305 monstrante,
1366 2216 1393 2286 it
1425 2217 1598 2304 temporat

420 2337 539 2426 muco,
556 2331 691 2406 scilicet
708 2331 922 2427 purgatorii,
940 2352 959 2405 e
976 2335 1135 2423 leteruo,
1153 2333 1298 2426 scilicet,
1319 2333 1470 2426 inl'erni;
1492 2332 1596 2430 quasi
1619 2314 1629 2336 '

422 2454 536 2529 dicat:
554 2459 594 2526 tu
615 2453 731 2526 vidisti
749 2453 932 2528 infernum
960 2460 998 2527 el
1021 2454 1279 2549 purgatorium
1298 2461 1428 2548 totum,
1447 2477 1465 2528 e
1481 2457 1597 2527 se've-

422 2582 507 2648 nub
530 2578 568 2648 in
588 2580 693 2667 purte
717 2576 797 2647 dod
809 2578 845 2648 io
867 2595 933 2666 per
949 2595 1004 2646 me
1017 2570 1080 2665 piri
1103 2578 1191 2648 ultre
1215 2596 1288 2648 riou
1312 2579 1485 2665 discerno,
1507 2574 1594 2668 quia

424 2715 508 2789 quae
535 2701 673 2768 restant
698 2693 852 2766 videnda
878 2694 1071 2786 requirunt
1097 2695 1222 2768 oculos
1246 2695 1424 2789 puriores,
1443 2700 1480 2768 et
1497 2693 1593 2768 oculi

424 2816 542 2913 lyncei
559 2814 821 2889 hebetarentnr
837 2807 873 2906 (⁴)
892 2814 929 2886 in
946 2813 1018 2887 eis:
1040 2815 1175 2888 sufficit
1191 2815 1253 2889 tibi
1273 2815 1371 2908 quod
1389 2815 1454 2888 feci
1475 2819 1594 2888 totum

423 2957 529 3032 posse
548 2955 685 3010 meum.
704 2933 806 3008 Unde
825 2933 928 3007 dicit:
947 2940 1053 3007 trotio
1073 2937 1152 3008 tto
1173 2938 1245 3026 qui,
1267 2955 1385 3029 usque
1409 2935 1457 3010 ad
1481 2934 1591 3008 limen

424 3054 592 3151 paradisi,
618 3075 684 3127 con
707 3057 858 3144 inpepno
887 3075 907 3128 e
938 3075 1004 3128 con
1034 3062 1123 3146 arte,
1151 3055 1297 3148 scilicet,
1326 3054 1524 3129 rationibus
1557 3062 1594 3130 et

423 3173 731 3272 persuasionibus,
756 3193 841 3267 quae
865 3180 1018 3267 possunt
1041 3174 1169 3249 baberi
1194 3195 1260 3269 per
1286 3181 1404 3250 artem
1434 3174 1594 3269 acquisi-

424 3305 499 3372 tam
534 3294 680 3391 ingenio
712 3295 899 3387 humano,
935 3313 1036 3390 ergo,
1066 3299 1163 3369 omui
1188 3299 1319 3388 prendi
1346 3317 1414 3388 per
1442 3298 1527 3370 duce
1560 3298 1595 3368 lo

422 3427 481 3494 tuo
505 3419 660 3510 piacere,
686 3414 788 3508 idest,
822 3417 1171 3510 voluntatemque
1206 3417 1321 3490 estin
1350 3417 1509 3511 potentia
1541 3415 1596 3488 in-

422 3540 613 3630 tellectus3
639 3556 725 3609 nam
752 3535 932 3631 appetitus
957 3537 1150 3610 sensitivus
1177 3544 1231 3610 est
1258 3537 1476 3612 rectificatus
1506 3557 1592 3610 eum

422 3659 565 3734 ratione
598 3657 635 3731 in
665 3663 712 3750 te,
738 3662 775 3730 et
800 3663 903 3750 potes
940 3657 1073 3730 amodo
1111 3657 1305 3730 ambulare
1343 3657 1421 3732 sine
1456 3658 1592 3750 labore,

422 3779 501 3853 sine
525 3777 752 3873 suspicione;
774 3775 872 3850 unde
896 3775 1000 3849 dicit:
1015 3778 1102 3868 [τιον
1120 3779 1171 3849 sci
1189 3779 1526 3871 usitatissimum
1545 3779 1595 3850 sei

421 3902 609 3990 dell’urtc3
630 3897 735 3992 quasi
760 3895 874 3970 dicut:
901 3895 1059 3969 transisti
1085 3916 1152 3990 per
1177 3915 1305 3969 omnes
1322 3897 1398 3970 vias
1418 3897 1592 3991 difficiles,

422 4021 514 4095 altas
530 4026 568 4094 et
584 4023 769 4113 angustas,
787 4036 854 4110 per
870 4014 1053 4089 infernum
1073 4020 1110 4089 et
1126 4015 1384 4111 purgatorium
1398 4041 1408 4108 ;
1434 4016 1590 4090 habuisti

417 4141 497 4235 jam
522 4135 767 4234 cognitionem
795 4133 967 4208 vitiorum
994 4133 1031 4206 in
1056 4135 1176 4229 primo
1203 4154 1318 4230 regno
1344 4141 1590 4228 mortuorum,

422 4266 462 4334 et
492 4257 746 4354 purgationem
782 4275 913 4328 eorum
946 4253 983 4327 in
1017 4254 1202 4348 secundo,
1233 4253 1311 4327 sine
1343 4273 1403 4327 me
1441 4254 1592 4328 intrabis

424 4380 584 4453 tertium.
599 4381 804 4450 -llcntre
831 4376 896 4449 Hic
922 4375 1092 4471 Virgilius
1123 4395 1338 4449 recessurus
1364 4395 1386 4448 a
1412 4381 1519 4468 poeta
1546 4395 1593 4450 ne

422 4498 590 4594 desperet
615 4498 643 4571 si
671 4502 838 4572 remanet
862 4495 940 4570 sine
965 4495 1073 4587 duce,
1098 4495 1228 4589 probat
1257 4492 1357 4587 quod
1383 4514 1456 4569 non
1483 4495 1593 4589 possit

422 4638 574 4693 errare:
601 4617 699 4692 unde
723 4616 828 4691 dicit:
863 4618 944 4690 Vedi
980 4617 1008 4687 il
1041 4618 1126 4704 sole,
1157 4613 1302 4705 scilicet,
1337 4619 1479 4705 quartae
1510 4613 1592 4707 diei,

421 4740 481 4812 clu
497 4740 532 4810 'u
554 4741 673 4830 fronte
698 4739 723 4809 ti
746 4739 866 4823 misce,
887 4734 990 4826 idest,
1008 4733 1070 4826 qui
1085 4733 1163 4827 jam
1183 4733 1324 4826 oritur3
1342 4739 1381 4806 et
1396 4732 1594 4828 allegorice

422 4859 502 4931 vult
526 4856 671 4930 dicere:
700 4855 821 4930 radius
835 4846 872 4947 (²)
898 4854 1008 4927 ducet
1034 4859 1081 4946 te,
1107 4857 1145 4926 et
1170 4857 1268 4926 terra
1295 4872 1368 4925 non
1393 4856 1448 4926 est
1473 4852 1595 4947 sylve-

485 5117 513 5181 (“)
529 5118 560 5167 E.
576 5117 739 5168 hebetantur.
927 5115 954 5176 (²)
972 5119 1024 5175 117,
1042 5115 1129 5165 radius
1144 5114 1280 5165 dumlnlcoe
1296 5111 1385 5176 gratie
1401 5111 1479 5162 ducet
1495 5115 1529 5162 te.
