4575 6842
731 962 802 1045 29⁶.
1120 971 1324 1029 couuuruu
1348 973 1517 1028 rannursr

728 1115 876 1192 scientia
900 1116 999 1191 Deus
1023 1116 1282 1210 comprehendi
1307 1122 1445 1213 potest3
1471 1124 1526 1192 est
1555 1117 1655 1193 enim
1685 1118 1899 1215 immensus,

727 1236 1109 1333 incomprehensibilis,
1134 1237 1414 1333 innominabilis,
1439 1237 1641 1314 ineffabilis.
1667 1240 1760 1315 Nota
1786 1239 1899 1317 etiam

728 1357 826 1453 quod
846 1357 957 1433 buius
972 1357 1055 1432 dicti
1073 1378 1185 1433 causa
1201 1365 1269 1453 est,
1287 1358 1374 1453 quia
1392 1359 1598 1435 intellectus
1615 1380 1688 1434 nou
1706 1367 1762 1435 est
1782 1361 1899 1436 virtus

727 1478 900 1575 organica
926 1478 1021 1553 sicut
1045 1478 1236 1574 memoria,
1257 1479 1339 1555 ideo
1364 1486 1419 1553 est
1445 1479 1598 1555 vicinior
1623 1480 1751 1576 primae
1773 1501 1900 1568 causae

727 1620 840 1694 quam
866 1620 1013 1695 seusus3
1040 1605 1077 1674 et
1102 1600 1153 1674 sic
1178 1599 1383 1675 intellectus
1408 1600 1518 1676 babet
1549 1601 1587 1674 in
1615 1621 1657 1677 se
1681 1602 1806 1697 plures
1831 1622 1900 1677 no-

727 1708 882 1795 bilitates
907 1726 944 1795 et
973 1718 1163 1811 bonitates,
1188 1719 1322 1813 quibus
1351 1719 1490 1795 accedit
1522 1721 1571 1795 ad
1602 1721 1898 1799 conformitatem

726 1839 854 1934 primae
879 1858 1011 1913 causae.
1038 1839 1123 1915 ldeo
1149 1839 1244 1917 bene
1261 1838 1472 1915 Aristoteles
1492 1841 1654 1915 secundo
1670 1841 1717 1916 de
1741 1862 1900 1938 genera-

728 1957 828 2035 tione
851 1958 1065 2033 animalium
1091 1958 1192 2034 dicit:
1212 1959 1432 2055 relinquitur
1448 1966 1575 2036 autem
1594 1960 1820 2037 intellectum
1838 1982 1899 2037 so·

728 2076 806 2151 lum
831 2076 878 2153 de
902 2078 989 2153 loris
1014 2078 1189 2154 advenire
1212 2086 1250 2155 et
1275 2079 1441 2155 divinum
1466 2100 1549 2155 esse
1572 2082 1705 2154 solum.
1719 2121 1769 2135 -
1788 2087 1897 2155 Vera·

728 2206 846 2272 mente.
861 2198 927 2272 liic
939 2206 1045 2294 poeta
1058 2199 1176 2295 aperit
1193 2199 1431 2275 intentionem
1445 2222 1551 2276 suam
1570 2200 1669 2276 circa
1684 2208 1899 2297 praetactam

727 2319 932 2415 materiam,
955 2325 1161 2416 protestans
1185 2340 1226 2395 se
1249 2320 1436 2396 dicturum
1461 2321 1509 2395 de
1524 2341 1570 2395 ea
1587 2321 1791 2397 secundum
1813 2342 1897 2417 pos-
2007 2406 2015 2419 ‚

728 2440 933 2515 sibilitatem
960 2461 1087 2535 suam3
1113 2440 1213 2517 unde
1228 2441 1314 2515 dicit
1330 2448 1494 2517 mutum:
1525 2444 1700 2531 (locatio
1721 2447 1815 2536 potet
1833 2449 1898 2538 for

727 2566 854 2652 tesoro,
886 2560 987 2655 idest,
1023 2580 1148 2637 caram
1182 2561 1472 2656 acquisitionem,
1507 2562 1595 2655 quia
1627 2563 1749 2638 solum
1785 2563 1899 2639 relert

729 2680 898 2775 quaedam
924 2680 1093 2776 pretiosa,
1120 2684 1213 2755 nella
1231 2684 1304 2755 mio
1328 2688 1452 2775 manu,
1469 2681 1571 2777 idest,
1595 2682 1787 2778 memoria,
1812 2702 1900 2777 quae

728 2807 783 2875 est
817 2802 1012 2877 thesaurus
1037 2802 1302 2897 inventionum,
1328 2810 1371 2877 ut
1398 2802 1484 2877 dicit
1511 2803 1663 2899 Tullius,
1688 2813 1897 2897 emmeno,

725 2922 827 3018 idest,
855 2944 927 2997 non
953 2923 1168 2999 somniando
1199 2944 1305 3018 vane,
1330 2917 1419 2997 sard
1448 2944 1530 3018 oro,
1558 2924 1705 3020 scilicet,
1730 2926 1777 3001 de
1802 2946 1899 3021 prae·

729 3044 833 3139 senti,
859 3048 1009 3123 mamm
1032 3046 1090 3118 del
1116 3047 1186 3119 mio
1215 3052 1332 3137 moto,
1357 3045 1459 3141 idest,
1491 3045 1596 3121 istius
1626 3066 1720 3121 meae
1744 3047 1899 3142 poeticae

727 3163 986 3259 descriptionis,
1012 3167 1070 3237 del
1091 3184 1204 3257 repno
1233 3172 1350 3257 santo,
1375 3164 1479 3260 idest,
1508 3165 1555 3240 de
1586 3164 1693 3261 coelo,
1718 3165 1817 3261 quod
1842 3173 1899 3243 est

726 3304 884 3380 regnum
910 3291 1135 3359 sanctorum.
1162 3285 1274 3361 Poeta
1299 3284 1397 3360 euim
1427 3284 1616 3380 descripsit
1646 3284 1808 3381 primum
1834 3306 1897 3362 re-

725 3423 840 3499 gnum
858 3404 1130 3499 damnatorum,
1148 3403 1351 3481 secuudum
1368 3410 1633 3500 purgatorum3
1650 3425 1748 3480 nunc
1766 3405 1898 3481 ultimo

723 3524 875 3600 intendit
887 3525 1094 3601 describere
1108 3524 1258 3600 tertium
1272 3546 1430 3622 regnum
1440 3520 1478 3618 (¹)
1492 3525 1789 3601 beatorumllult
1799 3545 1897 3623 ergo

724 3644 847 3721 dicere
859 3645 1020 3721 breviter
1037 3652 1074 3721 et
1091 3646 1207 3721 clare:
1225 3664 1297 3743 ego
1309 3645 1476 3720 tractabo
1491 3644 1627 3719 amodo
1640 3645 1688 3720 de
1702 3645 1796 3721 dicta
1814 3665 1898 3721 ma·

725 3764 817 3841 teria
842 3766 1046 3841 secundum
1071 3765 1281 3841 facultatem
1308 3763 1500 3841 memorie
1524 3784 1639 3860 meae3
1665 3785 1750 3859 quae
1771 3770 1899 3842 tamen

725 3885 791 3961 luit
815 3887 1050 3983 capacissima
1075 3886 1111 3962 in
1137 3886 1215 3982 ipso
1239 3892 1383 3980 autore,
1409 3892 1452 3960 ut
1475 3884 1615 3961 dictum
1648 3892 1705 3961 est
1733 3885 1898 3961 mundo

724 4008 882 4103 capitulo
907 4007 1040 4083 lnierui
1065 4007 1163 4083 circa
1187 4006 1418 4102 principium.
1440 4006 1484 4079 ut
1500 4006 1560 4082 bic
1580 4013 1668 4082 nota
1684 4007 1779 4083 bene
1796 4006 1899 4101 quod

726 4129 820 4204 sicut
836 4128 980 4203 distinxi
996 4127 1178 4224 duplicem
1197 4128 1382 4203 internum
1400 4128 1436 4201 in
1453 4128 1645 4224 probemio
1662 4128 1791 4224 primae
1807 4148 1896 4203 can·

723 4248 1065 4345 decemplicem
1085 4247 1340 4345 purgatorium
1358 4248 1396 4333 in
1412 4247 1605 4343 probemio
1615 4247 1787 4323 secundm
1805 4267 1900 4321 can-.

725 4370 821 4466 ticae;
845 4370 895 4445 ita
928 4390 1027 4443 nuuc
1056 4369 1136 4443 dico
1167 4368 1205 4443 iu
1239 4368 1430 4465 probemio
1456 4368 1566 4441 buius
1596 4367 1715 4443 tertiae
1744 4367 1896 4442 canticae

724 4489 907 4585 duplicem
939 4510 1020 4565 esse
1050 4488 1271 4585 paradisum.
1302 4488 1365 4561 Est
1394 4486 1493 4563 enim
1527 4486 1717 4583 paradisus
1747 4485 1902 4563 moralis.

724 4629 813 4693 cum
837 4610 960 4687 anima
984 4610 1104 4685 adbuc
1129 4609 1166 4683 in
1191 4629 1348 4705 corpore
1373 4608 1500 4685 vivens
1524 4608 1588 4682 dat
1601 4599 1639 4701 θ)
1664 4627 1707 4685 se
1730 4607 1897 4703 specula-

724 4730 824 4825 tioni,
850 4736 887 4807 et
912 4730 949 4805 in
974 4750 1128 4805 excessu
1155 4728 1288 4806 mentis
1312 4728 1476 4805 ascendit
1507 4748 1632 4822 usque
1660 4728 1708 4803 ad
1738 4726 1898 4802 divinam

724 4851 916 4927 essentiam
944 4870 1009 4946 per
1035 4870 1164 4926 omnes
1189 4869 1315 4945 speras
1337 4850 1517 4925 coelorum
1545 4855 1582 4924 et
1612 4848 1758 4925 ordines
1782 4866 1899 4945 ange

785 5108 813 5177 (lp
829 5110 860 5162 E.
876 5122 995 5175 regnum,
1013 5110 1112 5162 scilicet
1128 5110 1272 5162 beatorum.
1447 5108 1476 5175 (¹)
1492 5114 1516 5171 t,
1533 5110 1596 5161 dnus
1611 5120 1639 5161 se
1654 5106 1831 5175 speculationi.
