4575 6842
846 1003 984 1059 CANTUS
1009 1003 1153 1058 PRIMUS.
1511 993 1580 1061 311

407 1155 493 1224 nota
519 1148 618 1243 quod
644 1148 848 1223 secundum
866 1149 1030 1224 diversos
1047 1153 1153 1222 orius
1173 1149 1227 1223 sol
1244 1150 1329 1224 lacit
1349 1151 1514 1227 diversos
1530 1150 1586 1226 el-

406 1269 541 1344 lectns:
560 1288 649 1344 nam
675 1289 698 1344 a
723 1267 1039 1365 principioarietis
1057 1269 1240 1364 usquead
1259 1270 1477 1367 principium
1496 1291 1586 1345 can-

407 1389 459 1464 cri
485 1394 540 1466 est
564 1389 704 1464 calidus
728 1395 766 1465 et
792 1389 975 1483 humidus,
1002 1409 1186 1486 generans
1207 1395 1245 1463 et
1262 1410 1421 1486 augens3
1442 1413 1465 1465 a
1483 1391 1585 1486 prin-

407 1511 500 1607 cipio
525 1511 648 1586 cancri
669 1530 793 1604 usque
823 1510 869 1585 ad
899 1510 1118 1606 principium
1153 1511 1257 1584 librae
1290 1517 1346 1585 est
1377 1510 1516 1586 calidus
1547 1518 1586 1586 et

409 1631 528 1706 siccus
553 1635 805 1725 maturans3a
831 1629 1007 1726 principio
1023 1630 1126 1705 librar
1147 1651 1265 1724 usqne
1291 1630 1339 1704 ad
1364 1630 1582 1727 principium

408 1749 611 1846 capricorni
637 1756 692 1825 est
717 1749 868 1847 frigidus
893 1756 930 1826 et
955 1750 1084 1847 siccus,
1103 1752 1239 1827 iaciens
1263 1751 1450 1827 declinare
1468 1752 1582 1826 mixta

407 1871 455 1946 ad
487 1869 786 1966 diminutionem3
820 1878 858 1946 et
891 1893 913 1946 a
944 1871 1120 1969 principio
1148 1872 1351 1966 capricorni
1386 1893 1505 1967 usque
1537 1872 1583 1947 ad

407 1989 626 2086 principium
651 1990 775 2066 arietis
799 1998 856 2066 est
881 1991 1033 2088 lrigidus
1062 1999 1100 2068 et
1129 1994 1304 2067 lrumidus
1334 1992 1485 2066 humido
1511 2015 1585 2087 pn-

408 2111 561 2186 trelacto
575 2117 612 2186 ei
629 2111 904 2207 putrefacionte
919 2118 961 2187 ut
977 2113 1062 2188 dicit
1081 2114 1312 2187 Ptolomaeus.
1329 2113 1451 2187 Potest
1471 2114 1582 2188 ctiam
1611 2167 1615 2174 .

407 2231 476 2307 ista
510 2231 615 2306 litera
650 2232 783 2327 exponi
818 2233 1019 2328 moraliter,
1046 2233 1183 2308 scilicet
1216 2233 1316 2328 quod
1348 2235 1403 2308 sol
1432 2233 1582 2330 justitie

407 2350 506 2426 Deus
531 2356 712 2447 temperat
737 2357 775 2426 et
799 2351 930 2448 sigillat
956 2354 1037 2449 plus
1054 2375 1123 2428 suo
1142 2354 1252 2428 modo
1276 2353 1502 2428 mundanam
1520 2373 1583 2428 ce-

408 2491 501 2565 ram,
535 2471 637 2565 idest,
670 2471 789 2567 ipsum
825 2473 1025 2565 hominem,
1055 2474 1091 2547 in
1126 2494 1239 2569 quem
1274 2473 1392 2570 magis
1425 2472 1580 2546 inlundit

408 2611 515 2666 suam
533 2593 690 2688 gratiam
706 2613 770 2687 per
787 2591 893 2668 istam
913 2595 1208 2670 coniunctionem
1226 2602 1367 2691 septem
1387 2594 1579 2687 virtutum,

408 2732 521 2805 quam
549 2711 697 2807 quando
722 2713 834 2787 bomo
859 2713 970 2788 babet
995 2721 1138 2787 tantum
1167 2735 1279 2788 unam
1306 2715 1494 2808 virtutem,
1518 2713 1576 2788 vel

407 2831 500 2906 duas
525 2832 584 2907 vel
606 2853 754 2928 paucas,
771 2833 941 2928 quamvis
959 2834 1022 2929 qui
1040 2835 1150 2909 babet
1167 2856 1279 2909 unam
1301 2835 1475 2910 virtutem
1493 2853 1580 2930 per·

409 2950 503 3027 lecte
528 2952 662 3027 habeat
686 2973 827 3047 omnes,
853 2953 970 3048 qualis
996 2975 1093 3029 nunc
1126 2961 1206 3030 erat
1239 2962 1348 3030 autor
1375 2961 1510 3030 noster.
1537 2955 1582 3027 El

408 3093 455 3147 ex
481 3072 675 3167 praemissis
709 3081 816 3168 poeta
847 3074 942 3149 elicit
974 3075 1103 3149 boram
1136 3075 1324 3170 temporis,
1355 3074 1496 3150 dicens:
1527 3077 1580 3147 tut

405 3195 495 3287 soce,
524 3193 669 3288 scilicet,
695 3194 792 3269 arias
820 3194 856 3268 in
882 3215 957 3290 quo
983 3201 1062 3270 erat
1081 3197 1241 3289 sultam
1259 3196 1368 3289 bona,
1390 3200 1465 3269 tam
1483 3200 1581 3269 tem-

407 3321 546 3411 perata,
564 3335 653 3388 occo
669 3319 760 3410 sotto
786 3313 899 3408 mue,
918 3316 1020 3411 idest,
1043 3317 1245 3391 diluculum
1266 3317 1349 3411 diei,
1376 3318 1414 3389 di
1435 3306 1484 3407 ld,
1511 3315 1584 3389 sci-

349 3455 351 3460 ’
406 3435 500 3529 licet,
527 3435 564 3510 in
589 3435 650 3510 illo
676 3435 895 3531 hemisperio
919 3435 1126 3529 *inferiori
1148 3457 1265 3510 escro
1283 3439 1321 3510 di
1339 3455 1424 3529 quo,
1445 3433 1581 3509 scilicet

406 3556 444 3630 in
468 3561 595 3632 nostro
620 3555 840 3652 hemisperio
852 3556 873 3600 ¹⁸
885 3548 923 3648 (⁴)
941 3555 1122 3651 superiori
1138 3556 1303 3652 opposito
1320 3555 1388 3649 illi3
1408 3554 1506 3628 unde
1522 3553 1582 3627 di-

405 3677 473 3752 cit:
500 3699 520 3751 c
543 3681 655 3770 quello
683 3679 878 3771 ruoperto,
904 3677 1053 3771 scilicet,
1080 3677 1295 3771 pradictum
1327 3675 1490 3769 inferius,
1517 3697 1582 3749 ero

406 3799 509 3890 pond
531 3803 614 3871 brito
638 3799 775 3890 ῠίαηοο,
800 3797 886 3872 dicit
911 3799 1024 3890 quusi,
1053 3796 1140 3890 quia
1165 3795 1243 3868 dies
1268 3801 1349 3869 erat
1380 3795 1417 3869 in
1443 3795 1535 3889 lieri,
1561 3817 1580 3867 c

406 3922 534 3994 iullro
553 3925 660 4012 parte
683 3941 786 4009 acra,
811 3916 914 4012 idest,
934 3923 972 3993 ei
996 3916 1095 3992 aliud
1121 3915 1385 4010 hemisperium
1413 3922 1580 3988 nostrum

406 4039 577 4137 superius
610 4045 690 4115 erat
721 4039 858 4114 lactum
894 4037 1053 4134 nigrum,
1080 4037 1167 4130 quia
1202 4056 1275 4110 nox
1308 4042 1389 4111 erat
1420 4035 1457 4108 in
1489 4034 1579 4109 lieri.

406 4164 529 4238 Potest
554 4161 665 4237 etiam
689 4160 758 4235 dici
784 4158 992 4255 allegorice,
1010 4157 1108 4253 quod
1134 4157 1172 4230 in
1198 4155 1259 4231 illo
1281 4155 1502 4252 hemisperio
1522 4156 1578 4229 lu·

407 4271 550 4356 miuo'so
575 4287 656 4357 erat
681 4279 825 4355 claritas
850 4277 1014 4354 veritatis
1039 4278 1124 4373 quia
1151 4282 1258 4352 erant
1274 4276 1371 4350 inter
1387 4277 1582 4350 immorta-

406 4403 476 4496 les3
502 4401 539 4476 in
566 4408 690 4476 nostro
715 4420 805 4475 vero
822 4398 1043 4495 hemisperio
1061 4397 1256 4473 tenebroso
1273 4403 1355 4471 erat
1375 4393 1579 4470 obscuritas

360 4516 363 4524 ’
405 4520 622 4619 ignorantia
647 4521 742 4594 inter
773 4521 957 4594 mortales.
972 4557 1022 4572 -
1038 4519 1199 4606 orando.
1225 4515 1290 4590 llic
1320 4515 1455 4590 Dentes
1484 4521 1582 4590 tacto

405 4648 491 4718 ortu
517 4642 601 4717 solis
627 4639 797 4716 describit
824 4637 1095 4734 dispositionem
1128 4635 1303 4711 Beatricis
1337 4657 1427 4732 erga
1459 4635 1580 4731 ipsum

406 4764 534 4858 solem,
561 4783 645 4858 qnae
670 4759 879 4837 acutissime
896 4757 1112 4853 respiciebat
1137 4755 1175 4829 in
1201 4755 1333 4851 ipsum.
1353 4755 1456 4831 Unde
1475 4753 1579 4829 dicit:

410 4885 572 4975 Quando,
590 4882 691 4976 idest,
709 4881 747 4955 in
773 4899 847 4975 qua
872 4883 948 4953 tam
967 4877 1064 4952 bona
1081 4877 1173 4951 bora
1191 4876 1378 4971 temporis,
1399 4878 1472 4949 cidi
1490 4881 1581 4948 Beo-

470 5141 498 5208 (¹)
513 5143 549 5193 Le
567 5140 656 5206 parole
671 5141 711 5192 irs
727 5141 736 5192 i
751 5140 802 5191 dne
818 5139 949 5190 mutuent
966 5151 1012 5190 son
1029 5136 1140 5202 supplice
1156 5137 1199 5188 dal
1214 5135 1307 5188 Codlca
1322 5136 1438 5186 Balenae.
