4575 6842
735 963 806 1030 396
1126 973 1329 1028 concurrum
1354 971 1520 1025 nunnoni

733 1127 790 1192 rat
816 1124 972 1212 patrem,
999 1125 1040 1190 ut
1065 1117 1124 1190 alii
1151 1118 1349 1191 salventur.
1376 1117 1460 1192 ldeo
1484 1116 1589 1190 dicit:
1612 1140 1678 1210 per
1700 1122 1822 1211 snppir
1840 1141 1905 1212 pe·

730 1241 849 1330 riplio,
864 1238 965 1330 idest,
981 1258 1093 1312 causa
1108 1236 1243 1312 vitandi
1257 1237 1477 1331 periculum,
1493 1243 1617 1310 contro
1628 1260 1653 1308 a
1667 1249 1787 1329 proto,
1801 1238 1901 1331 idest,
1974 1282 1977 1288 -

731 1366 857 1433 contra
877 1360 1122 1452 voluntatem;
1145 1359 1240 1432 sicut
1263 1378 1400 1431 avarus
1417 1357 1559 1451 proiicit
1576 1377 1719 1433 merces
1736 1366 1902 1461 tempore

733 1481 955 1574 tempestatis
974 1487 1014 1552 ut
1030 1481 1204 1554 salvetur.
1221 1480 1263 1551 Et
1280 1479 1474 1552 confirmat
1490 1478 1628 1552 dictum
1646 1501 1757 1553 suurn
1775 1499 1902 1554 exem·

732 1601 792 1695 plo
817 1599 1009 1673 manifesto
1035 1599 1262 1691 Alcmeonis,
1284 1598 1345 1692 qui
1370 1599 1542 1671 mactarit
1562 1605 1717 1672 matrem
1736 1600 1772 1671 in
1795 1598 1902 1672 ultio·

733 1741 817 1794 nem
850 1719 971 1814 patris,
998 1719 1043 1792 de
1076 1741 1151 1812 quo
1180 1720 1273 1794 iacta
1304 1723 1359 1792 est
1389 1718 1526 1794 mentio
1558 1720 1641 1792 alibi
1662 1721 1741 1814 jam
1768 1722 1841 1814 bis3
1867 1729 1903 1795 et

731 1837 941 1911 Aristoteles
966 1838 1209 1932 exemplificat
1234 1836 1344 1912 etiam
1374 1838 1422 1912 de
1451 1857 1507 1912 eo.
1538 1839 1630 1912 Dicit
1661 1859 1772 1934 ergo:
1806 1862 1903 1913 come

731 1961 896 2031 Almeone
919 1961 990 2050 cte,
1017 1962 1054 2031 dt
1078 1951 1131 2032 oid
1152 1967 1304 2051 propalo
1329 1961 1392 2032 dol
1411 1961 1528 2050 padre
1551 1979 1627 2052 suo,
1649 1961 1793 2054 scilicet,
1812 1963 1901 2035 Arn-

731 2080 881 2174 plriarao
907 2081 1047 2154 famoso
1072 2101 1230 2175 augure,
1255 2101 1387 2173 sponse,
1413 2079 1515 2173 idest,
1541 2080 1731 2175 interiecit,
1755 2087 1793 2155 lc
1814 2104 1903 2175 pro-

728 2202 812 2292 priu
837 2201 973 2288 madre,
1000 2199 1134 2274 scilicet
1160 2199 1367 2294 Eriphylem
1398 2219 1482 2291 quae
1508 2199 1716 2293 prodiderat
1740 2222 1827 2276 eum
1857 2203 1903 2276 ad

731 2325 901 2393 mortem.
928 2319 973 2392 Et
997 2319 1105 2394 dicit:
1136 2341 1204 2412 per
1231 2341 1304 2391 noo
1330 2322 1462 2411 perdor
1491 2309 1587 2411 pictd
1616 2324 1649 2392 si
1674 2323 1719 2413 [θ’
1735 2325 1904 2415 spretam

731 2441 844 2533 pietas
861 2440 959 2513 enirn
974 2447 1030 2514 est
1046 2461 1153 2514 amor
1169 2441 1216 2515 ad
1229 2446 1416 2534 parentes3
1435 2439 1545 2514 modo
1560 2440 1743 2514 Alcmaeon
1762 2449 1805 2515 ut
1824 2463 1904 2516 scr-

731 2567 836 2635 varet
862 2561 1033 2654 pietatem
1057 2581 1147 2657 erga
1166 2568 1307 2655 patrem
1330 2582 1420 2634 usus
1437 2567 1492 2634 est
1509 2561 1695 2655 impietate
1711 2583 1802 2659 erga
1822 2583 1903 2638 ma·

731 2686 838 2755 trem.
875 2681 972 2754 idem
1006 2681 1088 2754 iecit
1118 2681 1280 2774 Orestes,
1313 2681 1360 2754 de
1393 2701 1468 2774 quo
1502 2680 1645 2754 dicetur
1675 2681 1712 2755 in
1746 2683 1903 2777 capitulo

733 2800 1015 2894 sequenti-d
1044 2809 1170 2898 questo.
1203 2801 1269 2875 Hic
1299 2801 1445 2874 Beatrir
1477 2802 1674 2896 persuadet
1702 2804 1835 2897 autori,
1862 2812 1904 2877 ut

731 2921 935 2995 consideret
960 2921 1056 2995 circa
1083 2921 1299 3016 praedictum
1317 2942 1464 3015 passum
1483 2943 1569 2996 cum
1591 2922 1818 2999 distinctione
1834 2944 1902 3018 pro

730 3041 975 3115 declaratione
1005 3063 1084 3134 sua,
1110 3039 1252 3114 dicens:
1286 3047 1315 3112 A
1353 3049 1470 3131 questo
1496 3049 1605 3133 ponto
1635 3043 1752 3132 ooplio
1783 3045 1843 3116 cte
1867 3050 1902 3115 tu

728 3183 846 3253 pense,
875 3163 934 3234 clue
960 3163 996 3232 lc
1018 3165 1127 3254 sorno
1151 3164 1182 3232 si
1206 3162 1349 3233 muenia
1366 3165 1405 3232 ol
1421 3164 1530 3250 oolcr,
1548 3167 1586 3234 et
1608 3161 1660 3234 sic
1677 3161 1716 3234 lit
1733 3163 1902 3236 voluntas

733 3283 858 3374 mixta,
893 3285 1046 3376 esanoo
1071 3274 1101 3353 sl
1132 3283 1193 3352 olle
1222 3303 1346 3353 scorur
1375 3302 1449 3354 non
1476 3285 1666 3373 riposson
1696 3285 1728 3355 le
1757 3289 1898 3377 offense,

731 3401 833 3494 idest,
861 3407 1030 3495 peccata3
1056 3400 1156 3473 unde
1180 3400 1320 3473 subdit:
1339 3404 1457 3492 ooplia
1476 3403 1632 3474 assotum
1650 3423 1723 3476 non
1745 3411 1902 3477 mouente

732 3525 771 3596 ol
794 3525 926 3612 donno,
956 3521 1057 3613 idest,
1088 3525 1250 3613 peccato,
1281 3525 1318 3594 et
1346 3521 1376 3593 si
1411 3523 1600 3615 consentit,
1626 3521 1783 3596 edicitur
1814 3529 1902 3597 tuuc

624 3647 626 3654 ’
732 3641 861 3734 mirta3
890 3641 987 3714 unde
1011 3640 1114 3714 dicit:
1137 3661 1196 3711 nto
1220 3644 1412 3713 consenteoi
1427 3645 1465 3713 in
1483 3649 1591 3734 tanto,
1615 3646 1652 3714 in
1672 3649 1802 3733 quanto
1818 3649 1903 3714 tane

730 3765 839 3834 codor
863 3767 900 3833 in
922 3757 984 3852 piri
1015 3766 1175 3852 offundo,
1202 3761 1348 3856 scilicet,
1375 3760 1412 3834 in
1442 3761 1562 3834 maius
1593 3763 1783 3856 damnum,
1810 3761 1903 3836 sicut

732 3888 830 3977 patet
856 3881 892 3953 in
918 3901 962 3954 eo
988 3881 1050 3973 qui
1070 3881 1217 3954 violavit
1234 3881 1427 3976 virginem,
1445 3882 1508 3973 qui
1531 3889 1571 3954 ut
1591 3881 1723 3955 eradat
1742 3901 1765 3954 a
1784 3888 1902 3954 morte

731 4002 925 4095 desponsat
950 4021 1045 4092 eam,
1072 4021 1183 4093 quam
1212 4021 1403 4092 nunquam
1435 4000 1541 4074 aliter
1570 4000 1833 4094 desponsasset.
1859 4001 1903 4072 Et

732 4122 783 4195 sic
808 4127 907 4216 patet
932 4119 1031 4214 quod
1057 4121 1227 4193 voluntas
1251 4127 1378 4193 coacta
1405 4119 1573 4193 voluntas
1592 4127 1658 4194 est.
1676 4120 1722 4193 Et
1741 4121 1799 4194 tric
1815 4127 1902 4193 nota

732 4242 829 4336 quod
856 4242 885 4314 si
910 4242 956 4314 sit
982 4241 1091 4313 timor
1117 4241 1250 4313 cadens
1275 4241 1312 4311 in
1341 4246 1568 4314 constantem
1598 4241 1719 4314 virum
1751 4248 1903 4314 excusat

731 4363 766 4435 in
794 4363 873 4435 loro
900 4360 994 4434 cirili
1021 4366 1057 4434 et
1083 4360 1192 4434 etiarn
1216 4361 1263 4432 'in
1294 4359 1373 4433 loro
1403 4361 1545 4453 morali,
1571 4359 1635 4435 sed
1658 4380 1730 4434 non
1752 4359 1902 4434 omnino

731 4481 829 4576 apud
856 4481 997 4573 Deum3
1025 4499 1121 4572 saepe
1147 4479 1256 4552 etiarn
1288 4485 1343 4552 est
1377 4479 1559 4553 laudabile
1592 4501 1666 4553 non
1697 4479 1830 4554 cedere
1855 4479 1901 4552 ti·

728 4601 834 4694 mori‚
862 4600 947 4693 quia
974 4600 1109 4673 scilicet
1136 4599 1267 4674 melius
1292 4607 1349 4674 est
1371 4599 1523 4695 diligere
1548 4601 1756 4693 honestum,
1787 4621 1899 4693 quarn

730 4724 861 4796 timere
896 4742 1063 4815 poenam:
1100 4721 1191 4794 tales
1224 4740 1313 4816 ergo
1345 4719 1576 4813 operationes
1607 4727 1692 4794 sunt
1722 4721 1901 4814 quodam·

730 4840 839 4914 modo
854 4841 1080 4934 voluntariae‚
1096 4839 1368 4934 quodammodo
1386 4834 1820 4914 involuntarie—Perti.
1838 4839 1902 4914 llic

729 4960 874 5035 Beatrix
902 4961 1088 5055 praemissa
1113 4960 1340 5034 distinctione
1366 4961 1571 5034 necessaria
1594 4960 1777 5035 concludit
1802 4961 1903 5034 solu-

732 5082 868 5155 tionem
896 5080 1103 5173 quaestionis
1129 5080 1319 5154 verificans
1347 5086 1551 5173 utrumque
1580 5081 1731 5177 dictum,
1757 5079 1899 5154 dicens:
