4575 6842
710 979 779 1046 126
927 1048 933 1061 ,
1065 987 1270 1044 comarum
1294 990 1517 1078 ronenrouu

705 1132 851 1208 linitura
877 1138 932 1208 est
958 1139 1079 1209 vestra
1105 1156 1214 1230 poena
1241 1135 1410 1231 quamvis
1436 1136 1555 1232 longa',
1582 1138 1614 1209 le
1638 1136 1796 1210 memma
1813 1139 1879 1210 mle

703 1275 775 1327 non
798 1275 864 1328 son
888 1257 1019 1330 rimosa
1044 1256 1180 1348 cambe,
1204 1256 1351 1350 seilicet,
1369 1256 1626 1351 injuventute,
1659 1250 1705 1330 nd
1727 1263 1875 1350 maure,

703 1377 848 1470 scilicet,
875 1376 913 1450 in
937 1384 1144 1452 senectute:
1172 1377 1375 1452 eratenim
1408 1377 1601 1453 mediocris
1626 1378 1755 1473 aetatis,
1781 1377 1877 1452 scili-

703 1502 761 1572 cet
787 1496 935 1592 triginta
959 1496 1124 1591 quinque
1149 1517 1345 1591 annorum,
1375 1499 1413 1570 di
1439 1487 1652 1593 tasonem,
1676 1498 1875 1574 inmundo

706 1617 918 1711 viventium,
944 1617 1049 1712 quasi
1079 1617 1176 1690 dicat
1206 1636 1279 1690 non
1310 1638 1393 1691 sum
1428 1621 1615 1712 mortuus3
1642 1617 1741 1692 unde
1770 1617 1875 1693 dicit:

705 1759 764 1812 ma
788 1759 853 1811 son
879 1740 938 1830 qui
961 1757 1068 1828 amco,
1085 1737 1234 1832 scilicet,
1252 1737 1423 1833 viventia,
1449 1741 1505 1811 col
1521 1759 1655 1830 scopae
1677 1759 1742 1812 suo
1767 1761 1786 1813 e
1811 1759 1875 1812 con

705 1861 736 1933 lc
759 1880 819 1932 suc
842 1862 1013 1950 perdura.
1040 1857 1082 1930 Et
1108 1858 1195 1953 quia
1221 1858 1258 1932 iu
1283 1857 1456 1954 petitione
1484 1859 1622 1935 dictum
1658 1860 1779 1935 iuerat
1809 1860 1876 1935 sibi

705 1979 804 2073 quod
830 1999 903 2053 non
929 1977 1005 2052 ibat
1029 1986 1111 2072 post
1134 1977 1224 2053 alios
1250 1983 1398 2074 propter
1420 1979 1626 2054 tarditatem
1649 1980 1748 2074 quod
1768 1980 1877 2056 cede·

706 2098 768 2173 bat
793 2098 858 2172 sibi
883 2097 930 2172 ad
955 2097 1122 2195 gloriam,
1141 2098 1223 2173 ideo
1240 2097 1317 2194 ipse
1342 2098 1405 2193 qui
1431 2119 1505 2173 non
1531 2099 1662 2194 quaerit
1680 2120 1777 2174 nune
1794 2102 1876 2175 lau-

704 2220 801 2313 dem,
834 2219 899 2294 sed
931 2218 1190 2316 purgationem
1223 2239 1376 2293 suorum
1414 2225 1650 2315 peccatorum
1684 2221 1877 2316 respondet

704 2340 891 2415 humiliter
916 2337 1093 2414 condiens
1122 2360 1229 2413 suam
1260 2339 1520 2438 negligentiam
1547 2347 1585 2416 et
1615 2340 1876 2438 ignorantiam3

705 2463 802 2537 unde
826 2461 931 2536 dicit:
962 2462 1078 2553 quinci
1110 2481 1152 2534 su
1182 2479 1238 2554 oo,
1272 2482 1338 2556 per
1371 2465 1534 2536 montem
1561 2461 1685 2556 istum,
1714 2483 1781 2555 per
1804 2461 1877 2536 non

704 2585 798 2656 esse‘r
818 2575 880 2674 piri
895 2583 1000 2672 eicco,
1027 2579 1112 2675 quia
1140 2580 1247 2654 nimis
1272 2580 1333 2655 diu
1361 2579 1412 2654 lui
1438 2587 1476 2656 et
1499 2581 1607 2655 nimis
1631 2581 1771 2655 tardavi
1796 2601 1876 2677 poe-

706 2703 915 2796 nitentiam3
946 2700 1010 2776 sed
1043 2701 1163 2797 gratia
1197 2701 1261 2776 liei
1296 2701 1479 2776 succurrit
1508 2701 1608 2775 mihi.
1638 2702 1741 2778 Unde
1772 2701 1875 2776 dicit:

705 2826 829 2899 donna
861 2820 883 2897 ἐ
909 2825 947 2897 di
975 2843 1098 2916 sopra,
1130 2821 1277 2916 scilieet,
1310 2821 1469 2916 Beatrix,
1501 2827 1542 2898 ut
1575 2822 1706 2898 totiens
1736 2821 1872 2897 dictum

706 2950 771 3038 est,
798 2946 858 3017 clla
881 2944 1089 3035 n'ocquisto
1112 2945 1263 3034 erasm
1288 2941 1371 3016 ideo
1396 2941 1493 3016 misit
1518 2941 1708 3038 Virgilium
1731 2941 1778 3016 ad
1802 2963 1874 3037 me,

699 3047 830 3158 pervim
842 3068 869 3139 'l
891 3067 1051 3155 mortale,
1077 3063 1223 3158 scilicet,
1245 3083 1391 3158 corpus,
1407 3083 1490 3136 roco
1503 3084 1570 3155 per
1587 3071 1704 3154 questo
1730 3065 1874 3156 monade,

706 3185 807 3280 idest,
833 3191 938 3280 porto
964 3205 1030 3280 per
1056 3184 1323 3282 purgatorium.
1338 3188 1473 3257 -Μα,
1496 3183 1561 3258 llic
1587 3191 1695 3278 poeta
1720 3184 1876 3260 dulciter

704 3305 850 3381 adiurat
873 3304 1064 3400 praedictos
1091 3311 1132 3377 ut
1158 3303 1389 3378 manifestent
1414 3325 1454 3379 se
1479 3309 1517 3379 et
1545 3303 1634 3379 alios
1665 3305 1877 3381 recedentes

704 3425 742 3499 in
767 3423 989 3499 contrariam
1015 3429 1170 3520 partem.
1194 3423 1296 3498 Unde
1317 3423 1422 3498 dicit:
1450 3429 1513 3498 Me
1528 3447 1566 3498 se
1582 3428 1619 3499 la
1637 3431 1756 3499 vosne
1774 3447 1877 3517 mep-

704 3548 786 3638 pior
810 3547 929 3637 voglio
952 3547 1104 3637 dioegno
1128 3551 1215 3618 tosto
1231 3547 1348 3636 aazia,
1372 3565 1457 3640 quae
1477 3566 1576 3620 nuno
1603 3551 1656 3621 est
1682 3546 1731 3621 ita
1755 3547 1874 3642 avida,

703 3659 855 3739 sicle'l
876 3669 942 3740 ciel
966 3667 1175 3758 o'olderpld,
1210 3686 1284 3740 non
1309 3667 1445 3740 coelum
1473 3665 1610 3742 mobile
1639 3667 1702 3742 sed
1727 3687 1874 3764 semper

706 3784 887 3880 quietum,
913 3783 995 3860 co’e‘
1019 3789 1290 3879 mandamur,
1316 3785 1464 3880 scilieet,
1490 3787 1626 3860 coelum
1653 3807 1872 3885 empyreum

704 3905 803 4000 quod
829 3910 947 3980 totum
973 3911 1029 3981 est
1053 3907 1117 3980 lux
1142 3912 1180 3982 et
1205 3927 1322 4001 amor,
1336 3902 1399 4000 pail
1423 3909 1542 4000 amplo
1565 3897 1597 3982 'si
1619 3912 1759 4002 spazie,
1785 3910 1871 4004 quia

703 4026 863 4101 continet
888 4047 1017 4102 omrres
1042 4027 1155 4102 coelos
1181 4027 1275 4102 intra
1301 4047 1360 4120 se3
1386 4029 1504 4101 ditemi
1527 4029 1582 4101 cli
1611 4030 1669 4101 voi
1692 4033 1785 4121 alea,
1811 4030 1874 4124 qui

703 4144 789 4220 estis
813 4146 851 4219 in
876 4146 942 4221 ista
968 4148 1089 4241 turba,
1115 4170 1134 4220 c
1158 4150 1212 4221 clai
1235 4140 1256 4221 ὀ
1278 4150 1392 4240 quella
1413 4148 1517 4220 tarda
1540 4150 1600 4222 cite
1624 4142 1655 4222 si
1679 4169 1722 4222 ne
1749 4171 1794 4222 oa
1819 4153 1875 4225 di-

702 4273 801 4339 rctro
817 4269 855 4339 ai
871 4271 981 4340 matri
1005 4270 1143 4360 terpltl?
1168 4267 1210 4340 Et
1235 4267 1339 4342 dicit:
1366 4259 1463 4340 occid
1488 4270 1539 4341 od'
1552 4289 1663 4342 anaor
1685 4290 1729 4341 ne
1754 4272 1876 4362 ampli

702 4393 811 4478 corte,
837 4386 940 4481 idest,
975 4387 1129 4482 lineem3
1158 4387 1262 4481 quasi
1291 4387 1399 4482 dicat,
1433 4393 1474 4460 ut
1503 4387 1677 4463 scribam·
1693 4388 1738 4462 de
1772 4389 1876 4463 robis

702 4511 739 4580 et
764 4505 848 4582 dem
874 4507 978 4582 vobis
1003 4508 1153 4603 lamam,
1171 4507 1202 4582 si
1220 4507 1419 4592 inmundo
1437 4506 1613 4583 remansit
1629 4507 1777 4582 inlamia
1794 4508 1876 4583 libi·

701 4625 803 4700 dinis.
818 4667 866 4681 -
879 4631 970 4702 Non.
997 4628 1063 4703 llic
1087 4633 1195 4723 poeta
1221 4627 1391 4703 describit
1423 4627 1595 4704 ellectum
1622 4647 1699 4701 suae
1726 4648 1877 4724 respon·

701 4743 822 4840 sionis,
848 4753 886 4821 et
910 4747 995 4822 dicit
1019 4769 1106 4823 cum
1133 4747 1408 4843 comparatione
1432 4749 1531 4823 clara
1562 4746 1662 4842 quod
1691 4746 1740 4821 illi
1771 4747 1877 4844 spiri-

701 4871 760 4939 tus
785 4865 910 4942 audito
936 4867 983 4943 de
1007 4889 1076 4942 suo
1093 4869 1220 4944 vivere
1240 4889 1317 4964 prae
1334 4875 1485 4964 stupore
1504 4867 1792 4963 obmutuerunt3
1811 4869 1875 4944 sed

702 4988 812 5082 paulo
838 4994 919 5084 post
942 4989 1105 5086 deposito
1130 4996 1281 5086 stupore
1306 4988 1424 5064 Guido
1445 4989 1669 5065 Guinicellus
1685 4989 1795 5084 coepit
1813 5010 1874 5065 re-

702 5108 882 5203 spondere
906 5110 953 5185 ad
978 5111 1173 5205 quaesitum
1196 5131 1317 5185 suum.
1337 5111 1439 5187 Unde
1453 5111 1558 5187 dicit:
1576 5115 1626 5184 Lo
1646 5116 1870 5204 mmdunaro,
