4575 6842
842 986 980 1043 cunnus
1003 989 1176 1044 ocrnvus.
1526 978 1597 1046 485

425 1135 508 1230 tria,
523 1132 671 1231 juvenis
697 1132 822 1229 viginti
848 1133 1012 1229 quinque
1035 1153 1242 1227 annorum,
1260 1134 1324 1229 qui
1350 1140 1438 1210 tunc
1463 1136 1597 1211 ardens

423 1276 565 1349 amore,
592 1274 726 1330 vacans
750 1253 856 1342 sonis¹
878 1259 916 1328 et
946 1254 1125 1349 cantibus,
1152 1254 1255 1328 uncis
1284 1255 1422 1330 amoris
1448 1276 1596 1352 prome·

425 1374 499 1449 ruit
522 1373 680 1470 gratiam
706 1372 809 1447 istius
830 1372 979 1467 juvenis
1003 1373 1139 1447 Caroli:
1166 1373 1230 1447 sed
1255 1374 1408 1449 Carolus
1434 1376 1501 1451 iste
1521 1398 1596 1453 uno

424 1500 463 1571 et
490 1494 621 1570 eodem
650 1513 749 1568 anno
781 1490 934 1567 reddidit
964 1492 1127 1567 animaru
1162 1493 1240 1568 Deo
1274 1513 1359 1568 cum
1394 1496 1596 1571 Clementia

425 1634 544 1691 uxore
568 1634 647 1688 sua.
673 1613 779 1686 Nunc
803 1612 849 1687 ad
875 1612 1019 1701 literam
1042 1632 1149 1709 ergo:
1178 1613 1297 1711 primo
1314 1620 1420 1708 poeta
1441 1615 1597 1689 ostendit

425 1733 612 1829 quomodo
637 1733 695 1807 hic
719 1732 873 1807 Carolus
890 1732 1048 1828 benigne
1063 1732 1239 1807 obtulerit
1256 1752 1296 1807 se
1313 1733 1379 1807 sibi
1402 1734 1448 1809 ad
1474 1734 1595 1809 omnia

424 1860 544 1949 prata,
568 1852 708 1927 dicens:
736 1855 829 1941 ludi,
854 1852 959 1945 idest,
988 1852 1131 1945 deiude,
1157 1856 1255 1941 iun,
1286 1852 1421 1929 scilicet
1445 1854 1598 1929 Carolus

425 1973 620 2066 Martellus,
646 1978 684 2047 et
707 1972 841 2047 dicitur
866 1973 1031 2067 Carolus,
1057 1972 1162 2066 quasi
1178 1966 1214 2064 (¹)
1243 1992 1373 2047 carens
1399 1974 1472 2066 lue,
1494 1973 1597 2067 idest,

425 2092 509 2168 labe
536 2092 720 2185 vitiorum,
744 2095 776 2167 rt
796 2094 870 2187 fece
889 2087 953 2185 piri
976 2113 1100 2184 presso
1125 2114 1151 2165 u
1174 2096 1247 2183 noi,
1271 2092 1358 2186 quia
1385 2092 1598 2189 recognovit

425 2218 609 2304 autorem,
635 2234 654 2283 e
677 2215 753 2285 solo
780 2204 1001 2299 memorat,
1026 2214 1155 2308 supple
1189 2213 1323 2307 dicere,
1354 2214 1496 2287 caeteris
1528 2234 1598 2287 au·

425 2332 607 2406 dieutibus
632 2338 669 2405 et
694 2332 986 2425 quiescentibus:
1021 2336 1095 2407 tutti
1126 2355 1199 2406 sem
1226 2337 1353 2426 presit,
1382 2354 1429 2409 ex
1463 2334 1597 2409 ardore

424 2451 598 2545 caritatis,
628 2454 667 2525 ol
698 2460 757 2526 tao
785 2456 921 2545 placer,
943 2446 1071 2545 percite*
1093 2455 1131 2525 di
1163 2456 1225 2525 noi
1256 2456 1281 2527 o·
1310 2456 1394 2547 piot,
1423 2454 1526 2547 idest,
1558 2462 1597 2527 ut

426 2572 579 2667 recipias
603 2571 808 2667 proiectum
835 2563 1054 2665 nobis(²),et
1080 2572 1218 2647 releras
1243 2572 1321 2647 aliis
1338 2573 1463 2648 audita
1480 2572 1597 2670 gloria

427 2699 563 2767 nostra.
589 2693 634 2765 Et
658 2691 819 2787 assignat
846 2713 998 2767 causam
1030 2712 1148 2786 quare
1184 2702 1269 2768 sunt
1299 2682 1397 2785 itud)
1427 2692 1596 2787 prompti,

426 2811 514 2905 quia
537 2811 669 2887 ardent
693 2830 822 2885 omnes
841 2831 972 2886 amore
995 2812 1130 2906 divino,
1148 2811 1243 2885 sicut
1268 2811 1303 2885 in
1329 2813 1469 2887 mundo
1494 2834 1597 2888 arse·

428 2937 515 3006 runt
529 2920 566 3023 (⁸)
593 2951 723 3006 amore
749 2951 855 3005 vano.
882 2932 984 3006 Unde
1004 2930 1109 3006 dicit:
1127 2936 1188 3004 noi
1209 2935 1241 3004 ri
1259 2934 1411 3023 volpium
1427 2934 1478 3005 co’
1493 2936 1597 3025 prio-

426 3054 494 3144 cipi
513 3055 637 3143 celesti,
655 3051 758 3145 idest,
776 3066 973 3126 movemur
991 3060 1095 3125 motu
1114 3053 1346 3146 thronorum,
1366 3052 1427 3146 qui
1447 3062 1597 3129 movent

426 3170 522 3246 istud
560 3172 714 3266 coelum,
752 3174 788 3245 d
800 3192 849 3245 uo
886 3179 992 3261 reolo,
1025 3174 1123 3245 d'ua
1153 3174 1279 3261 piram
1312 3196 1330 3245 e
1363 3175 1398 3245 d
1410 3193 1483 3245 uno
1515 3181 1597 3265 sete,

426 3290 530 3385 idest,
561 3312 637 3366 nno
674 3299 791 3387 motu,
820 3292 1069 3386 circulatione,
1104 3299 1142 3366 et
1179 3292 1369 3367 desiderio.
1408 3292 1461 3367 Ad
1499 3295 1598 3388 quod

426 3423 511 3491 nota
537 3415 636 3510 quod
660 3425 772 3493 autor
804 3418 884 3491 vult
916 3416 1016 3512 quod
1041 3436 1174 3491 novem
1202 3415 1348 3491 ordines
1380 3417 1597 3513 angelorum

424 3538 735 3631 correspondeant
764 3557 899 3617 novem
931 3536 1046 3632 sperls
1076 3538 1271 3631 coelorum,
1301 3536 1395 3611 sicut
1429 3546 1529 3633 patet
1563 3538 1598 3612 in

424 3657 496 3732 lroc
527 3657 631 3733 libro.
669 3658 715 3731 Et
748 3662 791 3730 ut
828 3656 955 3736 reddat
988 3662 1160 3730 autorem
1200 3663 1382 3731 attentum
1418 3664 1600 3733 memorat

424 3776 506 3871 sibi,
531 3775 630 3870 quod
655 3775 731 3872 ipse
756 3776 843 3850 olim
870 3776 908 3849 iu
939 3775 1012 3849 vita
1043 3774 1134 3847 dum
1170 3783 1265 3850 esset
1295 3782 1485 3849 amoratus
1509 3776 1600 3852 alle-

426 3902 555 3972 ctuose
577 3896 711 3973 direxit
734 3916 945 3971 sermonem
972 3915 1083 3969 suum
1108 3893 1157 3969 ad
1183 3895 1269 3969 istos
1294 3897 1464 3993 angel0s3
1484 3904 1520 3971 et
1545 3896 1600 3970 dl-

426 4018 494 4093 cit:
521 4020 559 4091 oi
587 4020 694 4109 quali,
724 4017 870 4110 scilicet,
904 4014 1137 4111 principibus,
1172 4023 1207 4089 tu
1238 4018 1297 4089 oet
1324 4020 1467 4107 mondo,
1497 4018 1600 4113 idest,

426 4158 513 4211 cum
540 4157 623 4211 eras
647 4136 684 4211 in
710 4136 849 4211 mundo
882 4136 1026 4211 mortali
1057 4135 1094 4209 io
1130 4134 1249 4227 terris,
1280 4126 1341 4227 pul
1370 4140 1511 4211 dursti:
1544 4142 1601 4213 ooi
1711 4150 1715 4163 “

426 4261 488 4331 cite
511 4260 718 4331 'mmmm
749 4260 778 4331 il
809 4265 907 4329 terzo
931 4260 996 4331 ciel
1019 4263 1161 4349 movete,
1191 4256 1293 4350 idest,
1320 4278 1343 4330 o
1369 4278 1434 4330 ros
1468 4258 1600 4333 intelli-

426 4379 572 4477 gentiae,
598 4398 683 4472 quae
710 4378 865 4453 movetis
890 4377 1036 4453 tertiam
1061 4397 1208 4472 speram
1227 4377 1397 4451 Veneris:
1424 4378 1519 4454 istud
1545 4387 1600 4455 est

427 4499 645 4596 principium
673 4496 783 4572 unius
808 4497 997 4591 cantionis,
1015 4519 1127 4591 quam
1155 4504 1265 4571 autor
1291 4498 1374 4572 iecit
1399 4498 1445 4573 de
1470 4519 1600 4575 amore

427 4641 497 4695 suo
522 4620 559 4693 in
580 4620 788 4714 Juveutute,
815 4615 878 4691 nbi
902 4616 1103 4709 alloquitur
1134 4617 1248 4692 dictas
1283 4617 1538 4713 intelligentias
1562 4620 1599 4693 iu

427 4739 570 4835 plurali,
597 4738 682 4832 quia
709 4757 782 4811 non
803 4735 967 4830 loquitur
983 4736 1030 4810 ad
1050 4737 1200 4810 modum
1219 4737 1418 4832 philosophi
1441 4739 1600 4832 quivult

427 4857 528 4952 quod
555 4878 627 4931 una
653 4878 759 4952 spera
786 4855 918 4931 habeat
942 4856 1062 4930 solum
1087 4877 1199 4930 unam
1222 4855 1495 4952 intelligentiam
1520 4881 1601 4934 mo-

490 5044 519 5107 i')
535 5044 564 5093 Ε·
581 5044 641 5106 uuis
656 5058 755 5095 careas.
974 5042 1002 5103 (Ἴ
1018 5042 1049 5091 Ε.
1065 5056 1080 5091 e
1097 5048 1121 5103 t,
1136 5057 1170 5093 ex
1185 5044 1265 5097 nobis.

492 5120 519 5182 (¹)
535 5123 560 5177 t,
577 5120 619 5170 isti
634 5121 756 5183 prompti.
978 5119 1005 5183 (¹)
1021 5120 1052 5170 E.
1068 5126 1228 5171 exarserunt.
