4575 6842
736 966 875 1024 emaus
899 968 1092 1024 uousmns
1115 969 1281 1036 oumrus.
1546 963 1593 1030 99

420 1116 476 1186 est
500 1111 539 1186 in
564 1111 759 1207 testiculis3
784 1112 882 1186 unde
906 1111 1078 1208 genitalia
1102 1113 1254 1188 trahunt
1279 1115 1379 1208 quod
1404 1117 1594 1213 superfluit

420 1233 609 1326 membris,
629 1232 723 1308 sicut
740 1239 892 1308 ventosa
908 1231 1138 1328 sanguinem.
1157 1233 1216 1309 Sic
1229 1227 1266 1326 (¹)
1286 1241 1386 1330 patet
1407 1239 1593 1332 quomodo

420 1352 479 1428 lric
511 1353 661 1450 sanguis
693 1358 749 1428 est
782 1352 977 1449 perlectus.
990 1358 1183 1428 -luoon
1216 1354 1281 1430 Hic
1313 1355 1448 1434 Statius
1477 1361 1594 1456 posita

419 1472 557 1548 virtute
581 1472 766 1569 potentiali
799 1474 1004 1568 spermatis,
1030 1473 1132 1568 ponit
1164 1472 1244 1549 eius
1269 1478 1522 1571 operationem
1547 1479 1593 1556 ad

419 1592 696 1690 generationem
720 1592 843 1686 fretus,
868 1592 1013 1668 dicens:
1034 1598 1156 1669 Amor
1175 1597 1322 1688 dinosco,
1343 1597 1423 1672 talis
1445 1599 1594 1696 sanguis

419 1712 537 1788 lactus
561 1732 719 1808 sperma,
743 1714 869 1788 scendo
901 1709 992 1788 oo’e‘
1018 1708 1081 1806 pid
1113 1715 1201 1788 bello
1230 1722 1327 1789 lacer
1358 1719 1418 1792 cte
1448 1709 1592 1814 dire(²);

419 1855 488 1930 pro
511 1834 702 1910 honestate
728 1832 900 1928 relinquit
931 1833 1207 1931 intelligendum
1240 1836 1379 1930 lectori,
1405 1837 1505 1932 quod
1530 1837 1595 1914 do-

418 1948 565 2030 sccudit¹
580 1953 628 2030 ad
658 1953 859 2048 testiculos;
885 1960 920 2027 et
942 1956 1075 2048 prdodi,
1104 1953 1207 2048 idest,
1232 1955 1280 2029 ab
1306 1955 1381 2030 istis
1406 1957 1593 2054 testiculis,

415 2075 539 2169 poeno
569 2095 680 2166 pemc,
704 2074 808 2169 idest,
839 2073 1066 2169 distillatio
1097 2078 1246 2149 moral
1276 2079 1420 2168 casello,
1445 2077 1592 2174 scilicet,

418 2194 457 2270 iu'
482 2195 674 2272 matricem
696 2181 874 2288 mulieris
893 2215 978 2290 quae
994 2201 1050 2270 est
1068 2201 1153 2292 apta
1175 2202 1260 2272 nata
1278 2197 1326 2271 ad
1343 2197 1592 2294 recipiendum

419 2316 492 2391 tale
516 2335 654 2392 semen.
680 2316 745 2390 Est
768 2315 867 2390 enim
892 2315 987 2390 sicut
1011 2315 1156 2390 urinale
1182 2317 1240 2391 vel
1264 2315 1389 2412 bursa,
1409 2339 1492 2412 quae
1509 2319 1594 2393 stri·

420 2436 578 2512 ctissime
603 2436 785 2513 clauditur
811 2441 957 2531 recepta
983 2435 1045 2510 tali
1069 2443 1239 2530 moueta3
1258 2457 1365 2512 soora
1383 2441 1490 2513 altrat
1505 2461 1592 2514 san·

417 2578 498 2649 pue,
523 2556 625 2650 idest,
651 2575 764 2652 super
789 2556 1006 2654 sanguinem
1033 2556 1198 2631 mulieris
1228 2557 1292 2652 qui
1325 2558 1457 2634 dicitnr
1487 2579 1593 2635 men·

418 2683 560 2771 struus,
593 2677 700 2772 idest,
730 2675 886 2771 lunaris,
921 2676 1007 2769 quia
1036 2675 1116 2751 lluit
1149 2677 1352 2752 secundum
1386 2679 1592 2756 lunationes

419 2798 528 2872 nimis
552 2797 697 2873 diverse
719 2797 759 2871 iu
782 2796 935 2872 dirersis
961 2796 1188 2872 mulieribus.
1214 2798 1260 2872 Et
1283 2798 1342 2874 hic
1367 2805 1465 2895 nota,
1492 2800 1591 2895 quod

420 2919 589 3013 quadam
616 2938 702 3013 pars
724 2916 854 3013 purior
871 2916 974 2992 istius
991 2917 1178 3014 sauguinis
1195 2917 1382 2994 concurrit
1406 2919 1453 2994 ad
1477 2941 1592 3017 gone-

420 3038 612 3132 rationem,
637 3037 709 3112 alia
733 3037 831 3113 enim
859 3057 944 3132 pars
969 3044 1025 3112 est
1048 3036 1353 3132 immundissima,
1372 3059 1456 3132 quae
1478 3040 1590 3117 loedat

419 3165 458 3234 et
482 3158 594 3234 inficit
617 3156 743 3234 omnia
767 3139 920 3252 munda,
937 3165 980 3230 ut
1004 3164 1160 3232 testatur
1180 3157 1316 3232 Plinius
1333 3159 1394 3232 Vll
1412 3161 1589 3236 naturalis

419 3278 579 3354 numne
604 3282 642 3353 et
665 3277 751 3352 alibi
776 3297 884 3372 sape,
910 3278 1017 3352 cuius
1041 3277 1194 3352 effectus
1220 3277 1450 3354 detestabiles
1475 3280 1592 3356 houe-

417 3397 509 3472 atius
533 3403 590 3472 est
614 3401 738 3472 tacere
762 3417 875 3491 quam
902 3396 1042 3490 dicere;
1067 3397 1163 3472 sicut
1194 3396 1252 3473 hic
1283 3398 1369 3473 iacit
1392 3399 1451 3472 nic
1476 3401 1592 3476 houe-

417 3515 596 3592 stissimus
620 3524 740 3613 poeta.
765 3518 810 3590 Et
834 3517 956 3592 subdit
984 3517 1280 3594 coniunctionem
1310 3519 1466 3594 istorum
1496 3520 1592 3595 duo-

417 3659 502 3712 rum
528 3635 764 3734 sanguinum,
789 3636 932 3713 diceus:
959 3639 982 3710 l'
994 3659 1067 3712 turo
1091 3659 1110 3711 e
1133 3639 1279 3730 l’altm,
1303 3638 1406 3733 idest,
1433 3645 1593 3735 uterque

418 3754 567 3853 sangnis
593 3756 662 3832 viri
687 3763 727 3832 et
750 3755 927 3852 mulieris,
944 3759 973 3830 ,ι’
986 3760 1138 3849 ocooplt'e
1159 3760 1219 3851 ivi,
1240 3757 1343 3852 idest,
1360 3759 1593 3856 coniungun-

418 3885 481 3952 tur
494 3867 531 3970 (³)
558 3877 597 3952 in
621 3877 681 3953 illa
707 3878 880 3972 matrice3
898 3880 1011 3970 tuno,
1029 3876 1177 3972 scilicet,
1195 3885 1421 3974 menstruus,
1439 3882 1592 3974 dispecto

418 4017 444 4070 o
464 4002 594 4090 potire,
618 3997 722 4092 idest,
747 3998 965 4091 substinere,
991 3999 1134 4090 roeo,
1165 3997 1311 4093 scilicet,
1342 4019 1488 4094 sperma
1522 3999 1592 4074 viri

418 4115 643 4213 dispositum,
668 4138 693 4190 a
714 4121 809 4212 sora,
829 4116 932 4212 idest,
949 4136 1064 4214 agere
1079 4117 1118 4192 in
1143 4117 1276 4214 ipsum,
1298 4117 1348 4192 ita
1368 4118 1465 4212 quod
1484 4125 1590 4214 putor

418 4235 481 4311 dat
505 4237 664 4312 formam
690 4237 776 4332 lilio,
802 4244 922 4313 mater
946 4257 1036 4314 vero
1063 4238 1268 4314 materiam.
1288 4237 1441 4334 Spcrma
1462 4245 1590 4314 autem

419 4358 585 4434 mulieris
610 4377 683 4434 uon
709 4365 765 4434 est
789 4359 1038 4434 necessarium
1056 4360 1102 4434 ad
1118 4359 1407 4456 generationem.
1425 4361 1469 4433 Et
1486 4359 1589 4434 dicit:

413 4501 481 4572 per
504 4482 540 4553 lo
561 4482 709 4573 perfeeto
725 4481 802 4552 loco
818 4481 909 4554 oudo
932 4483 964 4552 n·
984 4499 1126 4574 premc;
1152 4479 1239 4574 quia
1264 4479 1396 4555 decidit
1412 4501 1435 4554 a
1453 4480 1589 4578 cordo;

416 4598 479 4674 alii
502 4603 628 4675 tamen
661 4598 788 4674 dicum
816 4618 838 4673 a
864 4599 1030 4674 cerebro.
1065 4600 1110 4673 Et
1144 4597 1260 4696 tangit
1290 4599 1426 4674 Statius
1451 4599 1590 4678 lorma·

417 4717 554 4793 tionem
592 4724 631 4793 et
666 4717 927 4794 animationem
961 4718 1083 4813 loetus,
1120 4717 1267 4794 dicens:
1303 4740 1339 4811 e,
1375 4722 1495 4811 planto
1528 4723 1589 4814 ott,

417 4835 521 4931 idest,
538 4836 616 4933 ipse
638 4838 789 4936 sanguis
810 4838 1051 4933 spermaticua
1066 4837 1285 4914 coniunctus
1302 4857 1389 4913 cum
1407 4841 1589 4937 sanguiue

479 5021 658 5085 (unum,
842 5009 1400 5094 plumpornoonomonunqun

480 5097 509 5164 σι
525 5099 556 5152 ιι
573 5101 737 5165 numum
751 5102 780 5153 n
795 5103 839 5154 uu
854 5103 973 5154 mmm
