4575 6842
757 1001 898 1056 caurus
922 1001 1114 1056 vrorssmos
1137 1001 1282 1055 saurus.
1532 987 1598 1057 131

429 1153 625 1243 conceptos
641 1167 687 1222 er
705 1147 838 1222 Iasone
854 1146 1054 1221 transmisit
1070 1146 1221 1222 alendos
1237 1148 1283 1222 ad
1301 1157 1443 1243 patrem
1458 1151 1603 1225 Thoan-

429 1273 505 1342 tem
531 1267 578 1342 ad
602 1266 759 1341 insulam
786 1267 930 1361 Cinium,
958 1287 1070 1361 quem
1097 1287 1138 1342 se
1162 1267 1335 1344 occidisse
1362 1270 1602 1345 simulaverat

429 1395 641 1462 constructo
667 1407 777 1482 rogo:
804 1394 929 1482 postea
955 1407 1041 1461 cum
1069 1387 1301 1463 manifestato
1326 1389 1385 1485 pio
1410 1391 1509 1465 lurto
1534 1409 1603 1464 suo

430 1507 624 1604 llypsypile
641 1506 786 1602 lugeret
802 1505 840 1580 in
858 1507 1026 1581 navicula
1043 1528 1067 1581 a
1084 1506 1212 1583 surore
1229 1507 1479 1603 soeminarum,
1496 1514 1603 1604 capta

430 1649 454 1702 a
485 1628 610 1722 piratis
639 1627 724 1701 data
759 1633 815 1702 est
838 1628 1009 1724 Lycurgo
1048 1629 1126 1724 regi
1164 1629 1325 1724 Nemaeo,
1352 1630 1458 1704 errius
1487 1629 1604 1704 inlan-

431 1748 532 1821 tulns
555 1747 805 1821 Archemorus
830 1747 1048 1821 commissus
1074 1754 1131 1822 est
1157 1769 1258 1823 curre
1288 1748 1400 1844 ipsius
1427 1747 1602 1822 mulieris.

430 1868 484 1941 llo
509 1873 676 1961 tempore
702 1866 876 1941 Adrastus
902 1887 967 1942 rex
994 1868 1210 1964 argivorum
1233 1889 1320 1942 curn
1339 1875 1477 1964 septem
1505 1868 1604 1964 regi·

431 1986 501 2061 bus
521 1986 626 2060 duxit
641 1980 678 2079 (¹)
698 1987 902 2061 exercitum
921 1987 1226 2082 contra'lbebas3
1244 1994 1384 2062 etcum
1404 1988 1515 2064 nimia
1534 1987 1604 2062 sic·

430 2107 540 2182 citate
564 2106 814 2182 deficientibus
838 2107 945 2201 aquis
969 2107 1107 2203 ubique
1122 2127 1252 2182 omnes
1272 2109 1484 2184 laborarent
1501 2129 1605 2182 mor-

431 2227 536 2302 tifera
561 2227 629 2322 siti,
661 2227 855 2323 Hypsypile
889 2227 1059 2322 precibus
1084 2227 1237 2324 Adrasti,
1264 2227 1391 2303 relicto
1421 2230 1458 2302 in
1490 2229 1604 2324 pratis

431 2348 586 2443 parvulo
611 2348 705 2422 inter
731 2348 852 2442 liores,
873 2348 937 2422 ivit
953 2349 1000 2423 ad
1026 2349 1306 2424 monstrandum
1325 2349 1499 2446 Langium
1522 2350 1604 2424 lon·

431 2475 518 2560 tem,
536 2468 599 2562 qni
625 2468 726 2541 solus
741 2467 837 2542 inter
854 2467 973 2542 fontes
990 2489 1063 2542 non
1084 2475 1256 2564 aruerat3
1275 2469 1381 2545 cuius
1397 2491 1496 2564 aqua
1516 2491 1604 2566 gra·

430 2586 568 2660 tissima
593 2607 724 2662 omnes
748 2595 955 2682 opportune
972 2588 1127 2663 recreati
1154 2594 1239 2661 sunt
1264 2595 1301 2664 et
1326 2588 1408 2663 lacti
1435 2589 1602 2685 animosi,

433 2707 537 2782 velut
554 2707 583 2780 si
600 2728 687 2781 cnm
705 2727 803 2800 aqua
821 2706 995 2782 bibissent
1012 2707 1135 2804 ignem
1157 2707 1251 2782 belli.
1273 2707 1343 2782 Sed
1356 2707 1446 2782 dum
1464 2709 1605 2806 llypsy-

434 2828 506 2923 pile
532 2833 702 2903 narraret
722 2828 926 2922 praeteritos
957 2827 1101 2902 iabores
1130 2849 1220 2902 suos
1245 2828 1384 2924 placido
1411 2828 1500 2924 seni,
1518 2851 1606 2904 nar·

434 2949 616 3023 rationem
636 2948 832 3043 interrupit
849 2967 957 3022 casus
975 2947 1116 3023 infelix:
1135 2969 1222 3022 nam
1240 2968 1390 3043 serpens
1407 2949 1502 3024 inter
1519 2950 1607 3024 her·

432 3069 498 3142 bas
523 3068 709 3143 ludentem
738 3067 1008 3142 Archemorum
1029 3074 1256 3143 mactaverat
1282 3068 1439 3144 verbere
1463 3068 1601 3143 caudae.

431 3187 513 3276 (luo
530 3187 656 3263 audito
680 3187 802 3262 infelix
819 3187 1014 3285 Hypsypile
1031 3208 1105 3261 non
1123 3187 1238 3263 verba
1256 3208 1329 3262 non
1345 3189 1529 3284 lacrymas
1549 3188 1606 3262 in-

432 3308 532 3383 venit
563 3309 696 3403 primo,
727 3308 790 3383 sed
820 3309 944 3383 oscula
976 3314 1141 3403 tanturn,
1173 3307 1319 3383 tandem
1354 3330 1425 3383 vox
1457 3309 1606 3406 fatigata

431 3427 568 3522 dolore,
587 3434 703 3501 totam
727 3429 869 3523 sylvam
888 3427 1042 3523 replevit
1060 3430 1224 3503 clamore
1243 3428 1451 3524 miserabili,
1471 3451 1606 3506 vocans

431 3566 592 3643 puerum
617 3546 763 3622 dulcem
790 3547 989 3645 imaginem
1023 3547 1196 3642 filiorum,
1228 3549 1392 3624 solamen
1418 3551 1544 3646 patrive
1569 3558 1607 3627 et

432 3686 561 3741 rerum
594 3687 764 3761 suarum,
789 3673 827 3742 θῖ
856 3687 935 3740 suae
965 3667 1153 3742 servitutis
1187 3670 1377 3744 honorem.
1413 3671 1606 3768 Lycurgos

433 3807 524 3861 vero
548 3787 604 3861 ira
629 3793 667 3862 et
697 3786 825 3861 lurore
854 3807 1032 3863 accensus
1064 3788 1232 3864 mittebat
1261 3789 1308 3864 ad
1338 3789 1436 3864 illam
1466 3791 1606 3866 interli-

432 3895 702 3999 ciendamrsed
723 3907 878 4003 Tydeus,
899 3907 1091 4003 caponem
1115 3915 1153 3983 et
1178 3909 1237 3982 alii
1263 3909 1376 3984 duces
1396 3931 1606 4006 graecorum

434 4032 676 4122 protexerunt
691 4047 796 4101 earn:
814 4026 962 4102 interim
979 4027 1111 4102 milites
1128 4035 1374 4102 cucurrerant
1396 4029 1441 4104 ad
1468 4036 1606 4105 terram

433 4167 520 4222 cum
547 4145 647 4220 terro
671 4152 711 4220 et
734 4145 840 4242 igne,
866 4147 930 4221 sed
959 4147 1101 4242 sapiens
1132 4167 1246 4222 senex
1277 4148 1453 4223 Adrastus
1485 4149 1606 4225 subito

433 4267 573 4341 intrans
590 4267 810 4342 frementem
829 4269 990 4363 turbam,
1003 4268 1199 4344 ostendens
1216 4269 1447 4367 Hypsypilem
1466 4269 1603 4344 salvam

367 4447 369 4452 .
434 4407 549 4481 qnam
574 4406 701 4462 secum
727 4392 950 4482 portaverat,
975 4387 1162 4463 revocavit
1192 4409 1256 4464 eos
1280 4390 1329 4464 ab
1355 4390 1507 4465 excidio.
1534 4389 1606 4465 Sed

434 4507 579 4582 volente
603 4506 678 4582 lato
702 4528 750 4582 ex
775 4515 879 4586 tauto
902 4508 1029 4582 dolore
1045 4514 1082 4584 et
1100 4508 1234 4585 timore
1251 4510 1375 4584 latitia
1392 4517 1476 4585 nata
1494 4516 1550 4586 est
1569 4516 1608 4586 et

433 4626 618 4722 inopinata
642 4647 736 4723 spes.
762 4628 854 4703 Nam
886 4627 962 4702 duo
987 4628 1049 4702 lilii
1078 4629 1290 4725 llypsypiles
1316 4629 1378 4724 qui
1406 4630 1607 4724 quaerendo

434 4753 593 4822 matrem
625 4753 805 4824 venerant
834 4748 1022 4824 Nemaeam
1054 4749 1210 4844 noviter,
1235 4757 1273 4824 et
1301 4749 1426 4825 andito
1452 4771 1607 4827 rumore

433 4867 481 4942 de
505 4873 626 4942 morte
650 4867 724 4962 filii,
741 4868 865 4942 statim
892 4868 1035 4944 iverant
1051 4889 1139 4943 cum
1156 4871 1327 4968 Lycurgo
1344 4871 1382 4945 in
1399 4871 1486 4947 eins'
1500 4872 1603 4948 lavo-

498 5128 528 5193 (¹)
545 5133 591 5180 117
606 5141 622 5180 ο
637 5129 668 5180 ll.
686 5129 803 5181 duocbm.
