4575 6842
732 964 804 1029 202
852 984 862 999 ·
1089 972 1296 1029 contumuit
1319 974 1542 1029 runuttuntr

732 1125 799 1195 Pni
822 1122 894 1195 vidi
918 1128 1058 1213 quatuo
1082 1123 1119 1193 in
1144 1123 1247 1194 umite
1259 1128 1417 1215 purum
1438 1121 1525 1217 quia
1549 1121 1578 1195 si
1603 1122 1742 1199 Paulus
1766 1126 1904 1201 fecerat

730 1240 818 1317 mihi
844 1240 1016 1315 timorem
1044 1260 1130 1315 cnm
1157 1260 1256 1335 ense,
1283 1240 1340 1315 isti
1373 1242 1540 1317 iecerunt
1572 1242 1661 1315 mihi
1687 1265 1790 1340 spem
1816 1266 1903 1321 cnm

728 1382 849 1459 penna
875 1360 1095 1437 declarando
1122 1361 1210 1434 mihi
1230 1361 1325 1436 dicta
1346 1361 1449 1436 Pauli
1467 1369 1505 1437 et
1519 1361 1678 1437 aiiarum
1704 1365 1905 1461 scriptura·

728 1503 826 1557 rum.
853 1483 995 1557 Horum
1021 1481 1163 1577 primus
1188 1487 1243 1557 est
1268 1482 1494 1579 Augustinus
1516 1484 1842 1560 excellentissimus
1866 1486 1904 1561 in

729 1602 982 1699 disputatione,
1008 1602 1164 1675 malleus
1192 1601 1464 1677 haeretieorum.
1497 1601 1689 1677 Secundus
1722 1604 1904 1703 Hierony·

730 1745 814 1798 mus
845 1722 1028 1799 exceliens
1057 1722 1094 1794 in
1127 1720 1296 1817 historiis,
1323 1722 1386 1817 qui
1410 1724 1536 1798 omnia
1567 1724 1712 1799 novisse
1743 1726 1901 1801 videtur.

729 1845 872 1921 Tertius
897 1842 1111 1917 Ambrosius
1136 1848 1264 1938 putens
1289 1842 1557 1937 predicatione.
1574 1845 1737 1933 Quartus
1760 1846 1902 1944 Grego-

729 1966 807 2041 rius
831 1964 868 2038 in
895 1963 1110 2038 moralitate.
1138 1964 1192 2037 lie
1215 1963 1388 2037 omnibus
1417 1964 1493 2038 istis
1524 1964 1668 2040 dicetur
1698 1967 1839 2062 plenius
1864 1968 1902 2042 in

728 2083 911 2160 Paradisn.
938 2084 982 2155 Et
1009 2082 1137 2156 nitimn
1163 2088 1270 2177 poeta
1296 2082 1461 2156 nominat
1485 2104 1603 2157 unum
1626 2103 1766 2174 senem,
1787 2106 1900 2180 quem

729 2204 832 2301 tingit
865 2203 991 2279 venire
1010 2195 1047 2295 (⁴)
1081 2202 1339 2297 dormientem,
1373 2224 1486 2297 quem
1523 2204 1629 2278 multi
1661 2204 1787 2280 dicunt
1820 2226 1901 2281 esse

727 2325 905 2399 ioannem
931 2324 1206 2419 evangelistam,
1226 2322 1289 2418 qui
1309 2323 1522 2398 obdormuit
1546 2345 1666 2430 snpra·
1684 2330 1812 2420 pentus
1828 2326 1901 2402 Du-

727 2443 834 2518 mini:
862 2443 925 2519 sed
950 2444 1020 2518 huc
1045 2464 1120 2518 nnn
1146 2443 1292 2517 videtur
1315 2443 1548 2537 couveniens,
1574 2451 1654 2518 tum
1684 2445 1771 2537 quia
1797 2446 1902 2539 poni·

727 2572 790 2639 tur
807 2571 887 2662 pust
903 2564 1072 2639 docteres
1089 2584 1182 2658 quus
1199 2570 1302 2637 tanto
1319 2570 1486 2659 tempure
1502 2566 1697 2660 praecessit,
1714 2571 1795 2639 tum
1812 2566 1900 2659 quia

723 2685 803 2779 J'am
830 2684 967 2779 positus
994 2690 1049 2757 est
1064 2704 1189 2778 snpra,
1206 2689 1287 2757 tum
1311 2684 1396 2778 quia
1409 2684 1574 2778 juvenis3
1593 2685 1656 2759 sed
1673 2684 1783 2760 erede
1799 2686 1899 2779 quod

726 2806 902 2899 loquatur
931 2804 978 2879 de
1006 2804 1115 2879 beatu
1146 2804 1344 2878 Bernardu.
1374 2803 1478 2878 Unde
1509 2804 1602 2879 sient
1633 2806 1753 2898 posuit
1785 2828 1898 2903 supra

726 2924 922 3001 Mathiidim
948 2925 1165 3000 modernam
1190 2945 1258 3019 pru
1275 2924 1349 2999 rita
1366 2923 1486 2999 activa
1503 2923 1539 2997 in
1560 2925 1727 3019 paradiso
1750 2926 1898 3003 deiicia-

727 3066 813 3118 rnm
839 3046 876 3118 in
902 3044 974 3119 fine
998 3044 1218 3141 Purgaturii,
1236 3044 1285 3118 ita
1306 3044 1405 3138 punit
1425 3044 1653 3119 Bernardum
1674 3045 1896 3121 modernum

725 3186 793 3260 pru
818 3165 893 3239 vita
909 3162 1191 3258 contemplativa
1209 3162 1246 3235 iu
1263 3161 1336 3237 tine
1355 3162 1527 3237 Paradisi.
1545 3162 1606 3237 lsti
1623 3183 1714 3258 ergo
1738 3165 1898 3241 maxime

725 3283 950 3359 conveniunt
975 3304 1058 3378 quae
1085 3283 1142 3358 hic
1168 3282 1253 3358 dicit
1277 3289 1397 3378 poeta,
1415 3283 1501 3377 quia
1519 3284 1587 3356 init
1606 3304 1718 3359 senex
1740 3305 1897 3362 venera-

728 3404 807 3478 bilis
832 3410 870 3478 et
894 3403 1023 3478 deutur
1048 3424 1226 3499 magnus;
1244 3402 1325 3477 ideo
1348 3403 1469 3477 statim
1496 3403 1598 3499 ponit
1622 3424 1710 3478 eum
1736 3414 1816 3499 post
1832 3406 1898 3481 du-

725 3530 856 3599 ctores.
883 3524 974 3598 Dicit
998 3544 1109 3619 ergo:
1135 3546 1155 3596 e
1179 3526 1313 3597 diano
1338 3525 1388 3596 dn
1414 3526 1500 3617 tutti,
1523 3531 1605 3618 pust
1624 3524 1803 3618 ductores,
1826 3528 1899 3600 eidi

728 3647 826 3719 venir
849 3666 898 3719 un
923 3647 1057 3719 vecchio
1081 3647 1170 3737 solo,
1200 3643 1287 3739 quia
1317 3644 1527 3719 Bernartius
1551 3644 1618 3718 tuit
1643 3644 1749 3719 vaide
1775 3647 1898 3721 sulita·

725 3764 813 3860 rius,
838 3768 1046 3857 normannie,
1067 3764 1154 3859 quia
1171 3762 1477 3859 contemplativus
1503 3764 1622 3859 nimis,
1640 3786 1706 3839 eun
1723 3768 1761 3839 tn
1781 3768 1898 3859 fundu

724 3892 876 3978 arnum
901 3883 988 3978 quia
1014 3883 1081 3958 iuit
1105 3882 1229 3958 audax
1255 3885 1414 3958 muitum
1441 3889 1569 3959 eontra
1594 3884 1754 3979 vitiosus,
1773 3892 1814 3960 ut
1831 3907 1897 3981 pa·

725 4004 814 4080 tebit
839 4004 999 4079 Paradisi
1026 4002 1239 4099 penultimo.
1257 4003 1324 4078 tiit
1350 4004 1460 4080 etiam
1487 4005 1616 4079 volunt
1642 4006 1741 4099 quod
1765 4008 1896 4101 iuqua-

723 4131 785 4200 tur
810 4125 857 4200 de
881 4126 1020 4201 Thema
1046 4125 1092 4200 de
1121 4124 1278 4220 Aquino,
1304 4124 1368 4200 sed
1399 4144 1474 4200 nnn
1505 4124 1555 4200 ita
1585 4125 1682 4201 hene
1712 4127 1896 4223 convenit,

723 4246 811 4341 qnia
831 4246 979 4342 juvenis
1003 4246 1090 4341 iuit;
1116 4266 1187 4322 nen
1210 4246 1308 4321 dicas
1324 4245 1419 4320 sieut
1436 4245 1606 4341 quidam:
1625 4248 1811 4340 quomode
1828 4270 1895 4347 pn·
1928 4247 1932 4256 '

724 4367 777 4442 nit
801 4366 860 4441 hic
885 4366 1115 4441 Bernardum
1141 4386 1254 4460 quem
1280 4366 1380 4461 ponit
1396 4365 1434 4440 in
1454 4365 1648 4461 paradise?
1669 4366 1757 4461 quia
1782 4368 1893 4444 etiam

724 4486 762 4561 in
786 4486 953 4583 paradiso
974 4486 1075 4582 punit
1091 4488 1256 4581 Petrum,
1276 4487 1432 4562 Paulum
1451 4493 1488 4561 et
1506 4486 1706 4562 loannem:
1726 4487 1783 4563 hin
1804 4509 1895 4585 ergo

664 4618 665 4621 ‘
724 4608 823 4706 punit
848 4628 912 4684 ens
937 4607 974 4681 in
1000 4607 1152 4683 ecclesie
1178 4607 1366 4700 militante„
1383 4606 1433 4680 ibi
1459 4627 1549 4683 vern
1573 4608 1611 4681 in
1631 4608 1892 4704 triumphante.

722 4770 771 4785 -
787 4732 910 4819 Quarti.
937 4728 1003 4804 iiic
1027 4734 1133 4824 poeta
1153 4727 1253 4823 ponit
1269 4726 1562 4802 convenientiam
1588 4732 1626 4802 et
1651 4726 1892 4803 differentiam

722 4849 866 4923 habitus
891 4849 1046 4929 istorum
1073 4849 1119 4923 ad
1145 4847 1294 4944 primns,
1320 4846 1462 4923 dicens:
1490 4850 1599 4940 questi
1625 4855 1719 4942 sette,
1747 4849 1894 4944 scilicet,

787 5108 815 5173 (¹)
831 5110 861 5160 E.
877 5110 1002 5161 iuvenire.
