<?xml version="1.0" encoding="UTF-8"?>
<!DOCTYPE html PUBLIC "-//W3C//DTD XHTML 1.0 Transitional//EN"
    "http://www.w3.org/TR/xhtml1/DTD/xhtml1-transitional.dtd">
<html xmlns="http://www.w3.org/1999/xhtml" xml:lang="en" lang="en">
 <head>
  <title>
</title>
<meta http-equiv="Content-Type" content="text/html;charset=utf-8" />
  <meta name='ocr-system' content='tesseract 3.04.00' />
  <meta name='ocr-capabilities' content='ocr_page ocr_carea ocr_par ocr_line ocrx_word'/>
</head>
<body>
  <div class='ocr_page' id='page_1' title='image "./comentumsuperda00unkngoog_0200.png"; bbox 0 0 4575 6842; ppageno 0'>
   <div class='ocr_carea' id='block_1_1' title="bbox 699 949 1504 1016">
    <p class='ocr_par' dir='ltr' id='par_1_1' title="bbox 699 949 1504 1016">
     <span class='ocr_line' id='line_1_1' title="bbox 699 949 1504 1016; baseline -0.009 -1"><span class='ocrx_word' id='word_1_1' title='bbox 699 949 769 1016; x_wconf 77' lang='lat' dir='ltr'><strong>itt</strong></span> <span class='ocrx_word' id='word_1_2' title='bbox 1055 956 1260 1012; x_wconf 76' lang='lat' dir='ltr'><strong>munorum</strong></span> <span class='ocrx_word' id='word_1_3' title='bbox 1284 956 1504 1012; x_wconf 78' lang='lat' dir='ltr'><strong>runuurorur</strong></span> 
     </span>
    </p>
   </div>
   <div class='ocr_carea' id='block_1_2' title="bbox 661 1100 1875 4928">
    <p class='ocr_par' dir='ltr' id='par_1_2' title="bbox 661 1100 1875 4928">
     <span class='ocr_line' id='line_1_2' title="bbox 698 1100 1870 1199; baseline -0.002 -22"><span class='ocrx_word' id='word_1_4' title='bbox 698 1105 800 1178; x_wconf 82' lang='lat' dir='ltr'><strong>ibant</strong></span> <span class='ocrx_word' id='word_1_5' title='bbox 825 1123 930 1177; x_wconf 90' lang='lat' dir='ltr'><strong>more</strong></span> <span class='ocrx_word' id='word_1_6' title='bbox 954 1103 1201 1199; x_wconf 80' lang='lat' dir='ltr'><strong>nympharum</strong></span> <span class='ocrx_word' id='word_1_7' title='bbox 1238 1122 1304 1196; x_wconf 95' lang='lat' dir='ltr'><strong>per</strong></span> <span class='ocrx_word' id='word_1_8' title='bbox 1333 1101 1477 1176; x_wconf 91' lang='lat' dir='ltr'><strong>diversa</strong></span> <span class='ocrx_word' id='word_1_9' title='bbox 1508 1102 1599 1194; x_wconf 92' lang='lat' dir='ltr'><strong>loca,</strong></span> <span class='ocrx_word' id='word_1_10' title='bbox 1627 1100 1686 1174; x_wconf 90' lang='lat' dir='ltr'><strong>illa</strong></span> <span class='ocrx_word' id='word_1_11' title='bbox 1718 1100 1765 1174; x_wconf 89' lang='lat' dir='ltr'><strong>ab</strong></span> <span class='ocrx_word' id='word_1_12' title='bbox 1795 1121 1870 1176; x_wconf 90' lang='lat' dir='ltr'><strong>uua</strong></span> 
     </span>
     <span class='ocr_line' id='line_1_3' title="bbox 696 1221 1870 1320; baseline -0.001 -22"><span class='ocrx_word' id='word_1_13' title='bbox 696 1223 784 1320; x_wconf 90' lang='lat' dir='ltr'><strong>ripa,</strong></span> <span class='ocrx_word' id='word_1_14' title='bbox 809 1223 877 1299; x_wconf 89' lang='lat' dir='ltr'><strong>iste</strong></span> <span class='ocrx_word' id='word_1_15' title='bbox 900 1223 948 1297; x_wconf 90' lang='lat' dir='ltr'><strong>ab</strong></span> <span class='ocrx_word' id='word_1_16' title='bbox 973 1223 1055 1317; x_wconf 86' lang='lat' dir='ltr'><strong>alia,</strong></span> <span class='ocrx_word' id='word_1_17' title='bbox 1082 1229 1120 1298; x_wconf 91' lang='lat' dir='ltr'><strong>et</strong></span> <span class='ocrx_word' id='word_1_18' title='bbox 1154 1223 1203 1298; x_wconf 90' lang='lat' dir='ltr'><strong>ita</strong></span> <span class='ocrx_word' id='word_1_19' title='bbox 1230 1242 1295 1318; x_wconf 92' lang='lat' dir='ltr'><strong>per</strong></span> <span class='ocrx_word' id='word_1_20' title='bbox 1325 1223 1465 1320; x_wconf 81' lang='lat' dir='ltr'><strong>sylvam</strong></span> <span class='ocrx_word' id='word_1_21' title='bbox 1499 1221 1569 1295; x_wconf 94' lang='lat' dir='ltr'><strong>sub</strong></span> <span class='ocrx_word' id='word_1_22' title='bbox 1600 1223 1733 1296; x_wconf 89' lang='lat' dir='ltr'><strong>umbra</strong></span> <span class='ocrx_word' id='word_1_23' title='bbox 1761 1223 1870 1318; x_wconf 85' lang='lat' dir='ltr'><strong>juxta</strong></span> 
     </span>
     <span class='ocr_line' id='line_1_4' title="bbox 694 1343 1871 1438; baseline -0.002 -19"><span class='ocrx_word' id='word_1_24' title='bbox 694 1365 811 1438; x_wconf 88' lang='lat' dir='ltr'><strong>aquas</strong></span> <span class='ocrx_word' id='word_1_25' title='bbox 836 1348 1072 1419; x_wconf 84' lang='lat' dir='ltr'><strong>etc-Noa.</strong></span> <span class='ocrx_word' id='word_1_26' title='bbox 1099 1344 1164 1418; x_wconf 90' lang='lat' dir='ltr'><strong>llic</strong></span> <span class='ocrx_word' id='word_1_27' title='bbox 1189 1351 1295 1438; x_wconf 88' lang='lat' dir='ltr'><strong>pocta</strong></span> <span class='ocrx_word' id='word_1_28' title='bbox 1322 1343 1493 1418; x_wconf 82' lang='lat' dir='ltr'><strong>describit</strong></span> <span class='ocrx_word' id='word_1_29' title='bbox 1515 1343 1681 1418; x_wconf 88' lang='lat' dir='ltr'><strong>mirabile</strong></span> <span class='ocrx_word' id='word_1_30' title='bbox 1701 1343 1871 1418; x_wconf 88' lang='lat' dir='ltr'><strong>accidens</strong></span> 
     </span>
     <span class='ocr_line' id='line_1_5' title="bbox 696 1464 1871 1558; baseline 0 -20"><span class='ocrx_word' id='word_1_31' title='bbox 696 1464 833 1539; x_wconf 90' lang='lat' dir='ltr'><strong>lactum</strong></span> <span class='ocrx_word' id='word_1_32' title='bbox 860 1464 919 1558; x_wconf 92' lang='lat' dir='ltr'><strong>ibi,</strong></span> <span class='ocrx_word' id='word_1_33' title='bbox 945 1464 1088 1538; x_wconf 90' lang='lat' dir='ltr'><strong>dicens:</strong></span> <span class='ocrx_word' id='word_1_34' title='bbox 1116 1469 1311 1537; x_wconf 81' lang='lat' dir='ltr'><strong>Nouerca</strong></span> <span class='ocrx_word' id='word_1_35' title='bbox 1344 1472 1440 1536; x_wconf 83' lang='lat' dir='ltr'><strong>cento</strong></span> <span class='ocrx_word' id='word_1_36' title='bbox 1473 1471 1531 1537; x_wconf 86' lang='lat' dir='ltr'><strong>tro</strong></span> <span class='ocrx_word' id='word_1_37' title='bbox 1555 1467 1569 1536; x_wconf 84' lang='lat' dir='ltr'><strong>i</strong></span> <span class='ocrx_word' id='word_1_38' title='bbox 1592 1468 1669 1538; x_wconf 82' lang='lat' dir='ltr'><strong>suoi</strong></span> <span class='ocrx_word' id='word_1_39' title='bbox 1689 1467 1790 1557; x_wconf 83' lang='lat' dir='ltr'><strong>possi</strong></span> <span class='ocrx_word' id='word_1_40' title='bbox 1813 1486 1832 1537; x_wconf 84' lang='lat' dir='ltr'><strong>e</strong></span> <span class='ocrx_word' id='word_1_41' title='bbox 1858 1471 1871 1538; x_wconf 85' lang='lat' dir='ltr'><strong>i</strong></span> 
     </span>
     <span class='ocr_line' id='line_1_6' title="bbox 697 1584 1869 1679; baseline 0.003 -21"><span class='ocrx_word' id='word_1_42' title='bbox 697 1589 789 1676; x_wconf 62' lang='lat' dir='ltr'><strong>mro,</strong></span> <span class='ocrx_word' id='word_1_43' title='bbox 814 1585 918 1679; x_wconf 82' lang='lat' dir='ltr'><strong>quasi</strong></span> <span class='ocrx_word' id='word_1_44' title='bbox 943 1585 1058 1659; x_wconf 79' lang='lat' dir='ltr'><strong>dicat:</strong></span> <span class='ocrx_word' id='word_1_45' title='bbox 1085 1606 1158 1660; x_wconf 93' lang='lat' dir='ltr'><strong>non</strong></span> <span class='ocrx_word' id='word_1_46' title='bbox 1186 1586 1343 1657; x_wconf 91' lang='lat' dir='ltr'><strong>multum</strong></span> <span class='ocrx_word' id='word_1_47' title='bbox 1378 1584 1705 1659; x_wconf 87' lang='lat' dir='ltr'><strong>ambulaveramus</strong></span> <span class='ocrx_word' id='word_1_48' title='bbox 1735 1586 1783 1660; x_wconf 89' lang='lat' dir='ltr'><strong>ita</strong></span> <span class='ocrx_word' id='word_1_49' title='bbox 1813 1591 1869 1661; x_wconf 89' lang='lat' dir='ltr'><strong>ta-</strong></span> 
     </span>
     <span class='ocr_line' id='line_1_7' title="bbox 696 1706 1867 1801; baseline 0.002 -22"><span class='ocrx_word' id='word_1_50' title='bbox 696 1707 778 1800; x_wconf 90' lang='lat' dir='ltr'><strong>cite,</strong></span> <span class='ocrx_word' id='word_1_51' title='bbox 804 1707 946 1797; x_wconf 74' lang='lat' dir='ltr'><strong>quondo</strong></span> <span class='ocrx_word' id='word_1_52' title='bbox 963 1709 993 1779; x_wconf 83' lang='lat' dir='ltr'><strong>le</strong></span> <span class='ocrx_word' id='word_1_53' title='bbox 1009 1710 1098 1798; x_wconf 83' lang='lat' dir='ltr'><em>ripe,</em></span> <span class='ocrx_word' id='word_1_54' title='bbox 1115 1706 1210 1778; x_wconf 92' lang='lat' dir='ltr'><strong>illius</strong></span> <span class='ocrx_word' id='word_1_55' title='bbox 1229 1707 1307 1799; x_wconf 87' lang='lat' dir='ltr'><strong>rivi,</strong></span> <span class='ocrx_word' id='word_1_56' title='bbox 1324 1708 1531 1796; x_wconf 75' lang='lat' dir='ltr'><strong>ipualmcnte</strong></span> <span class='ocrx_word' id='word_1_57' title='bbox 1551 1709 1627 1780; x_wconf 82' lang='lat' dir='ltr'><strong>dier</strong></span> <span class='ocrx_word' id='word_1_58' title='bbox 1653 1711 1758 1800; x_wconf 82' lang='lat' dir='ltr'><strong>oolla,</strong></span> <span class='ocrx_word' id='word_1_59' title='bbox 1780 1707 1867 1801; x_wconf 89' lang='lat' dir='ltr'><strong>quia</strong></span> 
     </span>
     <span class='ocr_line' id='line_1_8' title="bbox 698 1825 1868 1922; baseline 0 -23"><span class='ocrx_word' id='word_1_60' title='bbox 698 1826 939 1900; x_wconf 74' lang='lat' dir='ltr'><strong>detorserunt</strong></span> <span class='ocrx_word' id='word_1_61' title='bbox 964 1846 1004 1899; x_wconf 93' lang='lat' dir='ltr'><strong>se</strong></span> <span class='ocrx_word' id='word_1_62' title='bbox 1030 1825 1067 1898; x_wconf 95' lang='lat' dir='ltr'><strong>in</strong></span> <span class='ocrx_word' id='word_1_63' title='bbox 1082 1826 1297 1920; x_wconf 80' lang='lat' dir='ltr'><strong>&#39;oppositum</strong></span> <span class='ocrx_word' id='word_1_64' title='bbox 1322 1825 1559 1922; x_wconf 73' lang='lat' dir='ltr'><strong>integraliter,</strong></span> <span class='ocrx_word' id='word_1_65' title='bbox 1575 1847 1642 1919; x_wconf 86' lang='lat' dir='ltr'><strong>per</strong></span> <span class='ocrx_word' id='word_1_66' title='bbox 1663 1830 1768 1900; x_wconf 87' lang='lat' dir='ltr'><strong>modo</strong></span> <span class='ocrx_word' id='word_1_67' title='bbox 1785 1829 1868 1899; x_wconf 84' lang='lat' dir='ltr'><strong>ct&#39;u</strong></span> 
     </span>
     <span class='ocr_line' id='line_1_9' title="bbox 699 1947 1869 2042; baseline 0 -22"><span class='ocrx_word' id='word_1_68' title='bbox 699 1950 834 2020; x_wconf 75' lang='lat' dir='ltr'><strong>boante</strong></span> <span class='ocrx_word' id='word_1_69' title='bbox 858 1949 906 2018; x_wconf 86' lang='lat' dir='ltr'><strong>mi</strong></span> <span class='ocrx_word' id='word_1_70' title='bbox 934 1948 1067 2040; x_wconf 82' lang='lat' dir='ltr'><strong>readei,</strong></span> <span class='ocrx_word' id='word_1_71' title='bbox 1096 1947 1200 2038; x_wconf 90' lang='lat' dir='ltr'><strong>quasi</strong></span> <span class='ocrx_word' id='word_1_72' title='bbox 1226 1947 1332 2041; x_wconf 87' lang='lat' dir='ltr'><strong>dicat,</strong></span> <span class='ocrx_word' id='word_1_73' title='bbox 1367 1947 1429 2020; x_wconf 92' lang='lat' dir='ltr'><strong>ubi</strong></span> <span class='ocrx_word' id='word_1_74' title='bbox 1460 1948 1580 2042; x_wconf 94' lang='lat' dir='ltr'><strong>primo</strong></span> <span class='ocrx_word' id='word_1_75' title='bbox 1605 1947 1702 2020; x_wconf 88' lang='lat' dir='ltr'><strong>ibam</strong></span> <span class='ocrx_word' id='word_1_76' title='bbox 1738 1967 1869 2022; x_wconf 80' lang='lat' dir='ltr'><strong>versus</strong></span> 
     </span>
     <span class='ocr_line' id='line_1_10' title="bbox 661 2061 1868 2163; baseline -0.005 -17"><span class='ocrx_word' id='word_1_77' title='bbox 661 2137 666 2146; x_wconf 91' lang='lat'>.</span> <span class='ocrx_word' id='word_1_78' title='bbox 698 2066 935 2159; x_wconf 90' lang='lat' dir='ltr'><strong>occidentem,</strong></span> <span class='ocrx_word' id='word_1_79' title='bbox 962 2087 1060 2140; x_wconf 93' lang='lat' dir='ltr'><strong>nunc</strong></span> <span class='ocrx_word' id='word_1_80' title='bbox 1086 2087 1287 2142; x_wconf 90' lang='lat' dir='ltr'><strong>conversus</strong></span> <span class='ocrx_word' id='word_1_81' title='bbox 1304 2090 1386 2141; x_wconf 92' lang='lat' dir='ltr'><strong>sum</strong></span> <span class='ocrx_word' id='word_1_82' title='bbox 1404 2061 1439 2160; x_wconf 82' lang='lat'><strong>(¹)</strong></span> <span class='ocrx_word' id='word_1_83' title='bbox 1465 2067 1500 2140; x_wconf 89' lang='lat' dir='ltr'><strong>in</strong></span> <span class='ocrx_word' id='word_1_84' title='bbox 1527 2067 1728 2163; x_wconf 87' lang='lat' dir='ltr'><strong>orientem;</strong></span> <span class='ocrx_word' id='word_1_85' title='bbox 1747 2075 1783 2142; x_wconf 90' lang='lat' dir='ltr'><strong>et</strong></span> <span class='ocrx_word' id='word_1_86' title='bbox 1804 2067 1868 2141; x_wconf 91' lang='lat' dir='ltr'><strong>uhi</strong></span> 
     </span>
     <span class='ocr_line' id='line_1_11' title="bbox 699 2185 1870 2281; baseline 0.005 -23"><span class='ocrx_word' id='word_1_87' title='bbox 699 2185 843 2260; x_wconf 88' lang='lat' dir='ltr'><strong>ibamus</strong></span> <span class='ocrx_word' id='word_1_88' title='bbox 868 2186 987 2281; x_wconf 92' lang='lat' dir='ltr'><strong>primo</strong></span> <span class='ocrx_word' id='word_1_89' title='bbox 1013 2187 1058 2260; x_wconf 89' lang='lat' dir='ltr'><strong>ad</strong></span> <span class='ocrx_word' id='word_1_90' title='bbox 1083 2189 1307 2262; x_wconf 86' lang='lat' dir='ltr'><strong>contrariam</strong></span> <span class='ocrx_word' id='word_1_91' title='bbox 1341 2209 1438 2262; x_wconf 94' lang='lat' dir='ltr'><strong>nunc</strong></span> <span class='ocrx_word' id='word_1_92' title='bbox 1476 2189 1522 2262; x_wconf 88' lang='lat' dir='ltr'><strong>ad</strong></span> <span class='ocrx_word' id='word_1_93' title='bbox 1552 2189 1761 2263; x_wconf 90' lang='lat' dir='ltr'><strong>secundam.</strong></span> <span class='ocrx_word' id='word_1_94' title='bbox 1793 2189 1870 2264; x_wconf 86' lang='lat' dir='ltr'><strong>lloc</strong></span> 
     </span>
     <span class='ocr_line' id='line_1_12' title="bbox 697 2306 1872 2403; baseline 0.001 -21"><span class='ocrx_word' id='word_1_95' title='bbox 697 2314 822 2383; x_wconf 88' lang='lat' dir='ltr'><strong>autem</strong></span> <span class='ocrx_word' id='word_1_96' title='bbox 850 2306 953 2403; x_wconf 85' lang='lat' dir='ltr'><strong>fingit</strong></span> <span class='ocrx_word' id='word_1_97' title='bbox 978 2315 1020 2380; x_wconf 93' lang='lat' dir='ltr'><strong>ut</strong></span> <span class='ocrx_word' id='word_1_98' title='bbox 1044 2307 1211 2403; x_wconf 85' lang='lat' dir='ltr'><strong>disponat</strong></span> <span class='ocrx_word' id='word_1_99' title='bbox 1236 2310 1356 2384; x_wconf 90' lang='lat' dir='ltr'><strong>locum</strong></span> <span class='ocrx_word' id='word_1_100' title='bbox 1386 2309 1520 2382; x_wconf 76' lang='lat' dir='ltr'><strong>militiae</strong></span> <span class='ocrx_word' id='word_1_101' title='bbox 1545 2310 1666 2383; x_wconf 89' lang='lat' dir='ltr'><strong>statim</strong></span> <span class='ocrx_word' id='word_1_102' title='bbox 1686 2317 1872 2399; x_wconf 71' lang='lat' dir='ltr'><strong>venturae,</strong></span> 
     </span>
     <span class='ocr_line' id='line_1_13' title="bbox 698 2428 1870 2524; baseline 0.001 -21"><span class='ocrx_word' id='word_1_103' title='bbox 698 2449 784 2503; x_wconf 90' lang='lat' dir='ltr'><strong>nam</strong></span> <span class='ocrx_word' id='word_1_104' title='bbox 812 2428 970 2502; x_wconf 90' lang='lat' dir='ltr'><strong>militans</strong></span> <span class='ocrx_word' id='word_1_105' title='bbox 995 2428 1148 2502; x_wconf 88' lang='lat' dir='ltr'><strong>ecclesia</strong></span> <span class='ocrx_word' id='word_1_106' title='bbox 1174 2429 1287 2505; x_wconf 89' lang='lat' dir='ltr'><strong>tendit</strong></span> <span class='ocrx_word' id='word_1_107' title='bbox 1312 2450 1442 2504; x_wconf 89' lang='lat' dir='ltr'><strong>versus</strong></span> <span class='ocrx_word' id='word_1_108' title='bbox 1464 2429 1656 2524; x_wconf 88' lang='lat' dir='ltr'><strong>orientem,</strong></span> <span class='ocrx_word' id='word_1_109' title='bbox 1676 2429 1779 2524; x_wconf 88' lang='lat' dir='ltr'><strong>quasi</strong></span> <span class='ocrx_word' id='word_1_110' title='bbox 1804 2451 1870 2504; x_wconf 91' lang='lat' dir='ltr'><strong>vo-</strong></span> 
     </span>
     <span class='ocr_line' id='line_1_14' title="bbox 699 2549 1871 2641; baseline -0.002 -17"><span class='ocrx_word' id='word_1_111' title='bbox 699 2550 809 2626; x_wconf 90' lang='lat' dir='ltr'><strong>luerit</strong></span> <span class='ocrx_word' id='word_1_112' title='bbox 828 2549 962 2641; x_wconf 90' lang='lat' dir='ltr'><strong>dicere,</strong></span> <span class='ocrx_word' id='word_1_113' title='bbox 982 2556 1106 2624; x_wconf 88' lang='lat' dir='ltr'><strong>vetera</strong></span> <span class='ocrx_word' id='word_1_114' title='bbox 1133 2550 1380 2624; x_wconf 89' lang='lat' dir='ltr'><strong>transiverunt</strong></span> <span class='ocrx_word' id='word_1_115' title='bbox 1406 2558 1443 2625; x_wconf 92' lang='lat' dir='ltr'><strong>et</strong></span> <span class='ocrx_word' id='word_1_116' title='bbox 1469 2572 1563 2625; x_wconf 89' lang='lat' dir='ltr'><strong>nova</strong></span> <span class='ocrx_word' id='word_1_117' title='bbox 1591 2551 1683 2625; x_wconf 87' lang='lat' dir='ltr'><strong>lucta</strong></span> <span class='ocrx_word' id='word_1_118' title='bbox 1710 2557 1806 2624; x_wconf 90' lang='lat' dir='ltr'><strong>sunt.</strong></span> <span class='ocrx_word' id='word_1_119' title='bbox 1827 2552 1871 2624; x_wconf 87' lang='lat' dir='ltr'><strong>Et</strong></span> 
     </span>
     <span class='ocr_line' id='line_1_15' title="bbox 699 2671 1871 2766; baseline -0.003 -20"><span class='ocrx_word' id='word_1_120' title='bbox 699 2672 820 2746; x_wconf 91' lang='lat' dir='ltr'><strong>subdit</strong></span> <span class='ocrx_word' id='word_1_121' title='bbox 845 2671 1032 2764; x_wconf 89' lang='lat' dir='ltr'><strong>quomodo</strong></span> <span class='ocrx_word' id='word_1_122' title='bbox 1057 2671 1174 2744; x_wconf 87' lang='lat' dir='ltr'><strong>sactus</strong></span> <span class='ocrx_word' id='word_1_123' title='bbox 1200 2677 1254 2746; x_wconf 89' lang='lat' dir='ltr'><strong>est</strong></span> <span class='ocrx_word' id='word_1_124' title='bbox 1279 2671 1470 2766; x_wconf 87' lang='lat' dir='ltr'><strong>dispositus</strong></span> <span class='ocrx_word' id='word_1_125' title='bbox 1496 2678 1532 2746; x_wconf 91' lang='lat' dir='ltr'><strong>et</strong></span> <span class='ocrx_word' id='word_1_126' title='bbox 1558 2679 1718 2747; x_wconf 87' lang='lat' dir='ltr'><strong>attentus</strong></span> <span class='ocrx_word' id='word_1_127' title='bbox 1743 2671 1788 2744; x_wconf 91' lang='lat' dir='ltr'><strong>ad</strong></span> <span class='ocrx_word' id='word_1_128' title='bbox 1815 2671 1871 2744; x_wconf 88' lang='lat' dir='ltr'><strong>vi-</strong></span> 
     </span>
     <span class='ocr_line' id='line_1_16' title="bbox 699 2781 1869 2886; baseline -0.004 -18"><span class='ocrx_word' id='word_1_129' title='bbox 699 2791 859 2868; x_wconf 92' lang='lat' dir='ltr'><strong>dendum</strong></span> <span class='ocrx_word' id='word_1_130' title='bbox 886 2797 923 2865; x_wconf 94' lang='lat' dir='ltr'><strong>et</strong></span> <span class='ocrx_word' id='word_1_131' title='bbox 935 2781 973 2881; x_wconf 78' lang='lat'><strong>(²)</strong></span> <span class='ocrx_word' id='word_1_132' title='bbox 999 2792 1235 2884; x_wconf 91' lang='lat' dir='ltr'><strong>spectandum</strong></span> <span class='ocrx_word' id='word_1_133' title='bbox 1263 2792 1452 2886; x_wconf 87' lang='lat' dir='ltr'><strong>sequentia</strong></span> <span class='ocrx_word' id='word_1_134' title='bbox 1478 2792 1620 2867; x_wconf 88' lang='lat' dir='ltr'><strong>dicens:</strong></span> <span class='ocrx_word' id='word_1_135' title='bbox 1641 2788 1688 2865; x_wconf 81' lang='lat' dir='ltr'><strong>nd</strong></span> <span class='ocrx_word' id='word_1_136' title='bbox 1706 2793 1814 2864; x_wconf 83' lang='lat' dir='ltr'><strong>nacho</strong></span> <span class='ocrx_word' id='word_1_137' title='bbox 1829 2795 1869 2885; x_wconf 75' lang='lat' dir='ltr'><strong>lu</strong></span> 
     </span>
     <span class='ocr_line' id='line_1_17' title="bbox 698 2904 1869 3005; baseline -0.001 -20"><span class='ocrx_word' id='word_1_138' title='bbox 698 2904 770 2985; x_wconf 76' lang='lat' dir='ltr'><strong>cosi</strong></span> <span class='ocrx_word' id='word_1_139' title='bbox 794 2918 919 2984; x_wconf 85' lang='lat' dir='ltr'><strong>nostra</strong></span> <span class='ocrx_word' id='word_1_140' title='bbox 946 2913 1005 2983; x_wconf 85' lang='lat' dir='ltr'><strong>oto</strong></span> <span class='ocrx_word' id='word_1_141' title='bbox 1029 2914 1149 3000; x_wconf 83' lang='lat' dir='ltr'><strong>molto,</strong></span> <span class='ocrx_word' id='word_1_142' title='bbox 1173 2913 1277 3005; x_wconf 90' lang='lat' dir='ltr'><strong>quasi</strong></span> <span class='ocrx_word' id='word_1_143' title='bbox 1294 2912 1401 3004; x_wconf 91' lang='lat' dir='ltr'><strong>dicat,</strong></span> <span class='ocrx_word' id='word_1_144' title='bbox 1426 2931 1494 2986; x_wconf 88' lang='lat' dir='ltr'><strong>nec</strong></span> <span class='ocrx_word' id='word_1_145' title='bbox 1516 2913 1636 2986; x_wconf 90' lang='lat' dir='ltr'><strong>adhuc</strong></span> <span class='ocrx_word' id='word_1_146' title='bbox 1662 2913 1869 2986; x_wconf 89' lang='lat' dir='ltr'><strong>leceramus</strong></span> 
     </span>
     <span class='ocr_line' id='line_1_18' title="bbox 699 3032 1869 3126; baseline 0 -21"><span class='ocrx_word' id='word_1_147' title='bbox 699 3032 835 3105; x_wconf 90' lang='lat' dir='ltr'><strong>multos</strong></span> <span class='ocrx_word' id='word_1_148' title='bbox 848 3051 977 3126; x_wconf 89' lang='lat' dir='ltr'><strong>passus</strong></span> <span class='ocrx_word' id='word_1_149' title='bbox 989 3038 1069 3125; x_wconf 93' lang='lat' dir='ltr'><strong>post</strong></span> <span class='ocrx_word' id='word_1_150' title='bbox 1084 3033 1350 3107; x_wconf 83' lang='lat' dir='ltr'><strong>revolutionem</strong></span> <span class='ocrx_word' id='word_1_151' title='bbox 1367 3033 1511 3124; x_wconf 84' lang='lat' dir='ltr'><strong>iactam,</strong></span> <span class='ocrx_word' id='word_1_152' title='bbox 1522 3035 1664 3124; x_wconf 82' lang='lat' dir='ltr'><strong>quando</strong></span> <span class='ocrx_word' id='word_1_153' title='bbox 1678 3034 1713 3105; x_wconf 87' lang='lat' dir='ltr'><strong>lo</strong></span> <span class='ocrx_word' id='word_1_154' title='bbox 1724 3037 1869 3123; x_wconf 81' lang='lat' dir='ltr'><strong>bonna,</strong></span> 
     </span>
     <span class='ocr_line' id='line_1_19' title="bbox 697 3151 1870 3244; baseline 0 -20"><span class='ocrx_word' id='word_1_155' title='bbox 697 3151 885 3244; x_wconf 75' lang='lat' dir='ltr'><strong>blathinis,</strong></span> <span class='ocrx_word' id='word_1_156' title='bbox 902 3159 987 3224; x_wconf 80' lang='lat' dir='ltr'><strong>urta</strong></span> <span class='ocrx_word' id='word_1_157' title='bbox 1007 3174 1031 3224; x_wconf 89' lang='grc' dir='ltr'><em>α</em></span> <span class='ocrx_word' id='word_1_158' title='bbox 1051 3173 1104 3225; x_wconf 87' lang='lat' dir='ltr'><strong>me</strong></span> <span class='ocrx_word' id='word_1_159' title='bbox 1120 3155 1152 3223; x_wconf 85' lang='lat' dir='ltr'><strong>si</strong></span> <span class='ocrx_word' id='word_1_160' title='bbox 1168 3160 1273 3240; x_wconf 81' lang='lat' dir='ltr'><strong>torsa,</strong></span> <span class='ocrx_word' id='word_1_161' title='bbox 1290 3154 1457 3225; x_wconf 83' lang='lat' dir='ltr'><strong>dicendo:</strong></span> <span class='ocrx_word' id='word_1_162' title='bbox 1474 3156 1569 3244; x_wconf 77' lang='lat' dir='ltr'><strong>frate</strong></span> <span class='ocrx_word' id='word_1_163' title='bbox 1586 3155 1655 3224; x_wconf 85' lang='lat' dir='ltr'><strong>mio</strong></span> <span class='ocrx_word' id='word_1_164' title='bbox 1675 3155 1819 3243; x_wconf 78' lang='lat' dir='ltr'><strong>pirardo</strong></span> <span class='ocrx_word' id='word_1_165' title='bbox 1837 3161 1870 3224; x_wconf 88' lang='lat' dir='ltr'><strong>et</strong></span> 
     </span>
     <span class='ocr_line' id='line_1_20' title="bbox 697 3271 1871 3363; baseline 0.001 -19"><span class='ocrx_word' id='word_1_166' title='bbox 697 3275 844 3362; x_wconf 82' lang='lat' dir='ltr'><strong>asculta,</strong></span> <span class='ocrx_word' id='word_1_167' title='bbox 857 3271 942 3363; x_wconf 85' lang='lat' dir='ltr'><strong>quia</strong></span> <span class='ocrx_word' id='word_1_168' title='bbox 960 3271 1098 3346; x_wconf 89' lang='lat' dir='ltr'><strong>videbis</strong></span> <span class='ocrx_word' id='word_1_169' title='bbox 1114 3279 1152 3345; x_wconf 94' lang='lat' dir='ltr'><strong>et</strong></span> <span class='ocrx_word' id='word_1_170' title='bbox 1168 3271 1295 3346; x_wconf 86' lang='lat' dir='ltr'><strong>audies</strong></span> <span class='ocrx_word' id='word_1_171' title='bbox 1311 3272 1651 3346; x_wconf 72' lang='lat' dir='ltr'><strong>mirabiliora—Et</strong></span> <span class='ocrx_word' id='word_1_172' title='bbox 1661 3293 1750 3344; x_wconf 86' lang='lat' dir='ltr'><strong>ecco.</strong></span> <span class='ocrx_word' id='word_1_173' title='bbox 1765 3272 1871 3346; x_wconf 88' lang='lat' dir='ltr'><strong>Nunc</strong></span> 
     </span>
     <span class='ocr_line' id='line_1_21' title="bbox 697 3391 1872 3487; baseline -0.001 -21"><span class='ocrx_word' id='word_1_174' title='bbox 697 3399 806 3487; x_wconf 87' lang='lat' dir='ltr'><strong>poeta</strong></span> <span class='ocrx_word' id='word_1_175' title='bbox 839 3391 959 3485; x_wconf 88' lang='lat' dir='ltr'><strong>incipit</strong></span> <span class='ocrx_word' id='word_1_176' title='bbox 987 3391 1197 3467; x_wconf 81' lang='lat' dir='ltr'><strong>describere</strong></span> <span class='ocrx_word' id='word_1_177' title='bbox 1230 3392 1421 3467; x_wconf 87' lang='lat' dir='ltr'><strong>ecclesiam</strong></span> <span class='ocrx_word' id='word_1_178' title='bbox 1460 3393 1524 3466; x_wconf 79' lang='lat' dir='ltr'><strong>liei</strong></span> <span class='ocrx_word' id='word_1_179' title='bbox 1562 3392 1787 3466; x_wconf 86' lang='lat' dir='ltr'><strong>militantem.</strong></span> <span class='ocrx_word' id='word_1_180' title='bbox 1820 3392 1872 3466; x_wconf 84' lang='lat' dir='ltr'><strong>Ad</strong></span> 
     </span>
     <span class='ocr_line' id='line_1_22' title="bbox 698 3509 1872 3606; baseline 0.001 -24"><span class='ocrx_word' id='word_1_181' title='bbox 698 3509 796 3603; x_wconf 89' lang='lat' dir='ltr'><strong>quod</strong></span> <span class='ocrx_word' id='word_1_182' title='bbox 822 3515 966 3602; x_wconf 88' lang='lat' dir='ltr'><strong>oportet</strong></span> <span class='ocrx_word' id='word_1_183' title='bbox 996 3509 1115 3603; x_wconf 89' lang='lat' dir='ltr'><strong>primo</strong></span> <span class='ocrx_word' id='word_1_184' title='bbox 1149 3516 1288 3604; x_wconf 87' lang='lat' dir='ltr'><strong>notare,</strong></span> <span class='ocrx_word' id='word_1_185' title='bbox 1321 3509 1420 3602; x_wconf 88' lang='lat' dir='ltr'><strong>quod</strong></span> <span class='ocrx_word' id='word_1_186' title='bbox 1454 3509 1612 3606; x_wconf 84' lang='lat' dir='ltr'><strong>theologi</strong></span> <span class='ocrx_word' id='word_1_187' title='bbox 1644 3509 1872 3606; x_wconf 86' lang='lat' dir='ltr'><strong>distinguunt</strong></span> 
     </span>
     <span class='ocr_line' id='line_1_23' title="bbox 698 3628 1869 3725; baseline 0.001 -23"><span class='ocrx_word' id='word_1_188' title='bbox 698 3628 881 3722; x_wconf 84' lang='lat' dir='ltr'><strong>duplicem</strong></span> <span class='ocrx_word' id='word_1_189' title='bbox 907 3631 1111 3724; x_wconf 86' lang='lat' dir='ltr'><strong>ecclesiam,</strong></span> <span class='ocrx_word' id='word_1_190' title='bbox 1130 3652 1291 3724; x_wconf 88' lang='lat' dir='ltr'><strong>quarum</strong></span> <span class='ocrx_word' id='word_1_191' title='bbox 1318 3630 1475 3725; x_wconf 90' lang='lat' dir='ltr'><strong>primam</strong></span> <span class='ocrx_word' id='word_1_192' title='bbox 1502 3630 1684 3725; x_wconf 90' lang='lat' dir='ltr'><strong>appellant</strong></span> <span class='ocrx_word' id='word_1_193' title='bbox 1711 3631 1869 3704; x_wconf 90' lang='lat' dir='ltr'><strong>militan-</strong></span> 
     </span>
     <span class='ocr_line' id='line_1_24' title="bbox 700 3735 1871 3844; baseline 0.001 -20"><span class='ocrx_word' id='word_1_194' title='bbox 700 3757 787 3844; x_wconf 89' lang='lat' dir='ltr'><strong>tem,</strong></span> <span class='ocrx_word' id='word_1_195' title='bbox 814 3771 898 3843; x_wconf 85' lang='lat' dir='ltr'><strong>quae</strong></span> <span class='ocrx_word' id='word_1_196' title='bbox 923 3751 960 3824; x_wconf 89' lang='lat' dir='ltr'><strong>in</strong></span> <span class='ocrx_word' id='word_1_197' title='bbox 985 3752 1054 3825; x_wconf 89' lang='lat' dir='ltr'><strong>hoc</strong></span> <span class='ocrx_word' id='word_1_198' title='bbox 1080 3753 1206 3825; x_wconf 91' lang='lat' dir='ltr'><strong>seculo</strong></span> <span class='ocrx_word' id='word_1_199' title='bbox 1224 3735 1333 3826; x_wconf 73' lang='lat' dir='ltr'><strong>¹recte</strong></span> <span class='ocrx_word' id='word_1_200' title='bbox 1351 3751 1491 3844; x_wconf 89' lang='lat' dir='ltr'><strong>militat,</strong></span> <span class='ocrx_word' id='word_1_201' title='bbox 1510 3759 1547 3825; x_wconf 90' lang='lat' dir='ltr'><strong>et</strong></span> <span class='ocrx_word' id='word_1_202' title='bbox 1567 3759 1622 3825; x_wconf 90' lang='lat' dir='ltr'><strong>est</strong></span> <span class='ocrx_word' id='word_1_203' title='bbox 1640 3751 1676 3824; x_wconf 91' lang='lat' dir='ltr'><strong>in</strong></span> <span class='ocrx_word' id='word_1_204' title='bbox 1697 3750 1871 3825; x_wconf 83' lang='lat' dir='ltr'><strong>continuo</strong></span> 
     </span>
     <span class='ocr_line' id='line_1_25' title="bbox 699 3870 1871 3965; baseline -0.001 -21"><span class='ocrx_word' id='word_1_205' title='bbox 699 3870 902 3944; x_wconf 89' lang='lat' dir='ltr'><strong>certamine</strong></span> <span class='ocrx_word' id='word_1_206' title='bbox 919 3877 1046 3945; x_wconf 89' lang='lat' dir='ltr'><strong>contra</strong></span> <span class='ocrx_word' id='word_1_207' title='bbox 1064 3877 1238 3946; x_wconf 91' lang='lat' dir='ltr'><strong>conantes</strong></span> <span class='ocrx_word' id='word_1_208' title='bbox 1256 3871 1474 3945; x_wconf 89' lang='lat' dir='ltr'><strong>subvertere</strong></span> <span class='ocrx_word' id='word_1_209' title='bbox 1492 3891 1594 3965; x_wconf 82' lang='lat' dir='ltr'><strong>eam3</strong></span> <span class='ocrx_word' id='word_1_210' title='bbox 1607 3872 1761 3944; x_wconf 90' lang='lat' dir='ltr'><strong>alteram</strong></span> <span class='ocrx_word' id='word_1_211' title='bbox 1782 3891 1871 3945; x_wconf 90' lang='lat' dir='ltr'><strong>vero</strong></span> 
     </span>
     <span class='ocr_line' id='line_1_26' title="bbox 700 3990 1871 4085; baseline -0.001 -21"><span class='ocrx_word' id='word_1_212' title='bbox 700 3998 832 4064; x_wconf 84' lang='lat' dir='ltr'><strong>vocant</strong></span> <span class='ocrx_word' id='word_1_213' title='bbox 857 3991 1143 4085; x_wconf 89' lang='lat' dir='ltr'><strong>triumphantem</strong></span> <span class='ocrx_word' id='word_1_214' title='bbox 1172 4011 1255 4084; x_wconf 87' lang='lat' dir='ltr'><strong>quae</strong></span> <span class='ocrx_word' id='word_1_215' title='bbox 1281 3991 1317 4062; x_wconf 94' lang='lat' dir='ltr'><strong>in</strong></span> <span class='ocrx_word' id='word_1_216' title='bbox 1342 3991 1436 4064; x_wconf 89' lang='lat' dir='ltr'><strong>coelo</strong></span> <span class='ocrx_word' id='word_1_217' title='bbox 1467 3990 1612 4063; x_wconf 88' lang='lat' dir='ltr'><strong>laetatur</strong></span> <span class='ocrx_word' id='word_1_218' title='bbox 1641 3990 1687 4064; x_wconf 91' lang='lat' dir='ltr'><strong>de</strong></span> <span class='ocrx_word' id='word_1_219' title='bbox 1714 3990 1871 4066; x_wconf 82' lang='lat' dir='ltr'><strong>victoriis</strong></span> 
     </span>
     <span class='ocr_line' id='line_1_27' title="bbox 700 4111 1871 4206; baseline 0.002 -23"><span class='ocrx_word' id='word_1_220' title='bbox 700 4111 786 4184; x_wconf 89' lang='lat' dir='ltr'><strong>suis.</strong></span> <span class='ocrx_word' id='word_1_221' title='bbox 812 4112 916 4186; x_wconf 85' lang='lat' dir='ltr'><strong>Modo</strong></span> <span class='ocrx_word' id='word_1_222' title='bbox 943 4119 1048 4206; x_wconf 91' lang='lat' dir='ltr'><strong>poeta</strong></span> <span class='ocrx_word' id='word_1_223' title='bbox 1075 4117 1199 4186; x_wconf 89' lang='lat' dir='ltr'><strong>noster</strong></span> <span class='ocrx_word' id='word_1_224' title='bbox 1223 4131 1442 4185; x_wconf 88' lang='lat' dir='ltr'><strong>accessurus</strong></span> <span class='ocrx_word' id='word_1_225' title='bbox 1472 4111 1509 4184; x_wconf 95' lang='lat' dir='ltr'><strong>in</strong></span> <span class='ocrx_word' id='word_1_226' title='bbox 1539 4111 1641 4185; x_wconf 88' lang='lat' dir='ltr'><strong>brevi</strong></span> <span class='ocrx_word' id='word_1_227' title='bbox 1672 4111 1718 4185; x_wconf 92' lang='lat' dir='ltr'><strong>ad</strong></span> <span class='ocrx_word' id='word_1_228' title='bbox 1744 4112 1871 4185; x_wconf 87' lang='lat' dir='ltr'><strong>videu-</strong></span> 
     </span>
     <span class='ocr_line' id='line_1_28' title="bbox 699 4230 1872 4328; baseline 0.001 -24"><span class='ocrx_word' id='word_1_229' title='bbox 699 4231 784 4304; x_wconf 90' lang='lat' dir='ltr'><strong>dam</strong></span> <span class='ocrx_word' id='word_1_230' title='bbox 812 4230 1003 4305; x_wconf 88' lang='lat' dir='ltr'><strong>ecclesiam</strong></span> <span class='ocrx_word' id='word_1_231' title='bbox 1029 4233 1330 4326; x_wconf 88' lang='lat' dir='ltr'><strong>triumphantem,</strong></span> <span class='ocrx_word' id='word_1_232' title='bbox 1351 4252 1448 4306; x_wconf 90' lang='lat' dir='ltr'><strong>nunc</strong></span> <span class='ocrx_word' id='word_1_233' title='bbox 1475 4233 1608 4306; x_wconf 91' lang='lat' dir='ltr'><strong>merito</strong></span> <span class='ocrx_word' id='word_1_234' title='bbox 1633 4233 1752 4327; x_wconf 89' lang='lat' dir='ltr'><strong>primo</strong></span> <span class='ocrx_word' id='word_1_235' title='bbox 1779 4231 1872 4328; x_wconf 80' lang='lat' dir='ltr'><strong>figu-</strong></span> 
     </span>
     <span class='ocr_line' id='line_1_29' title="bbox 701 4351 1872 4447; baseline 0.001 -22"><span class='ocrx_word' id='word_1_236' title='bbox 701 4358 758 4426; x_wconf 90' lang='lat' dir='ltr'><strong>rat</strong></span> <span class='ocrx_word' id='word_1_237' title='bbox 783 4353 897 4446; x_wconf 91' lang='lat' dir='ltr'><strong>ipsam</strong></span> <span class='ocrx_word' id='word_1_238' title='bbox 930 4352 1164 4427; x_wconf 86' lang='lat' dir='ltr'><strong>militantem:</strong></span> <span class='ocrx_word' id='word_1_239' title='bbox 1199 4359 1236 4426; x_wconf 90' lang='lat' dir='ltr'><strong>et</strong></span> <span class='ocrx_word' id='word_1_240' title='bbox 1267 4351 1386 4446; x_wconf 90' lang='lat' dir='ltr'><strong>primo</strong></span> <span class='ocrx_word' id='word_1_241' title='bbox 1420 4352 1542 4447; x_wconf 88' lang='lat' dir='ltr'><strong>incipit</strong></span> <span class='ocrx_word' id='word_1_242' title='bbox 1573 4373 1596 4427; x_wconf 86' lang='lat' dir='ltr'><strong>a</strong></span> <span class='ocrx_word' id='word_1_243' title='bbox 1630 4354 1872 4428; x_wconf 88' lang='lat' dir='ltr'><strong>luminaribus</strong></span> 
     </span>
     <span class='ocr_line' id='line_1_30' title="bbox 699 4471 1871 4566; baseline 0.001 -21"><span class='ocrx_word' id='word_1_244' title='bbox 699 4472 988 4566; x_wconf 76' lang='lat' dir='ltr'><strong>precedentibus</strong></span> <span class='ocrx_word' id='word_1_245' title='bbox 1016 4471 1178 4546; x_wconf 89' lang='lat' dir='ltr'><strong>militiam</strong></span> <span class='ocrx_word' id='word_1_246' title='bbox 1205 4479 1381 4564; x_wconf 88' lang='lat' dir='ltr'><strong>sanctam,</strong></span> <span class='ocrx_word' id='word_1_247' title='bbox 1409 4479 1446 4546; x_wconf 92' lang='lat' dir='ltr'><strong>et</strong></span> <span class='ocrx_word' id='word_1_248' title='bbox 1472 4474 1746 4548; x_wconf 87' lang='lat' dir='ltr'><strong>ostendentibus</strong></span> <span class='ocrx_word' id='word_1_249' title='bbox 1774 4474 1871 4547; x_wconf 91' lang='lat' dir='ltr'><strong>viam</strong></span> 
     </span>
     <span class='ocr_line' id='line_1_31' title="bbox 699 4591 1873 4689; baseline 0.002 -25"><span class='ocrx_word' id='word_1_250' title='bbox 699 4591 872 4664; x_wconf 90' lang='lat' dir='ltr'><strong>omnibus</strong></span> <span class='ocrx_word' id='word_1_251' title='bbox 897 4592 1144 4685; x_wconf 84' lang='lat' dir='ltr'><strong>venientibus3</strong></span> <span class='ocrx_word' id='word_1_252' title='bbox 1167 4598 1204 4666; x_wconf 88' lang='lat' dir='ltr'><strong>et</strong></span> <span class='ocrx_word' id='word_1_253' title='bbox 1229 4591 1325 4686; x_wconf 88' lang='lat' dir='ltr'><strong>dicit,</strong></span> <span class='ocrx_word' id='word_1_254' title='bbox 1352 4592 1450 4686; x_wconf 89' lang='lat' dir='ltr'><strong>quod</strong></span> <span class='ocrx_word' id='word_1_255' title='bbox 1477 4593 1620 4667; x_wconf 91' lang='lat' dir='ltr'><strong>subitus</strong></span> <span class='ocrx_word' id='word_1_256' title='bbox 1646 4593 1816 4689; x_wconf 90' lang='lat' dir='ltr'><strong>splendor</strong></span> <span class='ocrx_word' id='word_1_257' title='bbox 1835 4593 1873 4667; x_wconf 94' lang='lat' dir='ltr'><strong>in</strong></span> 
     </span>
     <span class='ocr_line' id='line_1_32' title="bbox 701 4710 1875 4808; baseline 0.003 -26"><span class='ocrx_word' id='word_1_258' title='bbox 701 4710 852 4784; x_wconf 91' lang='lat' dir='ltr'><strong>modum</strong></span> <span class='ocrx_word' id='word_1_259' title='bbox 880 4710 1033 4808; x_wconf 86' lang='lat' dir='ltr'><strong>lulguris</strong></span> <span class='ocrx_word' id='word_1_260' title='bbox 1057 4711 1270 4806; x_wconf 81' lang='lat' dir='ltr'><strong>perstrinxit</strong></span> <span class='ocrx_word' id='word_1_261' title='bbox 1294 4713 1411 4787; x_wconf 90' lang='lat' dir='ltr'><strong>aciem</strong></span> <span class='ocrx_word' id='word_1_262' title='bbox 1443 4713 1638 4787; x_wconf 91' lang='lat' dir='ltr'><strong>oculorum</strong></span> <span class='ocrx_word' id='word_1_263' title='bbox 1665 4714 1754 4788; x_wconf 88' lang='lat' dir='ltr'><strong>eius.</strong></span> <span class='ocrx_word' id='word_1_264' title='bbox 1782 4713 1875 4788; x_wconf 83' lang='lat' dir='ltr'><strong>llicit</strong></span> 
     </span>
     <span class='ocr_line' id='line_1_33' title="bbox 700 4832 1874 4928; baseline 0.003 -24"><span class='ocrx_word' id='word_1_265' title='bbox 700 4850 809 4925; x_wconf 83' lang='lat' dir='ltr'><strong>ergo:</strong></span> <span class='ocrx_word' id='word_1_266' title='bbox 835 4837 880 4904; x_wconf 80' lang='lat' dir='ltr'><strong>m</strong></span> <span class='ocrx_word' id='word_1_267' title='bbox 902 4853 980 4904; x_wconf 88' lang='lat' dir='ltr'><strong>ecco</strong></span> <span class='ocrx_word' id='word_1_268' title='bbox 1004 4853 1053 4903; x_wconf 83' lang='lat' dir='ltr'><strong>un</strong></span> <span class='ocrx_word' id='word_1_269' title='bbox 1078 4833 1202 4924; x_wconf 83' lang='lat' dir='ltr'><strong>lustro,</strong></span> <span class='ocrx_word' id='word_1_270' title='bbox 1223 4832 1327 4926; x_wconf 91' lang='lat' dir='ltr'><strong>idest,</strong></span> <span class='ocrx_word' id='word_1_271' title='bbox 1349 4834 1474 4907; x_wconf 91' lang='lat' dir='ltr'><strong>lumen</strong></span> <span class='ocrx_word' id='word_1_272' title='bbox 1500 4853 1544 4907; x_wconf 85' lang='lat' dir='ltr'><strong>ex</strong></span> <span class='ocrx_word' id='word_1_273' title='bbox 1572 4841 1712 4928; x_wconf 89' lang='lat' dir='ltr'><strong>septem</strong></span> <span class='ocrx_word' id='word_1_274' title='bbox 1740 4834 1874 4909; x_wconf 87' lang='lat' dir='ltr'><strong>cande-</strong></span> 
     </span>
    </p>
   </div>
   <div class='ocr_carea' id='block_1_3' title="bbox 764 5091 1663 5159">
    <p class='ocr_par' dir='ltr' id='par_1_3' title="bbox 764 5091 1663 5159">
     <span class='ocr_line' id='line_1_34' title="bbox 764 5091 1663 5159; baseline 0.007 -18"><span class='ocrx_word' id='word_1_275' title='bbox 764 5091 791 5154; x_wconf 84' lang='lat'><strong>(¹)</strong></span> <span class='ocrx_word' id='word_1_276' title='bbox 807 5091 838 5141; x_wconf 86' lang='grc' dir='ltr'><strong>Ε.</strong></span> <span class='ocrx_word' id='word_1_277' title='bbox 855 5106 913 5141; x_wconf 83' lang='lat' dir='ltr'><strong>snm</strong></span> <span class='ocrx_word' id='word_1_278' title='bbox 928 5093 961 5142; x_wconf 80' lang='lat' dir='ltr'><strong>ad</strong></span> <span class='ocrx_word' id='word_1_279' title='bbox 975 5093 1112 5144; x_wconf 77' lang='lat' dir='ltr'><strong>orientem.</strong></span> <span class='ocrx_word' id='word_1_280' title='bbox 1334 5093 1361 5156; x_wconf 63' lang='grc' dir='ltr'><strong>[Ἴ</strong></span> <span class='ocrx_word' id='word_1_281' title='bbox 1378 5095 1408 5144; x_wconf 82' lang='lat' dir='ltr'><strong>E.</strong></span> <span class='ocrx_word' id='word_1_282' title='bbox 1425 5100 1452 5144; x_wconf 83' lang='lat' dir='ltr'><strong>et</strong></span> <span class='ocrx_word' id='word_1_283' title='bbox 1467 5096 1663 5159; x_wconf 83' lang='lat' dir='ltr'><strong>expectandum.</strong></span> 
     </span>
    </p>
   </div>
   <div class='ocr_carea' id='block_1_4' title="bbox 0 0 2298 6836">
    <p class='ocr_par' dir='ltr' id='par_1_4' title="bbox 0 0 2298 6836">
     <span class='ocr_line' id='line_1_35' title="bbox 0 0 2298 6836; baseline 0 0"><span class='ocrx_word' id='word_1_284' title='bbox 0 0 2298 6836; x_wconf 95' lang='lat' dir='ltr'><strong> </strong></span> 
     </span>
    </p>
   </div>
  </div>
 </body>
</html>
