4575 6842
410 1389 578 1460 CANTUS
601 1381 794 1472 TERTiUS,
818 1391 854 1457 iu
875 1411 936 1476 quo
958 1398 1098 1458 movetur
1125 1395 1256 1477 questio
1279 1398 1310 1459 et
1330 1391 1511 1458 declaratur
1531 1412 1582 1456 oe-

489 1504 581 1581 ritos,
598 1507 704 1568 utrum
718 1501 783 1568 elle
798 1503 913 1569 animm
928 1525 998 1588 que
1013 1509 1088 1571 sont
1105 1504 1274 1588 inferiores
1286 1503 1400 1571 uellent
1412 1503 1584 1587 feliciorem

489 1612 635 1700 proeium.

491 1845 648 2056 Quen
670 1946 728 2016 sol
750 1946 811 2016 cte
831 1947 916 2037 pn'u
935 1947 1078 2020 ‹l’umor
1103 1947 1153 2018 mi
1175 1937 1298 2019 scaldo
1317 1947 1346 2018 il
1356 1950 1461 2037 petto.
1479 1943 1584 2017 Post·

411 2083 524 2158 quam
550 2064 587 2138 in
612 2064 794 2159 superiori
817 2065 976 2160 capitulo
1001 2065 1172 2162 proxime
1203 2063 1584 2161 praemoneremus

410 2183 579 2258 tractavit
605 2188 642 2259 et
666 2182 922 2260 determinavit
941 2185 988 2262 de
1008 2205 1163 2280 corpore
1185 2185 1283 2259 lnnae
1309 2191 1346 2259 et
1371 2183 1482 2280 signis
1498 2202 1583 2277 quae

409 2309 587 2400 apparent
612 2303 648 2378 in
674 2325 731 2399 eo,
759 2327 856 2382 nunc
882 2306 1151 2401 subsequenter
1165 2301 1203 2398 (¹)
1229 2285 1274 2379 in'
1291 2305 1360 2379 isto
1384 2303 1492 2379 tertio
1520 2323 1584 2378 ca·

410 2423 525 2521 pitulo
550 2425 625 2522 agit
651 2430 687 2499 et
712 2432 844 2501 tractat
868 2426 915 2501 de
938 2426 1133 2501 animabus
1158 2424 1372 2500 beatificatis
1384 2414 1422 2516 (²)
1444 2423 1481 2497 in
1506 2423 1584 2518 ipsa

411 2543 530 2640 gratia
555 2544 782 2641 virginitatis.
807 2547 852 2619 Et
876 2566 1037 2642 praesens
1054 2547 1255 2642 capitulum
1279 2547 1398 2641 potest
1421 2542 1583 2617 breviter

411 2664 520 2739 dividi
545 2665 583 2740 in
616 2673 778 2759 quatuor
811 2673 933 2762 partes
965 2668 1177 2763 generales3
1209 2666 1247 2741 in
1277 2685 1439 2761 quarum
1465 2663 1583 2758 prima

411 2792 519 2882 poeta
544 2785 715 2861 describit
739 2787 776 2861 in
801 2787 963 2884 generali
990 2788 1148 2864 lormam
1177 2794 1215 2864 et
1244 2787 1442 2884 imaginem
1468 2784 1584 2858 dicta-

411 2928 497 2982 rum
522 2907 733 2982 animarum
758 2927 825 3004 per
841 2908 1164 3002 comparationem.
1189 2907 1230 2980 ln
1246 2905 1407 2982 secum
1427 2903 1583 3000 alloqui-

412 3031 475 3100 tur
500 3027 537 3101 in
562 3026 707 3122 speciali
733 3048 845 3101 unam
871 3027 1033 3102 animam
1060 3027 1289 3122 modernam,
1314 3047 1400 3122 qnae
1429 3026 1497 3104 luit
1526 3025 1584 3098 in·

411 3146 541 3244 signita
566 3146 672 3221 titulo
699 3167 842 3244 magnae
867 3134 1040 3223 castitatis
1073 3154 1110 3222 et
1139 3146 1350 3240 honestatis,
1381 3146 1450 3220 ibi:
1480 3152 1526 3220 Et
1547 3148 1584 3218 io

412 3269 472 3341 ull
485 3268 619 3341 omero
645 3268 685 3341 ln
711 3268 818 3342 tertia
836 3274 961 3344 movet
981 3287 1091 3342 unam
1111 3267 1353 3361 questionem
1379 3267 1477 3342 circa
1493 3287 1584 3342 con-

413 3387 648 3462 tentationem
667 3387 779 3462 animi
797 3387 965 3482 beatifici,
983 3388 1049 3462 ibi:
1069 3392 1131 3461 lla
1147 3390 1289 3461 dimmi:
1307 3391 1375 3461 ool.
1393 3389 1433 3460 ln
1451 3384 1584 3481 quarta

411 3513 449 3584 et
474 3507 599 3582 ultima
624 3507 720 3582 dicta
745 3508 878 3582 umbra
905 3509 1141 3604 prosequitur
1158 3507 1408 3583 narrationem
1434 3508 1585 3583 inchoa·

412 3635 487 3704 tam
513 3627 559 3704 de
584 3649 624 3704 se
654 3628 701 3702 ad
732 3628 942 3723 petitionem
973 3629 1113 3704 autoris
1128 3621 1179 3722 (³),
1212 3633 1251 3704 et
1283 3627 1441 3723 explicat
1472 3628 1583 3703 aliam

411 3750 588 3850 animam,
605 3749 782 3832 illustrem
816 3748 977 3823 dotatam
1011 3749 1165 3824 mirifice
1199 3749 1308 3824 laude
1321 3737 1359 3841 (⁸)
1391 3748 1583 3843 pudicitie,

412 3869 481 3944 ibi:
500 3874 562 3943 llo
577 3861 608 3941 si
624 3869 788 3958 com'epti
804 3872 937 3942 uomere.
955 3868 1010 3942 nd
1031 3869 1188 3964 primam
1207 3869 1357 3944 veniens
1374 3869 1467 3962 dico,
1484 3867 1585 3962 quod

412 3988 450 4062 in
474 3989 592 4085 prima
621 3992 726 4084 parte
757 3993 864 4083 poeta
894 3988 1066 4063 describit
1096 3989 1133 4062 in
1164 3988 1328 4085 generali
1364 3988 1520 4064 formam
1546 3994 1586 4063 et

413 4109 611 4206 imaginem
637 4109 847 4184 animarum
868 4110 1123 4205 apparentium
1141 4110 1179 4184 in
1199 4129 1356 4206 corpore
1371 4110 1483 4202 lune,
1499 4127 1586 4204 qnoe

412 4230 559 4306 inclinat
591 4229 764 4304 mulieres
794 4251 860 4304 sua
893 4229 1080 4305 influentia
1109 4230 1156 4304 all
1182 4229 1454 4327 virginitatem3
1485 4228 1586 4304 unde

412 4350 607 4448 Virgilius:
638 4353 742 4424 Gustu
771 4354 853 4445 save
877 4354 1007 4426 Lucina
1042 4357 1111 4426 etc.
1146 4349 1219 4427 Sed
1253 4351 1372 4446 primo
1397 4348 1586 4445 premittit

412 4470 723 4545 continuationem
740 4468 786 4544 ad
807 4469 1060 4564 precedentia,
1078 4470 1223 4546 dicens:
1246 4474 1333 4560 Quel
1349 4473 1417 4562 sol,
1437 4469 1584 4565 scilicet,

412 4591 571 4684 nectar,
596 4610 709 4684 quam
735 4590 830 4664 hene
855 4589 1011 4684 appellat
1035 4590 1173 4685 solem3
1195 4589 1333 4665 namsi
1357 4591 1494 4666 Dentes
1518 4611 1587 4665 vo·

413 4710 509 4786 cavit
533 4708 729 4804 aliquando
753 4707 945 4806 Virgilium
971 4717 1118 4803 poetam
1144 4729 1331 4806 paganum
1356 4711 1473 4786 solem
1498 4710 1585 4784 illu·

414 4830 613 4904 minantem
632 4834 794 4903 mentem
812 4828 892 4904 eius
908 4828 1005 4903 circa
1020 4829 1202 4904 naturalia
1215 4840 1253 4906 et
1266 4829 1431 4924 moralia,
1445 4837 1586 4924 quanto

475 5017 503 5082 (¹)
519 5023 542 5078 t,
558 5022 755 5082 conruqocnter.
1083 5013 1111 5080 (¹)
1127 5016 1155 5066 s.
1170 5015 1301 5068 manen,

475 5095 501 5160 ι’)
517 5094 548 5145 E.
564 5095 661 5146 autoris
676 5095 721 5158 qui
735 5093 856 5160 explicat.
1083 5093 1110 5156 ρ)
1125 5094 1158 5145 R.
1173 5093 1300 5144 audium
