4575 6842
715 959 854 1015 cemus
878 958 1097 1015 intenstltus
1121 958 1264 1015 ennius.
1498 948 1567 1014 241

400 1124 467 1178 sua
491 1107 654 1196 tinterna,
680 1104 805 1197 etqui
830 1109 937 1198 poete
962 1104 1044 1198 plus
1070 1102 1192 1178 hausit
1215 1103 1262 1177 de
1286 1103 1385 1179 lente
1410 1105 1571 1199 Parnasi,

401 1225 466 1321 qui
490 1225 608 1300 dictus
633 1231 688 1299 est
711 1222 871 1316 Helicon,
893 1222 939 1297 de
960 1244 1034 1317 quo
1060 1222 1150 1297 dixit
1174 1245 1285 1319 supra
1311 1246 1397 1299 eum
1424 1225 1573 1301 invoca-

402 1352 460 1421 ret
484 1366 619 1438 musas,
637 1346 696 1417 ele
719 1363 792 1417 non
802 1364 951 1435 paresne
967 1364 1053 1417 aver
1070 1346 1106 1417 la
1123 1351 1234 1417 mente
1249 1345 1449 1437 ineomtra,
1466 1345 1570 1440 idest,

402 1465 624 1561 impeditam,
650 1464 813 1537 emendo
833 1484 858 1536 a
873 1466 1003 1537 render
1019 1470 1063 1554 te,
1087 1461 1190 1557 idest,
1209 1462 1349 1539 reterre
1373 1470 1411 1539 et
1436 1486 1573 1561 reprae-

402 1594 548 1663 sentere
573 1592 610 1661 te
634 1583 952 1676 Beetrioem,โน1nat
975 1592 1010 1658 tu
1030 1588 1180 1679 parenti,
1201 1582 1237 1657 in
1255 1584 1501 1679 pulcritudine
1517 1585 1574 1660 ie-

403 1707 482 1801 eiei,
507 1696 545 1779 tl
568 1708 670 1795 dove,
701 1703 804 1797 idest,
834 1703 872 1777 in
901 1704 961 1779 illo
991 1706 1071 1780 loeo
1101 1704 1176 1799 ubi,
1201 1707 1230 1778 tt
1255 1707 1320 1778 ciel
1347 1705 1572 1795 tatemere,

403 1827 473 1901 sub
486 1826 585 1901 nube
597 1825 744 1917 ilerum,
756 1828 1049 1919 armonizzanth,
1061 1844 1148 1899 cum
1162 1824 1243 1899 eius
1256 1824 1351 1898 dulci
1366 1825 1571 1919 harmonia,

404 1968 517 2043 quam
541 1951 749 2041 sequuntur
774 1946 893 2042 angeli
919 1946 1109 2039 cantando,
1136 1952 1178 2019 ut
1196 1947 1275 2042 jam
1305 1966 1417 2040 supra
1441 1944 1571 2043 patuit,

404 2070 545 2161 wando
570 2069 596 2141 ti
618 2068 768 2156 solventi,
794 2065 885 2141 idest
901 2060 950 2159 (ยน),
982 2064 1149 2140 detexisti
1180 2064 1311 2139 faeiem
1345 2071 1461 2159 tuam,
1487 2086 1571 2160 quae

404 2189 505 2283 prius
530 2194 611 2262 erat
627 2186 748 2284 ligate,
768 2206 855 2260 eum
874 2186 973 2280 vitta,
993 2188 1070 2259 neit
1083 2206 1168 2259 aere
1189 2193 1324 2279 aperto,
1341 2186 1443 2280 idest,
1465 2207 1572 2282 pure,

404 2308 612 2383 luminoso?

467 2566 495 2629 (ยน)
509 2566 541 2618 E.
555 2564 656 2617 vellicet
670 2566 774 2631 qundo
790 2565 916 2617 temnit
