4575 6842
746 972 885 1029 caurus
910 972 1125 1027 rnronsnrus
1150 974 1293 1029 rrimus.
1535 964 1605 1031 229

436 1116 517 1191 ruit
540 1116 663 1193 dicere
687 1116 853 1191 Beatrix:
880 1116 977 1191 Deus
1001 1116 1067 1191 scit
1099 1123 1202 1191 tuam
1233 1119 1392 1214 culpam,
1419 1127 1457 1194 et
1485 1120 1608 1217 angeli

437 1236 557 1311 sciunt
574 1244 611 1311 et
628 1256 698 1332 ego
715 1235 800 1310 scio.
815 1236 858 1309 Et
875 1236 962 1329 quia
979 1235 1074 1310 torte
1091 1243 1200 1331 poeta
1214 1237 1406 1313 videbatur
1423 1239 1606 1313 dicturus:

437 1355 526 1449 quid
551 1343 826 1451 ergo'quaerisi
851 1353 934 1429 ideo
959 1355 1098 1429 subdit:
1129 1375 1189 1428 ma
1219 1359 1257 1429 lc
1281 1366 1388 1432 ructo
1411 1362 1546 1450 ricolpe
1570 1354 1611 1433 sd

437 1478 595 1549 condu’i
614 1476 733 1566 noro,
756 1474 862 1568 quasi
879 1474 985 1570 dicat,
1011 1481 1314 1571 contemperatur
1338 1478 1459 1553 divina
1486 1480 1552 1573 ira,
1569 1482 1608 1551 iu

437 1602 561 1669 nostru
585 1602 691 1686 corte,
717 1594 864 1687 scilicet,
882 1596 1032 1689 coelasti,
1050 1599 1192 1689 quondo
1209 1600 1366 1671 dumoso
1382 1600 1440 1670 dei
1452 1605 1607 1690 peccato,

439 1737 522 1811 quae
553 1715 592 1789 iit
622 1736 686 1811 per
717 1702 994 1811 contessionem,
1019 1720 1163 1810 scoppia
1194 1720 1293 1791 daila
1319 1720 1472 1811 propria
1506 1724 1603 1811 poto,

439 1837 540 1931 idest,
558 1836 719 1932 erumpit
744 1856 791 1911 er
816 1838 963 1932 proprio
980 1857 1047 1913 ore
1066 1838 1223 1912 bominis
1243 1838 1461 1913 contritione
1478 1845 1609 1912 extru-

438 1955 557 2031 dente.
592 1958 655 2030 Est
692 1964 817 2032 autem
851 1957 1029 2032 consessio
1065 1956 1226 2053 legitima
1257 1978 1384 2032 coram
1416 1958 1607 2033 sacerdote

327 2114 330 2121 ν
438 2083 674 2171 peccatorum
706 2077 903 2153 declaratio
913 2102 928 2172 3,
958 2085 995 2153 et
1026 2078 1095 2152 iste
1127 2099 1225 2154 nunc
1255 2078 1451 2154 confitetur
1480 2100 1606 2154 coram

437 2217 542 2272 sacra
568 2197 717 2274 scientia
743 2220 827 2293 quae
847 2198 1019 2274 informat
1035 2218 1166 2273 omnes
1182 2199 1408 2274 confessores
1430 2189 1606 2274 terrenos.

437 2319 481 2391 Et
506 2324 593 2393 nota
618 2317 718 2413 quod
743 2318 971 2393 contrarium
995 2317 1125 2393 accidit
1142 2318 1179 2391 in
1201 2318 1339 2393 mundo
1365 2309 1608 2413 nostro‚'quia

438 2438 585 2532 quando
614 2438 726 2513 homo
756 2437 951 2513 confitetur
983 2444 1111 2534 sponte
1140 2445 1334 2533 peccatum
1363 2439 1412 2512 ab
1443 2440 1608 2514 humano

432 2558 557 2655 judice
582 2558 688 2633 citius
713 2559 991 2653 condemnatur,
1010 2559 1072 2633 sed
1090 2559 1243 2634 uberius
1269 2558 1467 2635 remittitur
1493 2558 1608 2634 sibia

438 2677 593 2753 Domino
619 2678 756 2753 Judice.

485 2846 490 2855 ,
519 2800 784 2872 monacisca
809 2802 865 2872 est
889 2797 1048 2873 secunda
1079 2819 1166 2893 pars
1189 2798 1371 2895 generalis
1404 2799 1514 2873 buius
1547 2820 1611 2874 ca·

443 2919 558 3015 pituli,
579 2920 707 3013 inqua
726 2918 872 2994 Beatrix
890 2938 989 2994 nunc
1013 2919 1136 3016 arguit
1156 2926 1285 2995 contra
1304 2920 1471 3014 Dantem,
1489 2927 1526 2995 et
1542 2942 1610 3015 pro

442 3040 560 3114 saluto
585 3040 665 3114 eius
690 3039 872 3114 convincit
896 3060 984 3115 eum
1002 3040 1048 3115 de
1068 3060 1198 3115 errore
1214 3061 1284 3115 suo
1308 3047 1351 3114 ut
1377 3041 1504 3117 reddat
1520 3062 1610 3117 eum

441 3168 593 3236 cautum
618 3160 655 3233 in
681 3159 862 3233 futurum.
880 3160 924 3234 Et
941 3159 1060 3255 primo
1078 3159 1162 3234 iacit
1178 3166 1325 3254 poetam
1350 3166 1532 3235 attentum
1562 3162 1609 3238 ad

440 3281 601 3377 dicenda,
627 3280 769 3356 diceus:
802 3283 973 3372 Tuttavia,
999 3280 1100 3374 idest,
1127 3279 1373 3375 nihilominus
1396 3302 1470 3374 pon
1497 3278 1558 3375 pro
1585 3286 1614 3357 it

440 3424 531 3477 seme
548 3404 604 3476 del
620 3405 804 3495 pioupcre,
822 3402 908 3496 quia
935 3408 1080 3495 tempus
1106 3407 1162 3475 est
1192 3400 1393 3496 medicina,
1418 3423 1492 3477 non
1518 3424 1611 3497 que-

441 3523 540 3615 rele,
562 3518 691 3613 perone*
713 3524 776 3594 mc
794 3540 975 3613 vcrpopnu
997 3528 1100 3614 porte
1123 3522 1182 3594 dei
1200 3529 1259 3594 tuo
1278 3542 1416 3614 errore,
1434 3543 1521 3597 cum
1552 3544 1612 3599 re-

441 3642 658 3740 cognoveris
683 3642 801 3739 ipsum
828 3662 909 3717 esse
934 3641 1126 3734 maiorem,
1153 3662 1172 3713 c
1194 3638 1326 3733 perclrd
1352 3644 1397 3714 sii
1419 3637 1483 3735 piri
1505 3648 1612 3738 sorte,

441 3761 604 3858 periculo
629 3768 695 3836 tuo
721 3762 837 3836 iactus
864 3760 1047 3857 providus,
1071 3760 1209 3833 edendo
1234 3763 1268 3833 le
1291 3764 1420 3852 orenc,
1446 3782 1531 3855 quae
1555 3762 1614 3835 in-

441 3886 569 3955 cautos
594 3887 769 3977 mergunt
794 3881 831 3955 in
856 3878 977 3955 medio
995 3886 1267 3976 tempestatum,
1286 3880 1388 3974 idest,
1406 3886 1505 3955 artes
1521 3882 1613 3957 iibe-
1706 3878 1710 3885 ’

443 4002 549 4095 rates,
575 4006 613 4075 et
638 4000 778 4095 poetica
803 4000 998 4098 precipue,
1021 4020 1106 4095 quae
1130 4000 1285 4074 dulciter
1309 4007 1459 4075 cantant
1483 4008 1521 4076 et
1545 4022 1613 4076 sua

442 4119 682 4195 delectatione
706 4120 895 4195 abducunt
920 4120 1087 4194 homines
1112 4140 1135 4193 a
1169 4139 1273 4193 sacra
1299 4119 1490 4215 scriptura.
1512 4120 1615 4195 Unde

443 4238 690 4335 Hieronymus
715 4241 785 4314 hoc
811 4246 985 4334 expertus
1010 4238 1113 4313 dicit:
1140 4238 1352 4314 daemonum
1371 4239 1475 4315 cibus
1492 4260 1615 4315 sermo

443 4359 618 4454 poeticus,
644 4359 830 4434 saecuiaris
855 4360 1005 4435 scientia
1032 4359 1301 4434 rhetoricorum
1323 4380 1456 4454 pompa
1482 4360 1615 4434 verbo-

445 4499 542 4551 rum.
567 4480 612 4552 Et
637 4480 695 4556 hic
720 4486 817 4576 nota,
844 4480 942 4574 quod
968 4479 1214 4576 Hieronymus
1239 4480 1309 4553 hoc
1334 4480 1429 4573 dicit,
1456 4479 1542 4573 quia
1567 4481 1615 4557 ad

444 4605 589 4693 tempus
605 4609 795 4676 amoratus
816 4600 1060 4696 pulcritudine
1084 4599 1268 4674 dictarum
1293 4599 1529 4675 scientiarum
1557 4601 1612 4677 ia-

444 4719 610 4795 stidiebat
635 4740 778 4795 sacram
805 4720 1038 4815 scripturam,
1064 4720 1172 4794 cuius
1188 4739 1313 4795 sermo
1329 4720 1523 4795 ridebatur
1547 4720 1614 4795 sibi

445 4842 622 4936 incultus;
645 4842 744 4917 unde
767 4847 893 4938 postea
911 4860 996 4915 curu
1018 4840 1184 4914 animum
1205 4841 1385 4916 convertit
1409 4841 1456 4915 ad
1480 4840 1613 4936 divina,

444 4982 569 5038 sermo
593 4960 756 5056 poeticus
782 4962 899 5037 iactus
925 4966 980 5036 est
1005 4958 1109 5035 cibus
1137 4961 1370 5056 angelorum,
1396 4960 1490 5036 sicut
1513 4966 1614 5057 patet

446 5083 484 5157 in
518 5080 674 5176 epistolis
712 5087 749 5157 et
785 5080 824 5156 in
860 5079 939 5155 aliis
976 5078 1076 5153 libris
1107 5080 1184 5153 suis
1216 5080 1428 5177 purpuratis
1464 5080 1615 5156 floribus
