4575 6842
823 994 963 1049 caurus
988 992 1134 1047 seruus.
1494 978 1565 1043 ll'l

395 1145 551 1215 matrem
569 1130 606 1231 (¹)
633 1138 752 1213 Crassi
777 1144 815 1212 et
831 1137 962 1230 tiliam;
980 1155 1053 1210 nun
1074 1134 1197 1209 timuit
1213 1134 1333 1209 Deum
1352 1154 1420 1211 neo
1438 1140 1567 1209 terrae·-

394 1265 549 1334 motum.
571 1258 614 1331 Et
631 1264 674 1331 ut
690 1257 762 1332 cito
779 1256 1008 1349 concludam,
1026 1254 1148 1330 Caesar
1169 1254 1298 1329 habuit
1319 1255 1459 1329 maiora
1480 1254 1567 1330 vitia

393 1384 432 1455 et
449 1379 607 1453 maiores
624 1377 778 1452 virtutes
794 1397 908 1470 quam
926 1375 1123 1472 Pompeius
1142 1394 1314 1467 magnum
1328 1373 1391 1449 sed
1408 1380 1568 1470 uterque

394 1500 540 1596 petebat
557 1518 728 1594 regnum,
751 1504 909 1591 uterque
923 1497 1089 1592 ingratus
1105 1494 1244 1591 patriae,
1263 1502 1422 1589 uterque
1434 1495 1568 1571 obscu-

396 1621 490 1698 ravit
514 1620 668 1717 gloriam
695 1617 831 1715 patris3
857 1625 895 1693 et
917 1623 1023 1713 pater
1040 1614 1201 1710 Pompeii
1223 1616 1419 1712 Pompeius
1436 1616 1566 1690 Strabo

395 1741 548 1816 fulmine
573 1759 768 1836 percussus
793 1745 858 1813 est.
877 1741 988 1811 -Di
1011 1740 1090 1831 puel
1107 1740 1168 1810 cte
1183 1740 1229 1832 se.
1258 1736 1321 1811 llic
1346 1736 1569 1811 Iustinianus

321 1878 324 1881 ’
396 1882 483 1939 cum
504 1860 642 1958 optimo
659 1859 788 1935 ordine
805 1858 1023 1935 transcurrit
1039 1858 1163 1952 aliqua
1190 1856 1283 1933 bella
1302 1856 1420 1932 civilia
1443 1864 1480 1932 et
1500 1856 1569 1931 ho-

396 1980 489 2057 stilia
514 1980 666 2057 Caesaris
691 1978 857 2076 Augusti,
882 1980 946 2075 qui
971 1978 1038 2052 luit
1062 1977 1158 2052 lilius
1184 1976 1375 2072 adoptivus
1396 1983 1433 2051 et
1449 1978 1569 2051 lraeres

399 2101 563 2179 Caesaris.
587 2099 817 2194 adquorum
844 2099 1089 2196 cognitionem
1116 2104 1172 2173 est
1189 2098 1349 2173 breviter
1367 2098 1570 2191 sciendum,

398 2221 508 2317 quod,
525 2220 619 2295 sicut
639 2226 758 2316 potest
774 2218 893 2315 colligi
910 2238 957 2293 er
974 2218 1094 2313 Floro,
1112 2218 1230 2293 Tullio
1247 2224 1285 2294 et
1308 2218 1398 2313 aliis,
1422 2223 1571 2293 mortuo

258 2384 262 2389 ·
398 2343 553 2434 cesare,
579 2338 689 2415 Gaius
706 2338 878 2414 Octavius
893 2339 1041 2435 juvenis
1066 2339 1194 2415 decem
1212 2345 1295 2415 octo
1311 2331 1348 2431 (²)
1373 2360 1571 2432 annorum,

398 2461 462 2557 qui
480 2460 649 2535 studebat
662 2458 863 2555 indrede,
877 2459 1046 2534 celeriter
1063 2460 1163 2534 venit
1179 2460 1355 2553 Romam3
1372 2458 1432 2533 ubi
1448 2457 1569 2533 statim

398 2584 542 2657 Marcus
562 2580 738 2656 Antonius
754 2580 822 2654 luit
839 2578 905 2653 sibi
922 2579 1086 2672 infestus,
1108 2579 1196 2674 quia
1212 2578 1384 2655 Octavius
1401 2585 1481 2655 erat
1498 2579 1574 2676 pri-

400 2723 484 2776 mus
496 2704 615 2776 lraeres
629 2705 847 2776 testamento
857 2700 1155 2795 Caesaris3quare
1164 2698 1210 2775 ad
1220 2698 1500 2795 opprimendum
1510 2700 1574 2795 ju-

401 2842 533 2898 venem
543 2821 653 2918 coepit
666 2840 818 2895 movere
831 2820 981 2913 bellum,
991 2840 1076 2895 cum
1092 2826 1241 2894 senatus
1254 2817 1571 2913 iaveretOctavi03

402 2947 441 3017 et
450 2932 488 3035 (³)
497 2942 575 3038 jam
594 2946 722 3037 parato
739 2940 901 3015 exercitu
917 2929 1124 3015 in'Galliam
1142 2939 1351 3035 cisalpinam
1370 2940 1571 3015 circumse-

400 3061 453 3136 dit
469 3060 644 3137 Mutinam
663 3060 955 3136 florentissimam
973 3060 1155 3136 coloniam
1175 3059 1236 3134 ubi
1255 3068 1335 3136 erat
1347 3061 1520 3137 Decimus
1535 3049 1572 3153 (⁸)

402 3184 553 3276 Brutus3
566 3182 630 3257 sed
643 3182 814 3257 Octavius
826 3188 864 3256 et
876 3181 951 3256 duo
963 3182 1133 3256 consules
1146 3180 1284 3257 Hirtius
1297 3188 1333 3257 et
1346 3183 1462 3257 Pansa
1476 3181 1576 3255 missi

401 3309 568 3379 asenatu
578 3302 830 3376 liberaverunt
838 3302 993 3375 Brutum
1009 3300 1155 3377 duobus
1168 3301 1305 3397 proeliis
1318 3302 1427 3377 tertio
1438 3322 1576 3397 mense,

401 3430 440 3499 et
465 3428 626 3515 utroque
650 3422 802 3497 consule
826 3422 959 3515 occiso,
977 3420 1150 3497 Octavius
1169 3422 1285 3497 victor
1303 3424 1403 3498 solus
1421 3422 1579 3497 obtinuit

401 3549 476 3619 tres
501 3542 686 3617 exercitus
709 3542 830 3618 adhuc
856 3542 1043 3637 privatus:
1067 3542 1246 3618 Antonius
1263 3544 1436 3619 exclusus
1456 3565 1479 3619 a
1498 3546 1579 3618 Μυ-

403 3662 479 3737 tina
505 3662 711 3737 fidelissima
736 3662 879 3737 colonia
905 3668 1075 3757 receptus
1098 3662 1137 3737 in
1163 3664 1298 3739 Parma
1327 3664 1578 3740 crudelissime

402 3782 598 3857 trucidavit
622 3802 835 3879 parmenses
860 3782 958 3858 virus
983 3782 1139 3878 optimos
1165 3790 1202 3858 et
1222 3784 1494 3859 honestissimos
1511 3786 1579 3859 ho·

403 3902 522 3977 mines
545 3923 634 3977 cum
659 3901 766 3977 Lutiu
791 3901 948 3977 Antonio
973 3903 1087 3979 tratre
1113 3923 1202 3997 suo;
1226 3903 1293 3978 iuit
1310 3904 1408 3979 enim
1434 3906 1579 3980 Marcus

404 4022 583 4098 Antonius
607 4022 777 4118 crudelis,
803 4024 1021 4117 vinulentus,
1047 4044 1221 4121 praeceps,
1247 4024 1431 4122 prodiguS,
1450 4046 1579 4101 vorax.

406 4144 537 4220 Postea
569 4144 748 4220 Antonius
781 4150 820 4220 et
851 4144 1023 4219 Octavim
1057 4144 1258 4221 concordes
1293 4144 1377 4219 lacti
1412 4146 1580 4221 vicerunt

406 4265 572 4339 llarcum
597 4265 755 4339 Brutum
781 4272 819 4341 et
843 4265 975 4340 Gaium
1001 4264 1167 4340 Cassium
1193 4264 1230 4339 in
1258 4264 1452 4359 Thessalia,
1486 4266 1582 4340 sicut

406 4384 582 4479 scriptum
610 4391 665 4459 est
680 4385 814 4461 lnierni
832 4384 992 4480 capitulo
1009 4384 1151 4459 ultimo.
1169 4383 1341 4459 Octavius
1360 4384 1486 4459 relicto
1506 4383 1582 4458 lin·

407 4502 507 4579 toniu
532 4505 567 4577 in
593 4504 736 4580 oriente
753 4505 853 4580 venit
877 4504 915 4578 in
939 4505 1092 4599 ltaliam,
1109 4511 1148 4581 et
1168 4524 1254 4580 cum
1276 4503 1454 4580 divideret
1471 4516 1582 4601 agros

406 4624 482 4699 suis
508 4624 702 4719 veteranis,
728 4625 856 4700 Lutius
880 4625 1058 4700 Antonius
1084 4624 1140 4699 vir
1167 4624 1314 4719 pessimi
1335 4624 1481 4722 ingenii,
1500 4624 1582 4699 imi-

407 4750 503 4820 tator
528 4744 651 4821 tratris
671 4745 708 4819 iu
726 4745 944 4838 temeritate,
962 4744 1134 4823 incitante
1151 4744 1279 4820 Fulvia
1301 4765 1420 4821 uxore
1436 4744 1581 4821 Antonii

405 4864 499 4940 ririli
516 4866 666 4942 loemina
685 4866 796 4962 ooepit
813 4886 965 4941 movere
981 4865 1120 4944 bellum
1137 4871 1267 4941 contra
1279 4864 1471 4941 Octavium
1493 4888 1581 4944 oum

468 5050 497 5116 (¹)
513 5050 546 5103 ll.
560 5064 670 5103 uxorem
685 5051 777 5104 emt
964 5052 993 5114 (¹)
1008 5056 1032 5115 t,
1048 5052 1140 5105 decan
1155 5066 1248 5106 norom
1265 5067 1402 5106 annornm.

469 5126 1185 5196 ‘'tlt-ettdeoprratoaxerrltntntirlllrelnlpinr.
1325 5130 1518 5195 (ultumum
