4575 6842
824 980 964 1036 cunnus
989 980 1151 1036 neamus.
1503 969 1574 1038 377

401 1128 573 1218 οιίοιινιις
599 1133 637 1200 et
661 1145 751 1200 vere
776 1127 978 1200 claustrum
1014 1124 1122 1200 dulce
1151 1132 1207 1199 est
1238 1133 1275 1200 et
1306 1127 1412 1220 quasi
1443 1129 1576 1202 umbra

405 1246 558 1340 paradisi
584 1245 621 1319 in
643 1246 799 1339 mund03
817 1245 880 1320 ubi
897 1245 1074 1318 saeoulum
1094 1252 1150 1320 est
1165 1265 1337 1320 amarum
1355 1253 1393 1322 et
1409 1247 1574 1324 infernus

272 1435 275 1442 .
403 1367 616 1442 viventium.
643 1367 688 1440 Et
712 1365 893 1440 concludit
920 1365 1096 1440 Picharda
1132 1365 1168 1438 in
1198 1367 1293 1440 lacto
1322 1387 1404 1460 suo,
1433 1368 1576 1444 dicens:

402 1492 515 1562 eDin
539 1491 571 1560 si
593 1509 635 1560 so
663 1489 725 1578 poi
753 1489 837 1577 quat
869 1489 940 1558 mia
973 1489 1044 1560 vita
1072 1490 1157 1582 (usi,
1183 1487 1269 1582 quia
1296 1486 1363 1562 luit
1392 1489 1514 1563 brevis
1540 1490 1576 1562 in

403 1628 558 1704 corpore
582 1607 728 1681 infirmo
755 1605 791 1680 in
821 1613 947 1682 sancto
979 1607 1174 1702 proposito.
1188 1614 1284 1682 -Ε
1312 1617 1439 1701 questo.
1471 1609 1576 1682 Nunc

403 1728 578 1805 Picharda
604 1727 774 1801 describit
790 1726 900 1802 aliam
916 1727 1091 1822 animam,
1110 1750 1194 1822 quae
1211 1729 1279 1802 luit
1296 1729 1334 1803 in
1352 1729 1459 1802 simili
1476 1735 1577 1804 sorte

404 1871 544 1942 secum,
570 1848 652 1923 licet
677 1869 750 1922 non
778 1848 946 1924 babuerit
971 1849 1144 1924 eumdem
1172 1850 1325 1924 exitum.
1343 1851 1387 1924 Et
1410 1858 1451 1924 ut
1471 1850 1577 1926 litera

402 1989 559 2063 sequens
585 1969 630 2040 sit
655 1968 799 2062 clarior,
825 1974 969 2063 oportet
986 1969 1090 2063 scire,
1109 1969 1208 2063 quod
1226 1972 1305 2043 bec
1326 1989 1460 2066 magna
1480 1970 1578 2045 Con·

403 2088 532 2164 stantia
560 2088 627 2162 luit
653 2087 724 2162 iilia
749 2087 919 2163 Guilelmi
946 2087 1131 2180 quondam
1158 2087 1286 2182 optimi
1308 2088 1405 2184 regis
1424 2087 1575 2182 Sioilioe5

404 2211 441 2284 in
466 2209 573 2284 cuius
597 2213 683 2282 ortu
709 2209 858 2302 quidam
884 2209 1046 2283 toacbim
1080 2209 1233 2284 Calaber
1264 2209 1390 2304 spiritu
1421 2210 1577 2303 propbe-

403 2330 474 2404 tico
501 2331 657 2422 dotatus
684 2328 850 2424 praedixit
874 2328 1057 2402 Guilelmo
1087 2328 1199 2402 liliam
1231 2336 1354 2402 numm
1384 2328 1577 2404 Sintuaeot

402 2450 513 2524 ltaliae
544 2449 804 2524 desolationem
836 2450 1012 2523 loturam.
1045 2449 1122 2524 Rex
1154 2450 1324 2524 vaticinio
1354 2449 1578 2545 stupefactus

403 2579 440 2645 et
465 2571 628 2664 territus,
653 2570 740 2665 quia
765 2572 812 2645 ab
841 2577 994 2665 experto
1025 2569 1198 2645 credebat
1232 2570 1312 2644 viro
1345 2571 1578 2665 amplissimae

404 2690 621 2795 autoritatis„
640 2697 728 2785 ,post
752 2691 898 2787 longam
926 2690 1200 2764 meditationem
1222 2691 1361 2784 volens,
1385 2691 1415 2764 si
1443 2697 1576 2786 posset,

406 2818 578 2887 avertere
602 2811 718 2884 latum
746 2831 871 2907 regno,
894 2811 1072 2886 dedicavit
1098 2811 1212 2906 ipsam
1240 2812 1316 2886 lieo
1342 2812 1378 2884 in
1404 2813 1577 2904 claustro,

406 2939 447 3006 ut
470 2931 522 3006 sio
547 2930 666 3004 omnis
691 2950 772 3024 spes
798 2930 864 3002 viri
891 2930 949 3005 vel
968 2931 1028 3004 lilii
1046 2932 1249 3006 tolleretur.
1267 2931 1358 3018 Quae
1378 2951 1463 3004 cum
1478 2931 1578 3026 jam·
1702 2946 1706 2952 “

404 3053 465 3127 din
491 3056 616 3126 sancte
641 3051 789 3126 vixisset
815 3051 850 3124 in
876 3051 962 3144 otio,
990 3059 1139 3126 mortuo
1165 3050 1393 3126 sanctissimo
1416 3059 1521 3146 patre
1541 3058 1579 3126 et

404 3173 517 3247 fratre
541 3172 632 3265 eius,
659 3192 732 3244 non
758 3176 906 3246 extante
931 3171 1077 3245 baerede
1101 3170 1277 3266 legitimo,
1304 3170 1453 3263 quidam
1482 3170 1578 3243 l'an·

404 3294 537 3368 credus
562 3293 726 3389 Regulus
750 3291 796 3366 de
822 3292 932 3386 stirpe
956 3291 1191 3366 transversali
1208 3290 1367 3386 suscepit
1384 3291 1488 3386 regni
1506 3312 1578 3386 gn-

404 3414 660 3506 bernacnlnm,
686 3418 724 3487 et
748 3420 827 3507 post
852 3432 939 3487 enm
958 3411 1163 3486 Guilelmus
1181 3411 1329 3506 iuvenis
1354 3411 1450 3484 lilius
1475 3412 1576 3504 eius;

405 3555 452 3610 ex
477 3554 553 3628 quo
583 3534 719 3608 lactum
747 3540 814 3626 est,
841 3541 881 3608 ιιι
911 3534 1033 3607 nobile
1068 3553 1228 3628 regnum
1259 3533 1369 3608 variis
1394 3531 1509 3625 furiis,
1536 3538 1578 3605 ιιι

405 3654 505 3749 οΙῑιιι,
532 3660 730 3729 vexaretur
754 3654 856 3729 bellis
882 3661 918 3728 et
943 3654 1181 3729 seditionibus
1201 3653 1386 3729 intestinis.
1409 3654 1578 3748 Quapro-

406 3781 487 3870 pter
511 3773 702 3849 decretum
730 3782 784 3849 est
801 3795 869 3869 pro
887 3774 1062 3868 remedio,
1080 3780 1122 3847 ut
1139 3774 1348 3848 Constantia
1367 3773 1579 3848 traderetur

404 3894 513 3968 alicui
541 3915 674 3991 magno
695 3893 858 3989 principi,
876 3894 983 3967 cuius
1001 3892 1161 3987 potentia
1187 3900 1225 3966 et
1248 3913 1361 3987 opem
1378 3913 1577 3968 succurre-

405 4021 511 4089 retur
535 4033 662 4110 regno.
688 4014 848 4088 Tandem
868 4035 952 4088 cum
973 4032 1109 4107 magno
1127 4013 1254 4086 labore
1270 4019 1308 4086 et
1327 4012 1411 4086 dolo
1430 4013 1488 4086 vix
1511 4014 1578 4087 nb—

405 4141 547 4210 tentum
574 4141 641 4227 est,
660 4140 700 4207 ut
721 4134 928 4209 Constantia
953 4155 976 4208 a
1003 4133 1187 4230 religionis
1204 4132 1387 4227 proposito
1406 4153 1577 4209 movere·

406 4261 468 4328 tur
484 4249 539 4351 (¹);
565 4261 601 4329 et
625 4256 874 4330 consentiente
899 4275 1048 4328 summo
1073 4253 1247 4329 Pontillce
1276 4253 1398 4347 nupsit
1421 4253 1578 4328 Henrico

407 4376 618 4470 imperatori
634 4375 705 4450 lilio
722 4374 893 4449 Fridericl
907 4376 933 4449 l.
952 4375 995 4448 ut
1010 4375 1174 4470 deposito
1192 4375 1407 4470 virginitatis
1424 4374 1577 4470 pudore,

405 4516 518 4589 quam
545 4502 760 4590 perpetuam
787 4495 864 4569 Deo
889 4502 1042 4571 voverat
1066 4495 1103 4569 in
1129 4495 1215 4588 vita,
1234 4495 1400 4591 concepit
1424 4516 1471 4570 ex
1499 4495 1579 4570 viro

405 4634 490 4689 curn
517 4614 759 4689 admiratione
784 4615 965 4709 omniurn,
985 4637 1071 4690 oum
1092 4615 1171 4709 jam
1197 4621 1294 4689 esset
1319 4617 1443 4690 vetula
1470 4615 1579 4709 quin-

407 4733 580 4830 quaginta
619 4733 784 4828 quinque
820 4755 1015 4808 annorum.
1051 4735 1142 4810 Cum
1181 4743 1307 4809 autem
1342 4736 1412 4810 boc
1450 4735 1576 4809 lictum

406 4855 621 4932 crederetur
645 4875 669 4929 a
697 4855 829 4948 multis,
855 4855 902 4930 ad
928 4853 1123 4929 tollendam
1149 4876 1300 4931 omnem
1320 4855 1576 4951 suspicionem,

466 5115 494 5178 ι’)
508 5115 535 5167 S.
551 5122 740 5168 removeretur.
