4575 6842
769 992 906 1049 caurus
931 995 1123 1050 vruusruus
1147 996 1276 1050 nonus.
1536 986 1607 1054 lar

436 1136 670 1234 evangeliste
694 1138 880 1234 precipue
906 1138 1078 1212 muniunt
1099 1138 1210 1212 istum
1232 1157 1408 1235 currum3
1425 1160 1474 1215 un
1498 1158 1608 1215 curro

435 1259 601 1352 mansula
629 1262 668 1332 in
694 1278 737 1333 su
765 1262 832 1333 dua
863 1266 975 1352 ructo,
1004 1278 1088 1353 quae
1117 1256 1230 1333 etiam
1254 1265 1405 1354 possunt
1428 1260 1498 1336 dici
1524 1262 1608 1337 duae

437 1378 533 1475 vitae,
559 1379 677 1455 activa
703 1384 740 1453 et
769 1378 1063 1474 contemplativa,
1096 1379 1154 1453 vel
1185 1379 1259 1454 duo
1289 1380 1412 1475 populi
1438 1382 1608 1478 judaicus

437 1503 474 1575 et
490 1498 859 1595 percunctatione
875 1502 965 1573 ‹l'rm
980 1502 1116 1593 prison,
1130 1498 1194 1593 qui
1209 1499 1320 1574 babet
1336 1508 1446 1596 caput
1462 1504 1607 1597 aquilae,

438 1626 544 1693 bauo
570 1636 697 1713 oanne3
724 1618 810 1712 quia
836 1619 1000 1694 Christus
1032 1618 1176 1713 estqui
1208 1619 1320 1693 trabit
1345 1622 1536 1695 ecclesiam
1562 1623 1609 1698 ad

438 1760 489 1815 se.
504 1740 547 1813 Et
558 1738 680 1813 subdit
695 1745 820 1814 actum
837 1740 969 1837 gryphi
983 1734 1020 1833 (¹)
1039 1740 1181 1814 dicens:
1198 1747 1232 1813 ct
1246 1762 1337 1832 esso,
1354 1740 1502 1836 scilicet,
1520 1762 1609 1839 grys

438 1860 543 1955 phua,
570 1862 693 1933 madan
717 1880 772 1953 su,
799 1880 928 1935 versus
954 1860 1102 1954 coelum,
1127 1862 1236 1934 lucc
1266 1882 1285 1932 a
1318 1862 1435 1934 tate
1448 1865 1517 1953 cle,
1543 1882 1611 1958 per

429 1980 536 2054 'intus
570 1986 710 2075 septem
743 1979 852 2072 listas,
886 1964 984 2055 unde
1021 1979 1128 2054 dicit:
1164 1986 1223 2053 tra
1260 1984 1297 2054 ta
1330 2001 1551 2055 mezzanae
1580 1985 1612 2055 la

438 2106 491 2173 tre
514 2122 534 2174 e
558 2106 611 2173 tra
636 2103 729 2196 lista;
754 2100 855 2196 quod
881 2107 937 2175 est
960 2100 1084 2175 dicere
1100 2100 1196 2175 iuter
1220 2108 1296 2176 tres
1321 2107 1358 2175 et
1384 2108 1459 2176 tres
1483 2103 1609 2198 lineas,

438 2220 557 2295 media
576 2227 790 2297 remanente
806 2220 901 2296 inter
919 2228 1118 2316 utramque
1134 2222 1310 2316 elamita
1329 2222 1427 2316 quod
1445 2225 1610 2319 gryphus

437 2342 473 2417 in
499 2342 621 2417 medio
645 2342 806 2416 duarum
832 2342 975 2417 alarum
998 2342 1206 2417 continebat
1225 2343 1359 2418 lineam
1382 2344 1555 2438 mediam,
1572 2352 1611 2419 et

438 2463 596 2539 babebat
619 2464 669 2539 ab
695 2484 770 2537 uno
795 2464 911 2539 latere
935 2469 1010 2538 tres
1035 2462 1161 2557 lineas,
1179 2463 1226 2537 ab
1242 2463 1314 2537 alio
1338 2464 1428 2538 alias
1452 2470 1538 2540 tres.
1565 2467 1611 2539 lit

437 2584 562 2661 dicunt
586 2584 699 2679 aliqui
725 2583 823 2679 quod
849 2583 927 2658 istae
959 2590 1098 2678 septem
1129 2584 1236 2658 linere
1265 2589 1351 2657 sunt
1379 2592 1518 2679 septem
1550 2607 1611 2661 sah

438 2711 628 2781 eramenta
653 2705 826 2780 ecclesie.
845 2705 889 2778 lit
913 2704 1018 2779 dicit:
1043 2696 1074 2777 si
1098 2706 1187 2778 ct’a
1211 2708 1322 2797 nulla,
1342 2705 1489 2800 scilicet,
1507 2706 1609 2801 lists,

435 2827 624 2921 sentiendo,
649 2823 751 2917 idest,
778 2823 1067 2918 secundulum
1086 2827 1198 2917 malm
1216 2825 1303 2918 quia
1323 2825 1467 2899 nullum
1485 2846 1610 2901 saera·

440 2951 608 3021 mentum
622 2944 882 3019 contundebat:
900 2950 1007 3020 erant
1026 2950 1153 3020 autem
1172 2944 1249 3019 istae
1266 2953 1407 3041 septem
1424 2944 1530 3021 linere
1549 2968 1610 3023 re·

439 3064 714 3141 verberationes
735 3063 1052 3158 candelabrorum,
1070 3084 1156 3158 quae
1174 3073 1447 3159 precesserant.
1466 3068 1510 3139 llt
1526 3072 1609 3141 tan*

438 3186 491 3284 git
516 3190 716 3277 utramque
741 3189 913 3258 naturam
940 3182 1071 3258 Gbristi
1099 3183 1137 3257 in
1168 3205 1244 3258 uno
1275 3204 1442 3280 corpore,
1467 3186 1607 3261 dicens:

438 3312 535 3381 tanto
559 3307 698 3379 suliocn
721 3306 782 3377 alte
805 3324 877 3377 non
901 3323 990 3377 eran
1017 3306 1119 3397 obte;
1136 3303 1223 3397 quia
1241 3323 1309 3378 uec
1326 3303 1457 3378 oculus
1477 3326 1609 3400 corpo-

437 3426 535 3519 ralis,
560 3444 628 3499 nec
653 3423 906 3499 intellectualis
937 3421 1087 3518 *potest
1112 3423 1239 3497 videre
1267 3422 1509 3518 divinitatem
1527 3424 1608 3500 ideo

438 3544 656 3620 benedicit:
682 3550 719 3619 et
744 3543 804 3618 ille
827 3544 1002 3641 gryphus,
1021 3545 1052 3616 lc
1069 3543 1226 3616 membra
1242 3546 1351 3616 d'oro
1372 3564 1475 3638 ovea,
1495 3564 1609 3636 puca-

438 3668 462 3739 t’
474 3686 538 3739 era
563 3666 703 3758 accello,
732 3671 913 3757 quantum
937 3662 984 3737 ad
1003 3661 1242 3756 divinitatem,
1261 3682 1345 3756 quae
1367 3670 1423 3737 est
1440 3663 1609 3738 incorru-

437 3783 581 3880 ptibilis,
615 3782 863 3858 immortalis*
878 3774 928 3877 (¹),
958 3804 977 3855 c
1006 3781 1310 3877 muneratae,
1349 3790 1530 3876 quantum
1561 3786 1609 3859 arl

437 3924 588 3981 caruem
614 3903 816 3977 humanam
841 3922 984 3998 puram.
1013 3902 1056 3975 lit
1080 3900 1188 3977 dicit:
1223 3904 1261 3975 di
1289 3905 1469 3993 nantolio
1499 3907 1608 3996 mute,

440 4025 526 4119 quia
544 4023 722 4121 sanguine
740 4023 924 4097 rubricata
942 4022 978 4096 in
996 4022 1072 4117 ipsa
1090 4022 1256 4118 passione
1272 4012 1383 4115 (31-
1397 4026 1485 4097 Non.
1504 4024 1609 4100 Nunc

440 4150 546 4241 poeta
563 4144 690 4219 rolens
706 4144 871 4218 exaltare
887 4142 1235 4238 supereminentiam
1247 4130 1283 4235 (⁴)
1302 4162 1437 4218 currus
1453 4152 1492 4218 et
1507 4143 1609 4220 ducis

441 4264 682 4360 triumphalis,
702 4264 798 4358 dicit,
816 4264 916 4357 quod
940 4284 1014 4338 non
1039 4269 1159 4358 potest
1179 4263 1345 4339 invenire
1364 4264 1609 4359 comparatio-

441 4406 526 4461 nem
544 4385 711 4482 dignam3
730 4390 854 4459 tamen
872 4383 967 4458 inter
984 4382 1262 4479 gloriosissimos
1279 4383 1390 4459 duces
1408 4386 1610 4482 triumpha-

440 4508 493 4581 les
505 4506 668 4581 nominat
684 4504 778 4579 duos
795 4504 876 4599 plus
892 4504 1107 4579 accedentes
1120 4504 1168 4578 ad
1180 4505 1428 4600 propositum:
1446 4528 1606 4601 quorum

438 4626 533 4701 alter
558 4624 822 4720 rempublicam
850 4622 1113 4718 periclitantem
1132 4617 1348 4699 mirabiliter
1365 4628 1609 4723 recuperavit,

512 4888 518 4917 ,
713 4886 719 4899 .

443 4960 446 4965 ’
500 4888 530 5027 {¹}
543 4886 581 5013 Il:
592 4886 742 5025 motii:
757 4962 766 5013 i
782 4962 833 5013 tlua
848 4958 981 5011 asteriscbl
997 4972 1044 5010 aon
1059 4960 1171 5024 supplite
1185 4960 1256 5025 ‹lugll
1271 4962 1332 5012 altri
1347 4966 1388 5013 tra
1404 4960 1500 5013 chicl.
1543 4938 1548 4945 ⁴

501 5040 529 5103 (⁸)
546 5040 577 5090 E.
593 5040 709 5103 passione
724 5040 837 5091 atumem
854 5036 958 5089 Domini
973 5036 1035 5087 lesu
1050 5036 1153 5088 Christi.
1163 5038 1268 5090 -Νοη,

504 5115 530 5178 ll
546 5120 599 5177 ¹¹⁷,
615 5116 881 5181 superexcellentiam.
