4575 6842
651 965 656 974 '
698 967 744 1036 30
1056 977 1260 1032 conandum
1284 977 1503 1032 runeamnu

698 1147 783 1202 cum
810 1125 916 1201 vinco
942 1125 988 1199 ad
1011 1125 1196 1198 arborem.
1215 1124 1259 1196 111
1275 1123 1449 1198 continuo
1466 1123 1728 1218 superveniens
1745 1134 1869 1219 pastor

697 1247 914 1342 peregrinus
939 1246 1042 1319 illum
1063 1243 1203 1338 accepit
1227 1250 1265 1318 et
1289 1243 1438 1318 donarit
1455 1243 1600 1319 cuidam
1618 1244 1665 1318 de
1681 1243 1868 1340 Coryntho

698 1367 762 1461 qui
787 1366 945 1462 portarit
970 1385 1056 1439 eum
1084 1364 1129 1438 ad
1155 1365 1327 1458 Meropen
1354 1383 1510 1437 uxorem
1535 1363 1650 1437 Polibi
1681 1363 1779 1458 regis
1803 1384 1870 1438 co-

699 1485 930 1582 rynthiorum
950 1489 1136 1559 carentem
1156 1483 1256 1557 omni
1275 1484 1388 1578 prole.
1409 1483 1494 1558 ldeo
1518 1504 1541 1556 a
1567 1503 1656 1579 rege
1681 1489 1718 1558 et
1743 1484 1870 1581 regina

700 1611 889 1700 susceptus
914 1612 970 1680 est
995 1604 1031 1677 in
1058 1604 1173 1677 hlium
1191 1605 1294 1680 velut
1322 1604 1455 1676 missus
1480 1625 1502 1677 a
1529 1605 1635 1699 coelo,
1661 1625 1745 1679 cum
1774 1625 1870 1700 prae-

701 1725 867 1800 tenderet
892 1725 1049 1799 indolem
1078 1725 1252 1820 regalem,
1270 1731 1308 1798 et
1324 1729 1551 1798 vocaverunt
1575 1744 1662 1798 eum
1688 1723 1869 1820 OEdipum

700 1865 724 1920 a
758 1845 918 1940 pedibus.
952 1843 1112 1938 OEdipus
1149 1843 1263 1939 igitur
1300 1843 1417 1918 iactus
1430 1836 1468 1935 (¹)
1501 1843 1649 1938 juvenis
1687 1844 1871 1920 formosus

703 1963 804 2037 lortis
838 1964 976 2038 habens
1012 1963 1178 2037 animum
1209 1968 1247 2036 et
1276 1981 1399 2036 mores
1433 1962 1586 2057 regales,
1616 1963 1741 2037 audito
1770 1965 1870 2058 quod

703 2104 777 2157 non
803 2090 883 2158 erat
909 2083 1002 2156 lilius
1027 2082 1140 2155 Polibi
1167 2089 1294 2176 captus
1323 2081 1502 2156 desiderio
1534 2083 1775 2177 cognoscendi
1805 2105 1871 2180 pa-

703 2210 811 2296 trem,
836 2204 985 2278 obtenta
1010 2203 1155 2276 licentia
1180 2202 1376 2276 difficulter
1397 2201 1575 2294 aPolibo,
1592 2201 1691 2277 venit
1715 2204 1761 2278 ad
1786 2225 1873 2279 ora-

702 2326 828 2400 culum
855 2323 1075 2419 delphicum,
1093 2323 1156 2397 ubi
1173 2323 1312 2397 audivit
1338 2321 1438 2416 quod
1462 2328 1604 2418 patrem
1630 2322 1811 2398 inveniret
1836 2325 1874 2398 in
2023 2341 2026 2348 ·

704 2445 872 2540 Phocide,
890 2452 928 2519 et
949 2449 1106 2519 matrem
1133 2451 1258 2538 postea
1283 2444 1434 2518 duceret
1459 2444 1497 2517 in
1522 2455 1690 2519 uxorem.
1708 2445 1778 2533 Qui
1795 2451 1875 2518 stu-

705 2566 869 2662 petactus
890 2563 1036 2640 devenit
1054 2563 1090 2636 in
1107 2563 1315 2658 Phocidem,
1339 2563 1401 2638 ubi
1426 2571 1508 2638 orta
1533 2564 1708 2638 seditione
1721 2555 1758 2657 (²)
1779 2565 1875 2640 inter

705 2685 868 2760 forenses
893 2691 931 2759 et
955 2683 1064 2777 cives,
1090 2683 1200 2757 Laius
1232 2684 1357 2757 volens
1388 2683 1518 2757 sedare
1548 2684 1647 2758 litem
1679 2703 1874 2778 percussus

706 2804 774 2879 luit
799 2804 919 2900 gladio
944 2803 992 2878 ab
1008 2802 1145 2897 OEdipo
1162 2792 1219 2897 (ἧς
1237 2802 1367 2877 deinde
1387 2803 1537 2877 veniens
1553 2803 1694 2877 Thebas
1711 2803 1875 2899 incogni-

707 2931 767 2999 tus
794 2924 887 3000 sorte
912 2923 998 3018 quia
1024 2923 1244 2998 credebatur
1260 2910 1297 3014 (⁸)
1322 2921 1417 2995 lilius
1435 2922 1532 3017 regis
1551 2923 1676 3017 Poiibi,
1694 2924 1800 2997 datus
1820 2930 1876 2998 est

706 3045 744 3118 in
770 3045 890 3119 virum
917 3046 1080 3138 locastae,
1103 3064 1189 3136 quae
1212 3043 1333 3117 adhuc
1357 3043 1570 3136 deplorabat
1595 3050 1752 3118 mortem
1779 3045 1876 3139 laii3

708 3184 820 3258 quam
843 3162 1004 3258 OEdipus
1029 3163 1183 3237 libenter
1213 3162 1353 3256 accepit
1377 3162 1514 3236 ‘timens
1548 3183 1595 3237 ne
1625 3163 1777 3239 duceret
1801 3167 1878 3240 lle·

708 3305 822 3379 ropen
848 3304 961 3377 quam
992 3283 1166 3357 credebat
1196 3301 1276 3356 esse
1306 3288 1463 3356 matrem
1498 3304 1616 3356 suam.
1648 3285 1764 3379 Igitur
1795 3287 1878 3360 laete

710 3424 869 3499 regnans
894 3403 1021 3500 genuit
1046 3409 1208 3495 quatuor
1234 3401 1325 3476 filios
1354 3422 1401 3476 ex
1431 3409 1570 3477 matre:
1597 3404 1658 3478 sed
1685 3425 1772 3480 ecce
1798 3426 1879 3480 ma-

708 3542 780 3620 gna
808 3530 908 3618 peste
934 3529 1019 3596 nata
1040 3522 1075 3594 in
1093 3521 1250 3616 civitate,
1272 3523 1361 3595 dum
1384 3530 1616 3617 quaereretur
1636 3524 1768 3598 modus
1789 3546 1879 3619 pur-

709 3643 865 3740 gationis
890 3643 936 3716 de
962 3663 1078 3737 more,
1104 3642 1260 3716 Tiresias
1286 3643 1470 3716 maximus
1503 3662 1625 3739 augur
1654 3644 1755 3739 dixit,
1781 3645 1880 3739 quod
1958 3630 1962 3638 ’

709 3782 899 3856 nunquam
915 3753 952 3854 (⁵)
979 3768 1139 3836 cessaret
1171 3761 1291 3857 pestis,
1319 3761 1385 3836 nisi
1415 3763 1556 3836 occisor
1588 3763 1699 3857 patris
1730 3770 1768 3838 et
1801 3785 1881 3837 ma-

711 3883 854 3956 culatur
879 3881 1006 3954 matris
1038 3882 1286 3975 deponeretur
1319 3901 1341 3955 a
1377 3902 1514 3978 regno;
1544 3891 1582 3958 et
1610 3883 1709 3956 hunc
1738 3883 1882 3958 dicebat

711 4021 792 4076 esse
815 4001 1006 4097 OEdipum.
1033 4003 1087 4076 Re
1112 4002 1294 4076 horrenda
1324 4001 1477 4096 detecta,
1510 4002 1630 4075 omnis
1654 4010 1710 4078 est
1734 4004 1882 4079 turbata

711 4122 853 4217 laetitia3
875 4128 912 4197 et
931 4124 1074 4196 locasta
1092 4122 1305 4217 deplorante
1325 4121 1479 4195 infames
1496 4121 1639 4216 nuptias
1658 4142 1754 4217 suas,
1772 4122 1883 4198 OEdi-

712 4264 780 4338 pus
805 4243 947 4318 abiecto
972 4243 1099 4317 babitu
1127 4242 1241 4338 regali
1266 4246 1395 4336 sponte
1419 4241 1517 4316 eruit
1547 4242 1614 4342 sibi
1643 4244 1770 4318 oculos
1784 4227 1882 4319 ¹cum

710 4363 830 4459 digitis
855 4369 892 4438 et
917 4365 954 4437 in
981 4369 1178 4458 perpetuas
1204 4361 1373 4435 tenebras
1398 4380 1439 4435 se
1464 4361 1667 4435 damnavit:
1685 4363 1792 4437 cuius
1818 4365 1885 4437 tri-

712 4482 845 4557 stitiam
873 4483 934 4558 lilii
959 4483 1179 4577 deriserunt,
1202 4488 1239 4556 et
1265 4480 1444 4556 maledicti
1470 4503 1494 4556 a
1518 4488 1623 4577 patre
1647 4485 1790 4558 accensi
1817 4507 1885 4560 cu-

712 4603 859 4698 piditate
885 4603 1061 4701 regnandi
1088 4602 1234 4678 tandem
1262 4610 1514 4677 convenerunt
1539 4609 1581 4676 ut
1607 4624 1682 4678 uno
1708 4612 1886 4702 regnante

713 4741 955 4818 perannum,
976 4725 1069 4798 alter
1095 4725 1275 4797 exularet.
1302 4722 1373 4796 Sed
1398 4742 1484 4797 cum
1510 4728 1591 4816 post
1614 4743 1754 4797 annum
1774 4725 1904 4801 11160·-

778 4953 806 5017 (¹)
823 4957 877 5016 117,
894 4953 978 5005 lactus
994 4959 1042 5006 est.
1338 4955 1366 5014 lb
1381 4955 1408 5004 S.
1424 4955 1556 5006 divim.

778 5030 806 5092 (⁸)
823 5029 853 5080 B.
868 5029 971 5093 OEdtpo
987 5031 1055 5096 lpm3
1072 5031 1173 5082 deinde.
1340 5030 1368 5094 (⁸)
1384 5031 1411 5082 S.
1427 5031 1571 5085 ridebntur.

780 5105 808 5170 (⁸)
824 5105 855 5156 Ε.
870 5119 1003 5171 nunquam
1019 5107 1142 5158 delineret
1157 5121 1206 5158 uec
1223 5113 1336 5159 cenaret
1350 5108 1419 5158 dicta
1435 5109 1521 5172 penta
