4575 6842
760 979 901 1037 monus
924 982 1119 1038 nummus
1143 983 1273 1038 NONUS·
1531 971 1601 1038 195

431 1127 519 1222 qnia
543 1133 619 1203 tota
644 1127 712 1202 ista
737 1126 864 1202 militia
889 1128 1066 1202 transibat
1090 1148 1157 1223 per
1183 1128 1300 1224 ripam
1324 1128 1511 1204 llatbildis.
1531 1130 1603 1204 Per

430 1249 500 1323 boc
525 1269 599 1324 non
624 1249 704 1324 vult
738 1247 837 1322 alind
870 1247 994 1323 dicere
1023 1247 1089 1323 nisi
1124 1268 1211 1322 cum
1243 1247 1293 1322 illi
1323 1249 1485 1324 seniores
1515 1250 1605 1325 scri-

431 1375 556 1464 ptores
585 1367 720 1444 reteris
749 1367 852 1464 legis,
881 1367 976 1442 sicut
1004 1370 1158 1465 Moyses,
1188 1368 1313 1463 Esdra,
1339 1369 1449 1446 lsaias
1477 1377 1513 1445 et
1544 1370 1605 1446 alii

431 1489 645 1564 transissent
670 1508 810 1581 omnes,
836 1486 1044 1563 successive
1071 1494 1253 1563 venerunt
1277 1489 1472 1584 scriptores
1497 1511 1604 1565 novae

432 1608 532 1705 legis.
559 1609 604 1682 nt
627 1606 798 1683 describit
823 1609 902 1683 baec
929 1608 1101 1682 animalia
1132 1614 1313 1703 quantum
1346 1609 1393 1683 ad
1425 1609 1604 1704 habitum,

432 1729 574 1804 dicens:
600 1749 742 1820 ommno
766 1749 832 1802 era
853 1736 1006 1820 penante
1030 1731 1069 1802 dt
1090 1732 1142 1803 sei
1160 1733 1222 1824 cti,
1247 1729 1336 1824 quia
1358 1730 1431 1806 alte
1456 1732 1606 1806 volave-

433 1857 532 1945 runt,
557 1853 589 1923 te
607 1871 722 1943 pmoe
735 1853 836 1943 piene
852 1852 887 1923 ‹t’
899 1852 1007 1942 occdi,
1034 1851 1122 1944 quia
1141 1851 1266 1925 omnia
1286 1857 1396 1926 acute
1415 1851 1605 1947 viderunt3

433 1969 533 2063 quod
556 1970 685 2065 pulcre
709 1969 870 2044 declarat
894 1969 1075 2044 dicecere
1098 1974 1150 2062 pli
1173 1974 1270 2045 cccli
1285 1975 1433 2066 d’Arpo,
1455 1972 1518 2066 qui
1539 1972 1607 2046 ba-

433 2089 544 2164 bebat
568 2096 719 2164 centum
744 2091 883 2185 oculos,
907 2091 1074 2164 sorebber
1097 2095 1214 2186 cocali,
1237 2090 1339 2186 idest,
1363 2092 1498 2168 similes
1518 2093 1607 2188 istis,

432 2233 470 2284 se
491 2215 607 2305 sosser
632 2213 714 2302 vivi,
740 2210 835 2286 sicut
859 2217 965 2285 erant
989 2211 1085 2286 oculi
1103 2211 1257 2286 istorum
1279 2212 1505 2287 animalium.
1524 2213 1608 2290 Fuit

432 2333 560 2408 antem
586 2331 708 2429 Argus
731 2338 857 2427 pastor
882 2353 1039 2430 magnus
1068 2333 1200 2428 plenus
1227 2334 1353 2428 oeulis,
1380 2334 1425 2408 de
1452 2355 1527 2429 quo
1551 2335 1606 2409 di-

433 2459 540 2529 cetur
565 2453 602 2526 in
624 2452 949 2548 capituloXXX113
967 2452 1171 2548 etquidem
1194 2454 1321 2528 volunt
1342 2454 1442 2548 quod
1459 2456 1608 2552 physice

434 2572 572 2668 figurat
596 2573 747 2667 coelum,
772 2572 872 2666 qnod
897 2573 1007 2648 babet
1032 2572 1069 2646 in
1094 2593 1135 2646 se
1159 2572 1302 2647 diversa
1321 2574 1460 2647 lumina
1487 2567 1609 2650 stella·

436 2713 541 2765 rum:
568 2697 605 2766 et
629 2692 681 2766 sic
705 2691 851 2766 videtur
875 2691 999 2766 dicere
1023 2691 1121 2786 quod
1147 2692 1317 2766 animalia
1339 2692 1408 2767 ista
1426 2694 1609 2769 habebant

437 2812 564 2886 oculos
597 2813 763 2887 celestes
794 2817 832 2886 et
863 2810 1047 2908 sydereos.
1061 2819 1153 2886 -A
1185 2815 1371 2888 desetor.
1403 2813 1468 2888 llic
1501 2821 1610 2910 poeta

438 2938 590 3006 excuset
614 2952 656 3006 se
680 2932 710 3005 si
735 2931 843 3006 nimis
869 2951 981 3027 parce
1012 2931 1183 3006 describit
1215 2937 1290 3006 tam
1321 2933 1501 3028 stupenda
1529 2935 1611 3008 ani-

440 3054 570 3149 malia;
591 3060 629 3128 et
649 3059 867 3129 convertens
884 3073 924 3127 se
944 3052 991 3127 ad
1016 3053 1205 3147 lectorem,
1225 3052 1330 3127 dicit:
1353 3057 1516 3146 Otettor,
1537 3075 1610 3128 oon

437 3195 572 3268 sparpo
597 3169 662 3267 pid
689 3177 791 3266 nme,
823 3193 954 3248 versus
974 3165 1011 3264 (⁴)
1043 3172 1281 3269 rhythmicos
1307 3195 1331 3246 a
1355 3167 1530 3248 desmver
1555 3178 1612 3248 tor

435 3298 563 3389 fortite,
592 3294 695 3388 idest,
721 3292 860 3390 figuras
885 3291 1006 3367 varias
1031 3292 1125 3367 sicut
1151 3299 1248 3367 esset
1272 3292 1430 3386 decens3
1457 3299 1494 3367 et
1525 3311 1612 3369 ecce

440 3433 578 3507 qnare:
603 3415 760 3487 cb’attra
784 3432 887 3505 spese
918 3414 967 3484 mi
993 3415 1139 3505 stricare,
1176 3411 1324 3506 scilicet,
1358 3412 1428 3488 alia
1459 3433 1518 3488 res
1548 3412 1615 3487 de-

441 3532 632 3608 scribenda
657 3554 705 3608 ex
729 3532 863 3627 debito,
890 3539 987 3605 moto
1010 3535 1112 3604 citio
1137 3539 1257 3625 questa
1286 3552 1358 3604 ooo
1376 3553 1486 3625 posse
1519 3553 1614 3606 esser

441 3657 560 3748 carpo,
588 3654 775 3748 quianon
802 3673 951 3748 possum
977 3651 1059 3747 plus
1083 3652 1293 3748 expendere
1321 3652 1368 3727 ad
1402 3653 1616 3727 satisfactio·

442 3795 529 3852 nem
554 3774 659 3849 istius
683 3775 812 3850 debiti:
839 3775 926 3868 qnia
954 3773 1066 3847 babet
1090 3772 1214 3847 statim
1243 3772 1452 3848 describere
1480 3773 1613 3848 ducem

443 3896 554 3972 totins
579 3895 727 3990 militie,
753 3895 836 3970 ideo
860 3915 935 3969 non
960 3892 1040 3969 vult
1059 3893 1187 3988 largus
1204 3913 1285 3968 esse
1302 3893 1484 3988 inservis,
1503 3915 1552 3968 ne
1572 3893 1617 3968 sit

444 4036 579 4111 parcus
603 4015 641 4088 in
665 4014 825 4089 domino.
851 4015 897 4088 Et
921 4013 952 4087 si
976 4013 1071 4086 torte
1102 4014 1218 4087 lector
1247 4012 1356 4088 vellet
1380 4012 1462 4107 plns
1486 4013 1618 4088 audire

445 4137 492 4212 de
516 4136 684 4230 materia,
710 4134 862 4210 remittit
891 4155 978 4210 eum
1010 4132 1056 4207 ad
1085 4139 1231 4208 certum
1261 4139 1443 4226 autorem,
1473 4131 1617 4207 dicens:

445 4278 505 4330 mo
531 4259 623 4348 eppe
653 4259 823 4350 lizecto‘et²
863 4255 1012 4350 scilicet,
1049 4255 1278 4350 prophetam,
1313 4256 1373 4327 cle
1406 4257 1431 4327 li
1463 4256 1615 4349 depipne,

447 4375 552 4470 idest,¹
574 4375 746 4450 describit
769 4376 891 4472 primo
916 4375 1087 4471 capitulo,
1112 4395 1210 4447 come
1234 4377 1260 4448 o·
1284 4375 1364 4448 eide
1395 4375 1494 4445 venir
1518 4375 1618 4447 dalla

445 4499 576 4590 liedda
601 4503 720 4589 parte,
756 4496 962 4589 scilicet‚a
1001 4494 1280 4589 septemtrione,
1309 4515 1376 4567 coo
1405 4500 1517 4587 vento,
1554 4515 1621 4568 coo

447 4615 579 4690 nobee
607 4635 675 4688 con
705 4618 795 4707 ipre.
824 4615 924 4690 Unde
952 4613 1119 4688 Ezechiel
1151 4613 1237 4688 dicit
1270 4613 1342 4688 ibi:
1377 4617 1463 4706 Vidi,
1488 4621 1522 4688 et
1545 4636 1621 4689 ecce

448 4740 568 4808 cento
593 4735 739 4808 echinis
763 4735 920 4809 emebat
946 4735 992 4808 ab
1016 4735 1187 4825 apolone
1216 4739 1249 4806 et
1282 4733 1389 4807 nubes
1420 4755 1554 4826 mappa
1588 4742 1623 4809 et

448 4857 541 4945 ipses
565 4856 758 4945 evolvere,
782 4861 817 4928 et
836 4857 1003 4947 splendor
1026 4857 1065 4926 tc
1089 4856 1233 4936 circuito
1257 4856 1330 4928 eius
1353 4858 1422 4929 etc.
1441 4855 1485 4928 Et
1501 4853 1623 4930 subdit

514 5117 899 5183 pudentillam
