4575 6842
722 971 860 1026 caurus
885 969 1076 1026 vrsusruus
1102 971 1296 1027 sucunuus.
1544 957 1589 1026 ll

423 1115 495 1188 vita
511 1120 649 1190 attente
665 1115 885 1190 auscultavit
900 1121 938 1189 et
956 1115 1155 1188 ruminavit
1170 1107 1265 1189 dicta
1280 1115 1416 1212 Virgilii
1428 1123 1466 1190 et
1474 1115 1591 1210 ‘Statii

422 1241 459 1310 et
484 1237 599 1310 multa
625 1237 747 1310 didicit
777 1241 926 1331 poetare
955 1236 1002 1310 ab
1033 1243 1195 1331 utroque
1224 1257 1374 1332 eorum3
1406 1238 1489 1312 ideo
1518 1256 1592 1313 uon

420 1356 586 1453 ingratus
611 1357 727 1430 reddit
752 1356 804 1430 eis
829 1355 993 1430 debitum
1021 1357 1210 1430 bonorem.
1225 1361 1349 1430 -tla
1370 1364 1467 1430 tosto.
1485 1357 1591 1432 Nunc

421 1482 527 1572 poeta
545 1476 713 1551 describit
729 1477 940 1572 generalem
960 1497 1105 1570 poenam
1124 1497 1198 1571 qua
1217 1477 1274 1550 bic
1294 1488 1500 1574 purgantur
1516 1499 1588 1574 gu-

421 1597 497 1670 losi.
523 1595 576 1670 Ad
601 1594 706 1670 cuius
732 1617 849 1690 poenae
865 1590 900 1688 (¹)
929 1596 1203 1691 intelligentiam
1230 1603 1285 1670 est
1317 1596 1376 1670 bic
1405 1597 1590 1690 perspica-

421 1717 511 1792 citer
535 1715 762 1810 intuendum,
781 1715 880 1811 quod
900 1724 1010 1791 autor
1036 1724 1160 1792 noster
1185 1716 1270 1790 lacit
1290 1716 1473 1792 fictionem
1500 1736 1587 1790 cum

422 1857 553 1930 magna
582 1842 663 1910 arte
693 1837 819 1910 utilem
849 1843 887 1911 et
916 1836 1179 1911 delectabilem.
1210 1837 1329 1933 Fingit
1358 1837 1456 1910 euim
1483 1837 1587 1930 quod

420 1955 555 2051 reperit
579 1955 615 2028 iu
643 1955 763 2030 medio
788 1955 858 2030 viae
884 1977 994 2030 unam
1027 1958 1199 2031 arborem
1233 1959 1415 2032 excelsam
1450 1958 1590 2031 baben·

419 2082 493 2150 tem
521 2095 629 2171 poma
661 2079 798 2172 pulcra,
835 2077 974 2170 suavia,
1000 2077 1194 2171 odorifera,
1220 2077 1326 2150 cuius
1358 2077 1477 2151 forma
1507 2083 1590 2152 erat

419 2185 600 2270 contraria
627 2196 758 2270 nostris
783 2197 988 2270 arboribus.
1012 2197 1127 2291 Stipes
1148 2197 1247 2270 enim
1272 2197 1352 2271 eius
1378 2204 1458 2270 erat
1482 2217 1590 2292 gros-

419 2337 482 2390 sus
507 2316 664 2410 desuper
690 2317 753 2390 ubi
779 2317 870 2390 solet
887 2337 967 2391 esse
984 2337 1089 2411 apex,
1107 2321 1144 2390 et
1161 2336 1228 2411 per
1244 2336 1474 2409 consequens
1493 2316 1587 2389 rami

419 2437 620 2534 grossiores
645 2443 751 2512 erant
775 2437 945 2531 superius
972 2436 1034 2510 ubi
1059 2437 1176 2511 solent
1201 2457 1281 2511 esse
1307 2435 1524 2529 subtiliores,
1552 2443 1590 2511 et

420 2563 525 2631 erant
551 2557 706 2631 revoluti
732 2557 918 2650 deorsum,
945 2557 994 2630 ita
1021 2563 1062 2630 ut
1091 2577 1201 2631 nemo
1232 2555 1430 2629 ascendere
1455 2562 1586 2651 posset.

420 2680 463 2753 ut
487 2701 509 2754 a
535 2680 653 2752 latere
678 2679 809 2753 montis
828 2679 1073 2770 llrrebataqua
1092 2678 1363 2772 levissimam,
1383 2677 1586 2772 perspicua,

419 2821 503 2893 quae
529 2799 682 2874 iaciebat
707 2799 932 2873 contrarium
960 2807 1171 2871 nostrarum
1189 2818 1390 2892 aquarum3
1412 2799 1496 2892 quia
1521 2798 1583 2871 ubi
1617 2799 1621 2806 '

417 2927 551 2994 nostrae
568 2941 674 3013 aquae
691 2919 861 2992 balneant
875 2927 1011 2993 terram
1030 2918 1074 2992 ad
1093 2919 1203 3014 pedes
1218 2918 1370 3011 arboris,
1384 2917 1444 2992 illa
1457 2938 1587 2992 ascen·

416 3041 525 3114 debat
551 3059 616 3134 per
641 3039 724 3111 lolia
750 3039 868 3132 pomi;
895 3039 1011 3134 gulosi
1037 3045 1162 3113 autem
1182 3045 1279 3111 stant
1302 3038 1372 3110 sub
1397 3037 1531 3110 arbore
1548 3043 1586 3110 et

418 3159 650 3253 respicientes
684 3158 857 3232 continuo
890 3159 1050 3232 lructum
1083 3159 1228 3232 dulcem
1265 3156 1514 3232 delectabilem
1547 3163 1586 3230 et

416 3299 565 3373 aquam,
591 3278 802 3352 alliciuntur
827 3297 973 3372 semper
994 3277 1091 3351 lame
1116 3282 1154 3351 ot
1177 3277 1244 3350 siti.
1263 3277 1367 3350 Nunc
1386 3276 1432 3349 ad
1451 3295 1585 3370 propo·

404 3399 525 3473 situm
542 3423 551 3472 :
570 3399 628 3472 bic
646 3405 700 3473 est
716 3397 1078 3472 convenientissimus
1100 3397 1230 3471 modus
1247 3396 1427 3493 purgandi
1454 3397 1583 3469 vitium

414 3519 626 3616 gulositatis,
654 3527 694 3592 ut
718 3519 853 3592 scilicet
877 3519 1029 3614 gulosus
1050 3518 1177 3592 videns
1201 3524 1239 3592 et
1264 3517 1423 3592 sentiens
1448 3518 1584 3592 cibaria
1670 3581 1673 3587 .
1765 3563 1768 3570 -

415 3639 609 3734 splendida,
635 3639 786 3713 delicata
812 3647 850 3714 et
875 3639 1000 3712 suavia
1019 3639 1102 3711 vina
1128 3659 1200 3712 non
1223 3644 1347 3734 tangat
1364 3637 1427 3712 sed
1444 3640 1580 3713 alliciat

415 3761 540 3858 gulam
567 3766 604 3836 et
629 3767 778 3856 gustum
806 3760 903 3833 lame
923 3765 959 3834 et
976 3758 1044 3851 siti,
1067 3764 1104 3832 et
1120 3758 1300 3832 abstineat
1316 3777 1339 3831 a
1356 3756 1444 3831 cibis
1461 3765 1498 3831 et
1515 3779 1581 3852 po·

418 3881 512 3954 tibus
538 3879 714 3974 pretiosis,
736 3883 772 3953 ei
789 3883 916 3951 utatur
933 3877 1063 3951 vilibus
1080 3884 1118 3952 et
1133 3877 1287 3973 grossis3
1314 3877 1411 3971 quod
1432 3878 1582 3973 egregie

416 4001 597 4097 liguratur
624 4000 659 4073 in
691 4000 757 4074 bac
789 3999 932 4072 arbore.
963 3999 1053 4071 Nam
1084 4019 1194 4093 poma
1224 4018 1309 4092 quae
1340 4004 1425 4071 suut
1454 3997 1583 4092 pulcra

417 4121 508 4195 visui
534 4127 571 4194 et
600 4120 718 4194 dulcia
749 4119 883 4214 gustui,
911 4117 1070 4215 figurant
1100 4119 1224 4192 omnia
1254 4137 1393 4213 genera
1424 4117 1582 4192 cibario·

416 4232 552 4333 ruml¹l
587 4247 624 4314 et
654 4239 926 4335 appetibilium:
952 4258 1048 4330 aqua
1084 4237 1205 4310 suavis
1238 4244 1277 4310 et
1311 4237 1411 4310 clara
1445 4236 1581 4331 ligarat

414 4381 524 4436 omne
549 4381 666 4457 genus
691 4361 929 4455 poculorum:
957 4357 1055 4451 quod
1080 4358 1193 4430 arbor
1222 4365 1277 4431 cst
1307 4377 1436 4430 eversa
1465 4358 1515 4430 ita
1539 4365 1583 4430 ut

415 4483 537 4554 nullus
554 4480 752 4556 ascendere
769 4480 901 4572 valeat,
920 4479 1054 4574 figurat
1070 4478 1349 4572 prohibitionem
1368 4497 1452 4571 quae
1470 4483 1583 4574 auget

415 4601 764 4696 concupiscentiam3
785 4600 834 4673 ita
853 4599 951 4693 quod
970 4605 1316 4693 quantumcumque
1332 4599 1444 4671 bomo
1461 4598 1582 4672 videat

415 4725 452 4796 et
477 4721 606 4794 sentiat
636 4722 702 4794 ista
737 4720 969 4794 incitamenta
990 4719 1112 4814 gula,
1137 4717 1316 4790 abstineat
1345 4717 1392 4790 ab
1422 4717 1486 4811 eis,
1512 4737 1580 4793 nec

376 4839 378 4842 ’
411 4847 539 4914 currat
563 4840 669 4915 avide
692 4839 738 4914 ad
764 4859 821 4933 ea,
846 4838 939 4912 sicut
965 4837 1070 4912 multi
1101 4837 1220 4910 viliter
1235 4828 1271 4928 (³)
1305 4836 1451 4910 iaciunt.
1486 4837 1580 4912 Gula

473 5027 501 5132 (ἱ)
518 5029 548 5154 ξ.
565 5027 697 5155 Adlculus
713 5029 810 5079 scilicet
825 5041 916 5092 pruna.
1065 5025 1092 5088 (¹)
1109 5025 1138 5076 Ε.
1154 5025 1274 5075 ciborum
1290 5023 1475 5088 appetibilium.

474 5109 501 5167 (l
530 5105 547 5154 ¹⁴.
566 5106 612 5156 riri
625 5107 681 5156 iter.
