4575 6842
689 943 759 1008 152
1052 948 1257 1004 COHENTUM
1282 948 1502 1004 cunensem!

691 1119 751 1171 ras
775 1102 812 1170 et
837 1095 984 1170 castella
1009 1100 1177 1190 potenter
1202 1095 1403 1190 acquisivit.
1431 1095 1547 1169 Huius
1572 1095 1667 1170 lilius
1687 1097 1782 1171 Atho
1799 1116 1863 1171 ca·

689 1223 806 1290 strum
819 1217 987 1291 Cauossae
1002 1215 1284 1312 inexpugnabile
1296 1214 1455 1291 condidit
1467 1215 1503 1288 in
1517 1214 1694 1290 comitatu
1708 1216 1858 1312 Regino,

687 1337 749 1411 ubi
775 1343 902 1432 postea
927 1335 1104 1410 blathildis
1129 1356 1225 1431 saepe
1250 1355 1394 1409 moram
1413 1335 1508 1428 lecit,
1527 1341 1564 1408 et
1582 1335 1697 1410 multa
1715 1335 1764 1408 ibi
1781 1355 1859 1408 ma-

687 1457 819 1554 gnifice
844 1458 928 1554 egit.
955 1459 1007 1530 Er
1033 1457 1175 1531 Athone
1205 1463 1313 1529 natus
1343 1463 1398 1530 est
1431 1455 1646 1549 Tbedaldus,
1678 1455 1857 1530 virtutum

690 1586 928 1675 paternarum
955 1578 1127 1672 imitator,
1154 1576 1214 1652 cui
1240 1597 1333 1672 papa
1359 1575 1536 1652 concessit
1560 1576 1744 1651 civitatem
1771 1578 1860 1651 Fer-

692 1699 810 1773 rariae.
837 1700 890 1772 Ex
916 1699 1097 1773 Tbedaldo
1114 1705 1239 1772 autem
1262 1705 1369 1772 natus
1389 1704 1444 1772 est
1461 1697 1616 1794 inclytus
1642 1697 1858 1791 Bonitaclus,

690 1820 750 1895 cui
777 1826 880 1914 pater
905 1818 1051 1911 reliquit
1076 1819 1291 1892 thesaurum
1310 1826 1347 1893 et
1363 1817 1568 1892 dominium
1586 1837 1776 1914 magnum.
1795 1818 1860 1891 llic

691 1939 895 2014 Bonilaclus
924 1938 1055 2012 claruit
1086 1939 1228 2033 magnis
1262 1939 1470 2032 virtutibus
1504 1939 1560 2012 vir
1591 1944 1775 2031 strenuus,
1801 1959 1861 2012 sa·

691 2061 802 2155 piens,
828 2059 864 2131 in
890 2057 1061 2131 omnibus
1085 2057 1258 2151 providus
1284 2065 1322 2133 et
1345 2058 1520 2152 liberalis3
1542 2059 1672 2153 quiex
1695 2057 1858 2134 Beatrice

691 2199 809 2254 uxore
839 2177 1054 2273 probissima
1088 2177 1217 2273 genuit
1249 2178 1458 2273 Matbildim,
1493 2186 1530 2253 et
1561 2186 1732 2253 mortuus
1761 2199 1859 2252 anno

689 2297 831 2374 Domini
858 2299 960 2391 lllLll,
987 2298 1151 2394 sepultus
1180 2305 1235 2374 est
1264 2301 1431 2372 Mantuae.
1466 2301 1550 2373 Post
1581 2320 1692 2393 quem
1725 2299 1860 2372 coniux

560 2449 564 2456 ·
690 2423 770 2496 elus
787 2419 934 2516 egregia
954 2418 1136 2494 comitissa
1152 2420 1297 2496 Beatrix
1313 2421 1402 2494 vixit
1419 2420 1524 2495 annis
1541 2421 1666 2517 viginti
1685 2420 1859 2515 quinque,

684 2533 728 2616 'et
753 2547 901 2614 mortua
922 2540 1022 2634 iacet
1046 2540 1145 2614 Pisis.
1173 2540 1348 2614 Matbildis
1365 2548 1490 2614 autem
1509 2540 1658 2614 illustris
1677 2539 1860 2614 comitissa

692 2660 891 2736 succedens
915 2661 1138 2754 parentibus,
1164 2658 1330 2734 omnium
1358 2660 1542 2734 maiorum
1568 2661 1771 2735 claritatem
1796 2680 1860 2733 su-

691 2801 834 2876 perans,
847 2780 884 2853 in
901 2779 1060 2854 femineo
1077 2801 1168 2855 seru
1190 2782 1344 2857 virtutes
1367 2787 1404 2855 et
1426 2800 1549 2855 mores
1575 2780 1694 2855 viriles
1716 2800 1860 2876 gerens,

692 2903 785 2975 lacta
812 2907 867 2976 est
893 2901 1132 2974 famosissima
1160 2901 1282 2975 multis
1299 2903 1337 2976 in
1354 2902 1476 2998 reguis
1493 2902 1588 2996 apud
1609 2902 1743 2976 multos
1760 2902 1861 2996 prin-

691 3022 800 3116 cipes,
826 3022 923 3095 inter
947 3042 1041 3113 quos
1066 3021 1215 3114 quidam
1242 3021 1337 3095 illius
1364 3021 1507 3117 nuptias
1538 3023 1758 3117 petiverunt
1786 3025 1860 3096 lla-

690 3141 809 3215 tbildis
846 3146 973 3216 autem
1011 3142 1245 3236 magnanima
1288 3150 1445 3216 matrem
1485 3142 1677 3216 ecclesiam
1716 3162 1862 3237 semper

691 3261 869 3336 indefesse
893 3260 1051 3334 defendit
1074 3269 1203 3336 contra
1224 3262 1422 3336 llenricum
1439 3262 1496 3356 lv,
1524 3263 1587 3356 qui
1613 3262 1722 3358 impie
1748 3283 1860 3337 vexa·

690 3383 742 3457 vit
766 3401 910 3477 papam,
937 3387 974 3455 et
999 3381 1154 3454 schisma
1181 3381 1379 3474 pessimum
1412 3382 1505 3475 lecit,
1538 3389 1663 3458 creato
1701 3382 1860 3484 quodam

689 3502 858 3597 antipapa
876 3500 1052 3574 Guiberto
1066 3494 1117 3594 (¹),
1135 3502 1234 3595 quod
1251 3501 1398 3575 duravit
1419 3501 1541 3598 viginti
1561 3509 1723 3596 quatuor
1739 3503 1861 3596 annis;

690 3643 759 3696 nec
792 3641 891 3694 mors
924 3621 1186 3716 superveniens
1219 3621 1336 3717 ipsum
1371 3621 1488 3715 potuit
1519 3642 1540 3695 a
1571 3621 1720 3717 pertidia
1754 3642 1863 3696 revo-

690 3762 787 3818 care.
822 3743 975 3834 Propter
1012 3741 1110 3834 quod
1148 3742 1324 3815 Malbildis
1356 3741 1497 3838 magnis
1527 3741 1696 3816 fluctibus
1727 3742 1862 3839 agitata

690 3862 855 3936 animum
882 3882 1028 3956 semper
1054 3861 1171 3936 tenuit
1196 3861 1466 3936 inconcussum.
1485 3861 1536 3936 Eo
1562 3862 1740 3956 siquidem
1767 3868 1862 3937 tem-

691 4002 781 4077 pore
805 3983 951 4056 Mantua
976 3981 1105 4055 nobilis
1136 3989 1174 4054 et
1187 3999 1191 4006 ·
1205 3989 1333 4076 potens
1365 3981 1491 4056 civitas
1524 3982 1618 4056 lacta
1651 3982 1716 4055 sibi
1743 3981 1863 4056 rebel-

692 4102 745 4196 lis,
771 4093 862 4194 se(¹)
889 4101 987 4176 dedit
1011 4101 1248 4196 imperatori;
1281 4108 1318 4175 et
1345 4102 1408 4175 diu
1434 4101 1470 4176 in
1495 4102 1727 4177 contumacia
1754 4101 1861 4176 stetit.

691 4222 859 4297 Ferraria
886 4223 996 4298 etlam
1022 4222 1164 4314 deiecit,
1190 4222 1253 4297 sed
1279 4222 1350 4296 cito
1364 4213 1401 4315 (³)
1430 4223 1545 4298 rediit.
1573 4225 1616 4298 Et
1641 4231 1721 4319 post
1747 4225 1863 4298 multa

690 4348 793 4440 gesta
827 4341 957 4417 'victrix
995 4342 1179 4417 comitissa
1218 4341 1364 4416 landem
1403 4343 1590 4418 Mantuam
1625 4350 1706 4439 post
1737 4344 1862 4440 viginti

691 4469 853 4558 quatuor
876 4482 993 4536 annos
1020 4463 1161 4558 magnis
1194 4461 1332 4536 viribus
1364 4462 1509 4538 reduxit
1539 4463 1585 4538 ad
1617 4464 1860 4540 obedientiam

690 4604 810 4658 suam.
844 4583 944 4658 licet
978 4589 1104 4658 autem
1138 4583 1314 4656 blatbildis
1346 4583 1456 4658 rebus
1496 4585 1632 4660 bellicis
1671 4585 1863 4682 magnilica

691 4705 908 4798 intenderet,
927 4703 1069 4801 magnis
1087 4710 1211 4778 tamen
1231 4703 1415 4797 obsequiis
1433 4702 1617 4800 religionis
1642 4711 1680 4780 et
1706 4705 1787 4780 fidei
1805 4706 1865 4801 pie

692 4826 858 4917 vacabat,
886 4826 1002 4898 multa
1032 4825 1171 4898 donans
1203 4823 1444 4918 pauperibus3
1479 4824 1700 4899 monasteria
1731 4826 1862 4899 nobilia

757 5087 784 5148 (¹)
801 5086 831 5136 E.
847 5085 960 5137 (ilberto.
1053 5088 1081 5150 (¹)
1099 5091 1152 5147 ll'l,
1169 5100 1196 5138 re
1212 5087 1331 5138 reddldll.
1426 5087 1736 5146 l¹l117‚cllondfldom
1751 5089 1835 5140 rediit.
