4575 6842
846 994 986 1052 murus
1010 996 1181 1052 ocravos.
1530 983 1601 1051 tsi

427 1150 533 1241 soto,
557 1140 705 1233 scilicet,
729 1140 789 1216 illa
813 1142 879 1215 lux
904 1140 999 1218 tacta
1023 1148 1125 1217 tauta
1141 1146 1180 1215 et
1198 1141 1288 1235 talis,
1306 1121 1438 1233 quomo
1460 1164 1480 1215 e
1499 1144 1602 1233 quote

432 1266 549 1339 sidio
573 1265 617 1337 lei
637 1266 702 1356 sor
720 1265 815 1354 pice,
841 1260 879 1337 iu
904 1260 1154 1356 magnitudine
1179 1267 1217 1335 et
1240 1260 1436 1357 luciditate,
1453 1282 1521 1355 per
1545 1264 1601 1335 ol-

429 1388 598 1478 teprezza
613 1382 730 1476 ηοω
747 1380 815 1456 ista
831 1380 956 1476 anima
972 1380 1093 1456 iuerat
1108 1382 1192 1457 laeta
1210 1380 1246 1455 in
1267 1381 1352 1475 vita,
1373 1374 1498 1475 erat(¹)
1517 1383 1601 1456 laeta

429 1504 469 1579 in
492 1505 600 1598 ooelo,
624 1508 663 1578 et
692 1520 792 1575 nunc
821 1500 931 1577 tertio
960 1501 1054 1577 lacta
1085 1508 1141 1577 est
1170 1502 1287 1578 laetior
1316 1502 1362 1579 ad
1391 1504 1600 1600 petitionem

430 1624 593 1719 autoris3
619 1622 719 1698 uude
751 1622 854 1697 dicit:
886 1625 947 1697 ote
976 1624 1193 1717 suomebbe,
1228 1623 1330 1717 idest,
1367 1624 1601 1719 multiplicata

431 1753 499 1841 est,
523 1746 696 1837 mundio
711 1745 835 1837 partas·
853 1745 921 1816 alle
936 1746 1134 1835 olteprezzc
1151 1763 1224 1836 sue,
1243 1746 1292 1817 mi
1307 1745 1415 1816 disse:
1431 1745 1603 1817 ilmondo

431 1868 478 1939 m'
489 1866 570 1939 ebbe
592 1858 653 1957 pot
666 1885 757 1958 poco
773 1872 886 1957 tempo
893 1889 910 1957 ;
927 1864 1032 1958 quasi
1052 1864 1166 1939 dicat:
1191 1885 1323 1960 parum
1342 1864 1415 1937 vixi
1434 1864 1470 1938 in
1490 1871 1601 1958 terra,

431 2006 464 2076 e,
488 2007 526 2059 se
546 1982 609 2079 pisi
630 1989 726 2080 fosse
747 1993 850 2079 stato,
875 1984 979 2080 idest,
995 1984 1026 2058 si
1045 1984 1182 2059 diutius
1199 1985 1384 2079 vixissem,
1401 1991 1439 2059 et
1455 2004 1604 2059 succes-

432 2105 560 2181 sissem
587 2088 681 2200 patri
702 2124 799 2199 meo,
816 2103 910 2181 sicut
935 2104 982 2179 de
1001 2105 1090 2200 jure
1105 2104 1298 2199 debebam,
1321 2108 1427 2179 nrolto
1451 2096 1541 2177 sord
1566 2107 1605 2178 di

432 2228 507 2300 mul
537 2227 598 2298 cde
624 2246 697 2298 non
720 2224 877 2317 sorebbe,
912 2224 998 2318 quia
1031 2224 1164 2299 melius
1193 2224 1456 2322 gubernassem
1489 2245 1604 2321 regna

433 2364 518 2420 mea
551 2344 777 2438 liberalitate,
811 2366 924 2438 quam
958 2345 1142 2419 liebertus
1173 2364 1241 2418 sua
1274 2345 1482 2439 cupiditate,
1516 2367 1603 2421 cum

432 2472 509 2541 tota
535 2464 710 2560 sapientia
735 2484 814 2559 sua,
841 2464 905 2559 qui
929 2466 1085 2539 exclusit
1113 2466 1231 2539 tilium
1262 2486 1388 2541 meum
1419 2488 1441 2541 a
1477 2486 1604 2563 regno,

433 2592 475 2659 ut
499 2591 625 2680 postea
651 2584 922 2659 dicitur—Lo
948 2589 1029 2659 mio.
1056 2585 1121 2660 llic
1137 2585 1291 2661 Carolus
1308 2605 1489 2660 excusans
1505 2585 1606 2660 Dan-

433 2710 508 2780 tem
541 2724 659 2799 quare
690 2725 765 2779 non
796 2695 1079 2802 recognoscite)
1115 2725 1216 2800 eum,
1250 2705 1456 2781 manifestat
1488 2726 1529 2781 se
1558 2707 1606 2782 ab

433 2844 564 2899 amore
588 2824 750 2921 pristino,
776 2823 919 2900 diceus:
946 2829 997 2897 Lo
1027 2827 1101 2898 orio
1130 2828 1259 2920 tetizic,
1297 2846 1381 2919 quoe
1410 2826 1604 2901 coniuncta

434 2963 522 3019 curn
547 2945 632 3019 luce
658 2944 775 3019 reddit
800 2964 862 3019 me
886 2944 1150 3039 pulcerrimum
1178 2945 1447 3020 ultramodum
1471 2947 1604 3021 buma-

436 3083 540 3159 num,
565 3068 614 3138 mi
638 3068 664 3139 ti
687 3068 756 3139 tien
779 3067 902 3156 mmo,
918 3064 1021 3158 idest,
1038 3065 1263 3162 incognitum
1283 3064 1357 3159 tibi,
1375 3068 1435 3140 cite
1452 3070 1501 3140 mi
1515 3088 1605 3159 rop-

434 3186 497 3274 pio
521 3186 723 3276 d’c'ntorno,
748 3184 851 3278 idest,
878 3180 1035 3281 refulget
1059 3184 1199 3260 lumine
1219 3184 1353 3279 divino,
1374 3185 1469 3260 sicut
1493 3207 1605 3282 supra

435 3303 579 3379 dicebat
591 3294 628 3396 (³)
655 3304 832 3379 Picbarda
849 3303 896 3379 de
916 3324 957 3379 se
981 3304 1019 3377 in
1043 3324 1150 3399 spera
1172 3304 1318 3400 lunae‚e
1343 3308 1392 3378 mi
1414 3308 1606 3398 nascende,

435 3447 458 3501 a
483 3426 602 3520 simili,
628 3429 730 3518 quoe
753 3428 890 3499 animal
912 3428 950 3499 di
972 3446 1039 3498 sco
1063 3431 1136 3499 seta
1154 3428 1327 3520 [osmoto5
1344 3426 1438 3501 sicut
1455 3435 1553 3521 patet
1571 3426 1607 3501 in

438 3547 627 3623 vermibus
642 3545 859 3622 iacientibus
875 3544 1049 3638 sericum,
1069 3566 1232 3640 quorum
1250 3545 1369 3621 torma
1387 3547 1531 3622 lassiata
1549 3568 1607 3623 se-

438 3666 515 3741 rico
539 3687 613 3741 non
637 3672 799 3761 apparet,
826 3664 876 3739 ita
901 3668 939 3739 et
962 3664 1085 3739 anima
1107 3665 1226 3741 velata
1245 3665 1385 3741 lumine
1400 3657 1436 3759 (⁸)
1461 3687 1533 3741 non
1553 3667 1608 3740 vi-

436 3788 556 3864 detur.
583 3789 626 3861 Et
652 3795 694 3860 ut
715 3777 869 3862 reducat
884 3806 971 3861 eum
990 3783 1289 3882 incognitionem
1307 3787 1363 3861 sui
1382 3794 1607 3862 rememorat

437 3906 505 3984 sibi
522 3906 813 3983 benevolentiam
831 3906 988 4001 primam
1001 3905 1208 3979 inchoatam
1227 3905 1264 3979 in
1282 3912 1394 4001 terra,
1408 3926 1492 4003 quae
1509 3928 1608 3983 nunc
1683 3918 1688 3929 '

439 4026 626 4122 perficitur
650 4026 688 4100 in
712 4026 817 4120 ooelo,
829 4026 971 4101 dicens:
997 4028 1096 4099 assai
1115 4028 1160 4097 m’
1173 4028 1311 4115 amasti,
1331 4031 1367 4099 et
1387 4045 1408 4101 e
1428 4046 1608 4102 converso

438 4166 509 4244 ego
534 4152 571 4221 te
595 4145 728 4241 amavi,
754 4145 841 4241 quia
866 4144 1026 4221 amicitia
1054 4151 1110 4219 est
1137 4164 1246 4219 amor
1276 4150 1427 4218 mutuus
1454 4146 1608 4221 manite-

438 4272 537 4359 stus3
563 4265 664 4340 unde
686 4264 789 4339 dicit:
815 4272 850 4339 et
870 4268 979 4340 oresti
994 4266 1078 4338 bene
1095 4267 1199 4355 onde,
1228 4264 1333 4359 quasi
1353 4264 1466 4339 dicat:
1485 4272 1522 4341 et
1542 4267 1608 4341 ba-

437 4386 547 4461 buisti
572 4386 668 4461 bene
692 4385 886 4461 materiam
911 4392 950 4460 et
974 4406 1123 4460 caumm
1156 4384 1303 4460 amandi
1335 4405 1406 4479 me,
1436 4388 1508 4477 cte,
1533 4389 1609 4460 s'io

435 4510 523 4603 som
552 4500 613 4597 pit
644 4511 749 4595 stato,
780 4503 918 4579 diutius
947 4504 985 4578 in
1015 4503 1099 4599 vita,
1131 4508 1168 4577 io
1201 4508 1226 4578 ti
1258 4512 1439 4579 mostrwo
1470 4508 1508 4579 di
1539 4510 1609 4579 mio

437 4646 575 4716 umore,
601 4624 665 4720 qui
690 4630 771 4699 erat
795 4624 832 4697 iu
858 4624 960 4717 tiore,
982 4620 1045 4719 piri
1075 4626 1164 4697 oltre
1192 4625 1252 4697 elce
1281 4628 1312 4699 le
1339 4628 1481 4719 fronde,
1509 4625 1611 4721 idest,

439 4767 573 4823 verum
600 4745 773 4819 fructum.
787 4784 838 4799 -
853 4747 984 4833 orella
1011 4746 1117 4819 Nunc
1141 4744 1306 4838 Carolus
1331 4750 1525 4839 postquam
1544 4744 1611 4820 de-

438 4864 581 4962 scripsit
605 4886 646 4940 se
669 4886 693 4939 a
717 4866 855 4941 virtute
878 4864 1003 4959 animi,
1030 4864 1201 4939 describit
1226 4885 1265 4940 se
1296 4866 1344 4939 ab
1373 4865 1611 4961 amplitudine

415 5046 418 5054 '
500 5050 530 5113 (¹)
545 5050 577 5101 lt.
592 5056 649 5101 erat
663 5050 743 5101 etlam
760 5050 828 5101 lata.
1120 5050 1148 5111 (¹)
1164 5054 1187 5109 t,
1204 5050 1345 5115 cognoscit,

502 5126 906 5189 dinumeraverimus..
1122 5126 1356 5188 (tenturum.
