4575 6842
728 969 801 1041 illu
1063 980 1271 1037 unumunurn
1294 980 1517 1037 nononromr

730 1147 814 1201 rum
840 1126 1059 1223 impressam
1084 1125 1152 1199 sibi
1161 1150 1171 1220 3
1198 1131 1235 1201 et
1260 1125 1313 1201 sic
1337 1125 1438 1199 vides
1463 1125 1562 1219 quod
1590 1122 1816 1219 comparatio
1844 1129 1900 1198 est

727 1248 875 1345 optima
886 1250 1017 1322 -lln
1035 1248 1140 1321 Nunc
1157 1253 1266 1343 pocta
1283 1254 1410 1322 moret
1425 1246 1664 1342 questionem
1686 1243 1784 1321 circa
1805 1262 1902 1339 prra-

727 1368 836 1463 dicta,
860 1374 898 1443 et
923 1367 1012 1463 petit
1037 1386 1126 1441 oum
1150 1366 1392 1441 admiratione
1416 1366 1516 1441 unde
1539 1366 1586 1440 sit
1610 1364 1710 1460 quod
1735 1384 1811 1438 non
1835 1382 1904 1459 po-

679 1516 683 1526 ·
728 1494 798 1565 test
821 1486 1025 1584 intelligere
1050 1487 1165 1561 verba
1189 1486 1282 1581 eius,
1305 1486 1449 1561 dicens:
1472 1491 1536 1559 llo
1560 1493 1681 1559 ooson
1696 1486 1831 1578 porotn
1845 1485 1905 1556 di-

729 1612 835 1702 aiulu,
852 1608 955 1704 idest,
976 1628 1099 1682 sermo
1125 1613 1248 1683 vester
1271 1607 1391 1681 dictus
1410 1607 1481 1680 sub
1498 1606 1683 1701 parabola,
1705 1624 1816 1699 quem
1838 1603 1902 1677 dn

731 1729 934 1805 desideravi
958 1727 1088 1803 audire
1113 1735 1151 1803 et
1175 1726 1389 1823 intelligere,
1407 1724 1538 1820 poche*
1556 1733 1652 1800 tuoto
1678 1728 1773 1818 oolu,
1798 1724 1902 1816 idest,

732 1848 964 1942 transcendit,
988 1868 1099 1940 snpra
1130 1850 1203 1920 mio
1231 1850 1369 1942 pedon,
1396 1847 1500 1941 idest,
1526 1846 1770 1943 cognitionem
1796 1845 1904 1921 intel-

731 1970 938 2062 lectualem,
964 1970 1023 2041 che
1045 1964 1107 2061 piri
1131 1970 1168 2039 lu
1187 1970 1312 2061 perde,
1330 1968 1406 2063 ipsa
1423 1968 1585 2065 cognitio
1601 1988 1685 2042 mea
1709 1965 1902 2041 *verbum

732 2095 910 2178 vestrum,
927 2096 1057 2181 quanto
1076 2084 1141 2182 pii
1164 2091 1193 2161 d
1206 2092 1327 2163 mutu?
1346 2088 1449 2183 idest,
1476 2089 1593 2185 magis
1617 2087 1745 2161 nititur
1770 2086 1902 2162 intelli-

730 2210 853 2309 gerc*
869 2203 904 2303 (¹)
924 2210 1042 2305 ipsum
1061 2210 1245 2283 verbum?
1261 2210 1304 2283 lit
1325 2211 1420 2285 hene
1441 2208 1538 2303 dicit,
1555 2209 1644 2303 quia
1661 2214 1800 2302 quanto
1815 2208 1902 2302 nub

732 2330 850 2428 magis
874 2336 1030 2406 conatur
1055 2348 1282 2426 cognoscere
1299 2330 1421 2406 divina
1446 2328 1592 2423 eloquia
1616 2349 1683 2424 per
1708 2327 1901 2420 naturalia,

733 2456 834 2525 tanto
860 2449 978 2546 magis
1003 2448 1237 2524 contunditur
1263 2448 1479 2546 ignorantia.
1496 2451 1541 2524 Et
1561 2448 1683 2523 subdit
1699 2446 1905 2543 responsio-

734 2590 818 2645 nem
845 2568 1018 2643 Beatricis
1043 2567 1089 2642 ad
1115 2568 1223 2643 istam
1248 2568 1459 2663 petitionem
1486 2590 1605 2664 snam,
1630 2569 1773 2644 dicens:
1798 2570 1903 2658 dine,

734 2689 795 2763 illa
820 2688 979 2782 Beatum,
1005 2688 1075 2762 hoc
1100 2687 1184 2762 ideo
1202 2687 1332 2764 accidit
1356 2689 1432 2782 tibi,
1446 2685 1576 2782 pecti
1601 2689 1763 2763 coooochi
1790 2689 1905 2779 dudm

734 2812 868 2901 scuolu,
887 2807 989 2902 idest,
1014 2815 1209 2903 poetarum
1225 2814 1264 2883 et
1280 2809 1592 2904 philosophorum,
1605 2810 1701 2881 c‘hoi
1720 2810 1904 2899 aequitum,

736 2927 939 3005 recedendo
964 2948 988 3002 a
1014 2948 1087 3022 me,
1113 2932 1155 3001 ut
1179 2928 1275 3003 bene
1298 2935 1476 3022 sequatur
1500 2928 1574 3023 tihi,
1592 2950 1612 3001 c
1627 2932 1729 3020 mppr·
1744 2948 1811 3001 suo
1826 2930 1905 3001 dot·

736 3053 845 3144 imno,
872 3048 975 3142 idest,
1002 3047 1190 3123 scientiam
1216 3048 1396 3143 poeticam
1422 3055 1460 3124 et
1483 3049 1780 3145 philosophicam,
1809 3068 1906 3122 come

733 3172 952 3264 po'repoitnr
964 3171 1000 3243 lu
1014 3171 1240 3261 minporolo,
1251 3169 1490 3265 lucrandum
1505 3169 1605 3263 loqui
1618 3170 1794 3263 divinum,
1805 3167 1905 3263 quod

736 3290 856 3366 diliert
872 3290 918 3365 ab
940 3292 1104 3364 humano
1121 3296 1302 3384 quantum
1320 3292 1457 3365 ooelum
1475 3310 1498 3364 a
1514 3296 1632 3384 terra;
1658 3289 1756 3364 unde
1776 3290 1905 3383 dicite

737 3414 838 3505 coppi
854 3418 975 3485 oostm
1002 3414 1072 3502 oia,
1087 3410 1190 3505 idest,
1208 3430 1421 3506 processum
1447 3410 1608 3486 sctenuae
1633 3410 1819 3502 naturalis,
1846 3430 1906 3483 co-

736 3538 832 3605 lunto
849 3533 975 3622 duur,
993 3530 1096 3622 idest,
1113 3529 1342 3605 differentem
1356 3550 1447 3623 esse,
1465 3532 1564 3604 dalla
1576 3532 1709 3621 divine
1729 3536 1860 3622 quanto
1877 3532 1905 3602 il

737 3655 801 3725 ciel
809 3654 869 3725 che
878 3646 939 3743 pii
950 3652 1023 3724 ulto
1033 3653 1174 3744 sesana,
1187 3649 1291 3745 idest,
1308 3650 1469 3745 primum
1483 3649 1618 3725 mobile
1630 3650 1729 3745 quod
1742 3650 1904 3726 velocius

737 3779 910 3847 movetur
935 3771 972 3845 in
996 3790 1064 3847 sua
1090 3771 1330 3865 revolutione,
1356 3774 1389 3845 ri
1411 3774 1578 3845 dimnrw
1601 3774 1650 3845 do
1672 3779 1783 3863 erro,
1802 3772 1905 3866 idest,

738 3893 858 3969 diliert
870 3892 906 3966 in
920 3891 1108 3986 qualitate,
1122 3891 1328 3987 quantitate
1339 3899 1377 3966 et
1391 3895 1709 3967 motu-Ono'io.
1722 3892 1907 3988 liicpoeta

739 4014 839 4111 ponit
864 4012 1137 4109 responsionem
1163 4032 1270 4087 suam
1292 4012 1330 4085 iu
1347 4034 1422 4107 qua
1438 4034 1507 4108 pro
1523 4012 1580 4087 sui
1596 4014 1836 4088 excusatione
1851 4014 1907 4087 ri-

738 4132 847 4209 detur
873 4152 1023 4229 negare,
1040 4132 1140 4228 quod
1160 4139 1285 4208 tamen
1305 4132 1382 4228 J'arn
1409 4132 1595 4207 comesses
1620 4138 1676 4209 est
1696 4155 1820 4229 supra,
1838 4133 1908 4208 sci·-

739 4253 832 4347 licet‚
859 4252 958 4347 quod
984 4272 1177 4347 nunquam
1202 4252 1363 4328 deseruit
1392 4252 1597 4328 Beatricem
1623 4258 1774 4348 propter
1796 4252 1905 4348 alias3

739 4374 838 4449 unde
862 4372 969 4448 dicit:
1001 4374 1139 4447 Ond’io
1161 4376 1291 4465 rtrposi
1314 4376 1369 4464 lei,
1393 4372 1541 4466 scilicet,
1561 4373 1735 4448 beatrici:
1760 4394 1833 4447 noo
1859 4376 1908 4448 rai

738 4495 885 4569 ricorde
910 4496 1010 4567 ch’lo
1034 4496 1220 4567 rhumusri
1242 4514 1298 4566 me
1316 4496 1488 4584 momordi
1510 4494 1560 4565 dn
1584 4494 1652 4586 ool,
1669 4492 1775 4587 quasi
1801 4493 1907 4587 docnt,

740 4614 816 4689 imo
833 4634 980 4709 semper
997 4613 1108 4688 bahui
1126 4614 1347 4711 theologiam
1361 4634 1429 4708 pro
1442 4611 1609 4688 nobiliori
1627 4612 1776 4689 scientia
1788 4614 1908 4688 omni-

739 4735 810 4809 bns
833 4734 922 4829 aliis,
947 4730 993 4808 hd
1014 4736 1128 4809 huone
1151 4736 1345 4809 corctenzio
1368 4736 1430 4807 che
1453 4736 1632 4825 rimordo,
1649 4734 1796 4829 scilicet,
1823 4754 1907 4809 me:

741 4860 797 4929 est
820 4854 918 4929 enim
949 4854 1169 4930 conscientia
1194 4854 1253 4930 lex
1279 4854 1485 4931 intellectus
1511 4854 1625 4929 nostri
1656 4861 1694 4929 et
1727 4853 1910 4929 dictamen

805 5114 832 5181 (¹)
847 5117 884 5167 Le
900 5117 989 5180 parole
1005 5115 1045 5167 lna
1061 5117 1070 5167 l
1085 5118 1136 5169 due
1152 5118 1286 5200 arterischi
1296 5130 1360 5168 rouo
1370 5117 1482 5181 snpplito
1497 5118 1539 5167 dri
1554 5116 1642 5168 codici
1656 5115 1805 5168 Strozziano
1821 5128 1838 5166 e
1853 5124 1910 5174 lli.
