4575 6842
709 986 848 1043 caurus
872 986 1088 1041 rarossmtus
1113 984 1308 1039 seuunnus.
1521 969 1591 1035 utu

423 1137 458 1209 d’
470 1137 612 1207 intorno
637 1135 696 1207 oti
710 1134 830 1207 uidero
850 1134 1005 1224 robusto,
1027 1150 1201 1227 magnam
1220 1135 1257 1203 et
1274 1130 1426 1224 fortem;
1444 1150 1463 1201 e
1482 1128 1593 1201 tuni-

422 1257 497 1329 mo
519 1254 649 1345 onan,
676 1252 821 1346 scilicet,
840 1251 1004 1327 Christus
1023 1250 1086 1345 qui
1103 1254 1158 1325 est
1181 1249 1340 1324 duarum
1360 1254 1592 1339 naturarum,

422 1373 562 1468 supple,
588 1372 768 1465 clamavit,
793 1364 823 1445 si
838 1375 870 1445 si
885 1392 1056 1445 conservo
1072 1372 1100 1443 it
1113 1390 1204 1441 seme
1230 1370 1264 1441 d'
1277 1372 1361 1459 cont
1376 1371 1502 1459 nimio,
1523 1364 1594 1440 sci-

422 1494 518 1587 licet,
552 1513 617 1589 per
655 1497 927 1589 perseveratam
958 1490 1214 1566 obedientiam.
1241 1489 1285 1561 Et
1316 1487 1431 1583 tangit
1462 1485 1594 1561 deinde

424 1614 580 1709 qualiter
601 1614 658 1688 hic
671 1614 793 1709 Justns
813 1612 902 1708 jecit
928 1612 1088 1707 primurn
1116 1609 1397 1683 tundamentum
1418 1606 1592 1699 ecclesia,

423 1735 564 1809 dicens:
582 1756 600 1807 e
621 1738 725 1825 voto,
747 1734 806 1808 ilie
822 1734 998 1830 gryphus,
1019 1735 1058 1805 ot
1075 1738 1177 1825 temo,
1193 1751 1337 1823 currus,
1356 1731 1484 1820 cit'eqti
1504 1748 1594 1801 ovea

423 1857 542 1946 tituto,
567 1853 613 1928 ad
638 1854 774 1928 colium
800 1874 924 1947 suum,
951 1855 1097 1926 trusseia
1119 1872 1144 1924 o
1166 1848 1225 1943 pii
1248 1852 1340 1922 detto
1363 1851 1497 1921 oedouo
1510 1851 1594 1943 fro·

422 1993 497 2064 sco,
522 1972 624 2066 idest,
649 1974 695 2047 ad
720 1973 893 2049 arborem
920 1972 1107 2047 viduatam
1135 1970 1334 2063 frondibus,
1363 1973 1405 2043 ut
1428 1968 1506 2065 J’am
1539 1967 1595 2042 di-

424 2099 525 2167 ctum
551 2099 616 2186 est,
642 2114 661 2164 e
685 2084 793 2166 tosoid
818 2096 907 2184 quei,
933 2092 1078 2186 scilicet,
1106 2112 1275 2184 currum,
1299 2093 1412 2182 leuato
1436 2092 1475 2163 di
1499 2092 1543 2162 tei
1569 2110 1592 2161 u

423 2215 479 2303 tei,
505 2212 591 2305 quia
617 2212 751 2287 scilicet
776 2233 861 2286 cum
890 2233 994 2286 ramo
1020 2212 1163 2285 arboris
1180 2210 1340 2307 alligavit
1357 2230 1510 2284 currum
1530 2230 1593 2283 ar-

422 2333 502 2409 bori
528 2339 566 2408 et
590 2333 751 2408 ascendit
776 2333 812 2406 in
839 2334 987 2407 coeium.
1014 2334 1057 2406 Et
1083 2332 1140 2407 hic
1166 2339 1251 2405 nota
1278 2329 1512 2434 quod'aiiqui
1538 2328 1594 2403 di·

424 2462 512 2529 cunt
526 2454 654 2548 *quod
671 2456 750 2529 haec
766 2454 890 2551 ligatio
908 2461 962 2529 est
981 2453 1099 2550 figura
1117 2452 1385 2546 incarnationis,
1403 2452 1543 2546 aliqui*
1555 2442 1591 2544 (⁴)

424 2574 524 2669 quod
548 2574 685 2648 dicium
712 2573 851 2670 iignum
880 2574 989 2649 habet
1015 2580 1144 2647 notare
1170 2593 1342 2666 crucem3
1363 2578 1401 2645 tu
1426 2591 1516 2647 vero
1537 2570 1594 2645 dic

298 2734 299 2737 ¹
424 2695 522 2789 quod
548 2714 613 2789 per
639 2696 708 2769 hoc
734 2702 839 2789 poeta
861 2701 963 2768 notat
980 2692 1078 2787 quod
1099 2692 1264 2767 Christus
1281 2713 1366 2766 cum
1388 2690 1593 2767 ohedientia

423 2815 584 2911 alligavit
600 2814 790 2889 ecclesiam
808 2813 1033 2889 obedientiae.
1048 2852 1098 2867 -
1113 2817 1225 2885 Come.
1248 2812 1313 2886 liic
1331 2817 1440 2907 poeta
1456 2810 1594 2885 descri-

423 2934 476 3009 bit
501 2934 671 3009 effectum
699 2933 901 3009 mirabilem
928 2932 1023 3006 iltius
1049 2932 1228 3029 ligationis
1257 2952 1463 3027 peronam
1490 2929 1594 3004 nobi-

424 3054 496 3130 iem
523 3053 850 3149 comparationem:
877 3051 1091 3127 etintendit
1119 3052 1322 3127 summarie
1346 3051 1469 3126 dicere
1494 3051 1593 3145 quod

424 3175 535 3271 ligato
560 3196 673 3249 curru
700 3175 747 3248 ad
772 3172 931 3269 plantam
958 3172 1132 3247 continuo
1158 3173 1218 3246 ilia
1245 3172 1399 3247 reviruit
1423 3178 1460 3247 et
1486 3174 1595 3247 redo-

424 3294 499 3369 ruit
524 3295 561 3367 in
587 3301 753 3389 tempore
777 3294 916 3391 gratiae,
934 3294 1029 3367 sicut
1053 3298 1188 3366 nostrae
1205 3291 1358 3365 arbores
1377 3291 1595 3367 adveniente

424 3435 513 3490 vere
538 3414 736 3489 reinduunt
760 3414 857 3507 iulia,
881 3412 1038 3505 frondes,
1055 3418 1092 3486 et
1109 3431 1258 3485 omnem
1277 3417 1450 3485 ornatum
1468 3432 1592 3505 suum,

424 3555 498 3630 quo
523 3534 669 3608 inerant
693 3534 813 3629 primo
838 3533 1000 3628 spoliatae
1025 3553 1092 3626 per
1116 3537 1235 3604 totum
1269 3538 1413 3625 tempus
1438 3532 1591 3628 hyemis.

422 3660 527 3734 Nunc
552 3677 693 3753 expone
718 3664 756 3731 et
776 3663 949 3732 construe
969 3656 1020 3729 sic
1038 3655 1179 3729 titeram
1202 3675 1286 3748 quae
1310 3654 1450 3727 subtilis
1471 3661 1537 3747 est,
1555 3661 1593 3729 et

424 3778 541 3874 incipe
558 3776 625 3852 ibi:
644 3782 696 3849 Lo
717 3780 856 3870 monto,
869 3776 1007 3873 iignum
1027 3774 1126 3867 iilud,
1144 3778 1204 3847 cie
1219 3778 1449 3866 primoecce
1473 3777 1504 3846 te
1528 3794 1594 3846 ru-

425 3920 528 3975 moro
540 3892 569 3973 11
582 3902 665 3991 sole,
679 3900 758 3977 sine
771 3898 862 3973 iuliis
875 3904 912 3971 et
926 3896 1086 3988 ssoribuS,
1097 3898 1270 3987 oprendo,
1280 3894 1384 3988 idest,
1397 3894 1593 3989 aperiendo

426 4042 477 4116 se,
495 4011 672 4111 s'innood,
685 4019 789 4113 idest,
809 4016 1008 4111 renovavit,
1026 4019 1155 4108 colore,
1177 4015 1352 4109 medium,
1371 4036 1449 4087 men
1473 4017 1532 4087 cte
1557 4016 1596 4087 di

425 4122 606 4233 rosee'ptt
618 4143 678 4215 ote
690 4143 727 4213 di
739 4142 836 4213 odoia.
855 4140 899 4211 Et
915 4137 974 4212 hic
991 4143 1077 4211 nota
1091 4135 1262 4211 subtilem
1276 4135 1459 4209 fictionem
1475 4141 1592 4229 poete

426 4281 628 4357 perquam
661 4259 723 4334 dat
757 4258 860 4333 nobis
886 4256 1033 4353 intelligi
1051 4246 1099 4350 (²),
1127 4256 1226 4349 quod
1257 4254 1368 4330 arbor
1399 4274 1482 4348 quae
1512 4259 1594 4327 erat

426 4382 545 4474 primo
569 4379 621 4454 sic
646 4379 807 4474 spoliata,
826 4376 893 4450 fuit
914 4382 1037 4472 postea
1055 4375 1218 4451 colorata
1238 4374 1398 4468 quodam
1417 4393 1513 4447 novo
1531 4393 1595 4447 co-

425 4500 505 4574 lore
530 4499 650 4572 minus
676 4498 833 4572 rubente
858 4518 970 4590 quam
998 4516 1091 4569 rosae
1117 4501 1155 4569 et
1180 4495 1374 4591 piusquam
1406 4493 1532 4586 violae3
1558 4499 1596 4567 et

425 4621 494 4694 hoc
522 4639 588 4714 per
621 4619 826 4714 passionem
862 4615 991 4692 Christi
1024 4622 1061 4689 et
1094 4615 1174 4689 eius
1206 4613 1460 4689 obedientiam.
1494 4614 1594 4688 Siout

424 4740 523 4815 enirn
549 4745 697 4833 propter
725 4720 914 4835 peccatum
942 4735 1048 4831 primi
1074 4734 1234 4829 parentis
1254 4734 1491 4809 inobedientis
1508 4753 1593 4830 spo-

424 4860 508 4933 liata
534 4864 614 4932 erat
638 4859 758 4953 planta
784 4857 843 4931 iila
868 4854 1094 4947 obedientiae,
1112 4861 1150 4928 et
1173 4874 1246 4927 non
1272 4852 1592 4948 salvabanturaii·

487 5044 517 5184 gt)
532 5044 569 5169 {a
581 5044 673 5171 ¹[sorello
688 5044 729 5095 111
744 5044 753 5095 1
769 5044 820 5095 due
835 5042 969 5095 mterisehi
990 5054 1037 5093 son
1052 5040 1165 5105 supputa
1180 5040 1222 5091 dai
1237 5038 1325 5091 (lodict
1340 5040 1491 5091 Stromtmo
1506 5052 1522 5089 e
1539 5044 1594 5090 117.

557 5155 564 5171 .
590 5125 633 5171 nte
655 5121 734 5185 igere.
