4575 6842
699 965 768 1030 172
1058 971 1263 1030 COMENTUM
1287 974 1507 1030 construunt

694 1120 828 1213 dicere,
845 1120 915 1210 voi,
933 1116 1078 1212 scilicet,
1097 1124 1172 1194 tres
1197 1125 1326 1214 poetae,
1351 1122 1432 1192 sict:
1453 1122 1573 1210 ιιιιοιιι,
1590 1126 1628 1196 et
1652 1121 1795 1196 novitas
1811 1120 1867 1196 rei

694 1240 787 1336 parit
812 1238 1106 1333 admirationem,
1131 1240 1236 1335 quasi
1262 1241 1373 1314 dicat:
1400 1261 1466 1314 vos
1496 1239 1582 1316 estis
1612 1241 1730 1338 ignari
1756 1241 1866 1316 nnius

695 1360 759 1454 rei,
785 1382 804 1432 c
825 1365 925 1454 forse
948 1362 1052 1432 acan
1072 1367 1221 1452 cospetto
1238 1363 1342 1434 tenni
1364 1363 1662 1453 marcatellum,
1680 1360 1768 1456 quia
1784 1381 1867 1438 cre·

693 1480 775 1556 ditis
799 1478 899 1575 quod
924 1479 992 1553 sim
1013 1479 1228 1575 philocapta,
1247 1487 1290 1554 ιιι
1309 1486 1349 1554 tu
1367 1481 1513 1556 dicebas
1529 1480 1639 1576 paulo
1654 1488 1742 1556 ante
1764 1481 1864 1576 mint,

689 1601 808 1693 percit
820 1604 856 1674 io
879 1602 975 1691 ndo,
993 1620 1079 1674 curu
1107 1600 1202 1674 risus
1227 1621 1301 1676 non
1321 1601 1491 1677 videatur
1507 1601 1697 1678 laudabilis
1717 1603 1754 1676 in
1780 1623 1867 1676 mu-

694 1720 784 1796 liere
809 1721 969 1814 perlecta
995 1721 1106 1796 etiam
1125 1721 1162 1794 in
1182 1721 1263 1796 loeo
1281 1722 1454 1817 perlecto,
1471 1725 1509 1796 in
1529 1731 1645 1815 questo
1662 1726 1737 1798 loco
1755 1727 1864 1818 endo,

694 1838 798 1934 idest,
827 1828 1007 1915 destinato
1032 1846 1069 1914 et
1093 1841 1279 1936 deputato,
1311 1844 1370 1916 alt
1382 1862 1515 1916 amaad
1547 1850 1691 1936 namra,
1729 1844 1759 1918 ei
1791 1850 1866 1920 sle-

694 1959 795 2036 tisset
832 1959 868 2032 in
902 1958 1120 2055 innocentia,
1142 1982 1210 2054 per
1243 1983 1307 2036 suo
1338 1965 1436 2056 aldo,
1465 1963 1568 2058 idest,
1605 1964 1756 2060 hospilio
1788 1965 1867 2041 sive

693 2080 910 2154 habitaculo.
937 2082 982 2154 Et
1007 2082 1202 2158 confirmat
1223 2083 1362 2158 dictum
1384 2105 1494 2160 suum
1521 2105 1588 2181 per
1613 2085 1752 2162 dictum
1779 2106 1865 2182 pro·

693 2200 823 2295 plretae,
850 2200 913 2294 qui
947 2201 1052 2277 dicit:
1078 2205 1263 2278 Dekomstt
1286 2225 1353 2296 nte,
1380 2207 1540 2297 Donum,
1564 2208 1600 2278 in
1623 2209 1767 2300 sartura
1791 2214 1866 2300 tua,

692 2327 727 2392 ct
746 2323 785 2394 iu
809 2322 971 2413 mechus
996 2344 1163 2397 muttum
1188 2331 1329 2398 uturum
1353 2327 1526 2400 exultabo.
1549 2326 1651 2402 Unde
1676 2328 1780 2403 dicit:
1807 2349 1868 2404 mu

691 2441 720 2512 il
742 2443 856 2514 salmo
880 2445 1077 2535 Delectosti,
1101 2464 1175 2517 non
1201 2444 1380 2542 intelligas
1401 2446 1597 2540 'psalmum
1628 2446 1691 2541 qui
1724 2447 1863 2544 incipit:

693 2563 891 2652 Ddectasti,
908 2561 995 2655 quia
1015 2563 1138 2637 nullus
1155 2570 1211 2638 est
1228 2564 1279 2640 sic
1296 2564 1481 2660 incipiem,
1498 2564 1561 2639 sed
1580 2563 1617 2638 iu
1636 2567 1776 2660 psaltim
1802 2568 1865 2662 qni

693 2678 836 2774 incipit:
862 2685 999 2756 Bonum
1024 2689 1076 2756 est
1097 2686 1254 2777 confiteri
1284 2688 1450 2776 Domino,
1476 2691 1532 2760 est
1565 2685 1769 2785 versiculus
1801 2686 1864 2781 qui

693 2798 796 2874 dicit:
822 2803 1006 2874 Delectant·
1029 2823 1083 2875 me
1107 2811 1190 2897 etc,
1215 2807 1432 2899 reindutum,
1460 2805 1562 2899 idest,
1589 2805 1673 2880 lacit
1698 2805 1863 2880 declara·-

694 2920 844 3013 tiouem‚
869 2924 929 2994 cte
947 2931 1053 3014 puoto
1075 2925 1287 3017 disceditur,
1313 2924 1415 3018 idest,
1442 2924 1650 3000 illuminare
1676 2931 1712 2999 et
1736 2925 1866 3000 diluci-

693 3041 794 3135 dare,
819 3050 939 3116 metro
963 3045 1137 3136 inteltotto,
1159 3045 1221 3139 qui
1239 3065 1313 3119 non
1331 3045 1426 3140 capit
1443 3065 1527 3139 qnae
1545 3051 1584 3120 et
1603 3045 1721 3139 qualis
1738 3046 1784 3120 sit
1800 3045 1866 3122 de·

694 3160 838 3236 lectatio
860 3183 954 3236 mea.
972 3161 1095 3237 Potest
1113 3164 1222 3238 etiam
1242 3165 1347 3239 aliter
1365 3164 1496 3259 exponi
1514 3165 1619 3240 litera
1638 3165 1717 3258 ista,
1737 3172 1774 3238 et
1791 3185 1864 3241 non

696 3279 818 3352 minus
843 3280 948 3373 bene,
975 3287 1017 3354 ut
1041 3280 1087 3356 sit
1112 3303 1253 3380 sensus,
1271 3285 1369 3379 quod
1394 3285 1651 3360 accedentibus
1675 3305 1794 3382 nuper
1818 3285 1865 3361 ad

693 3398 833 3495 apicem
853 3400 997 3474 virtutis
1014 3403 1195 3498 perfectu,
1214 3403 1378 3498 operatio
1395 3404 1540 3479 virtutis
1560 3425 1633 3478 non
1650 3405 1795 3480 videtur
1816 3405 1866 3482 ita

692 3519 913 3595 delectabilis
938 3521 1032 3596 sicut
1058 3524 1169 3598 estin
1191 3523 1427 3620 reiveritale,
1451 3532 1488 3600 et
1513 3525 1606 3600 sicut
1632 3524 1776 3602 ridetur
1796 3526 1865 3602 ln-

693 3638 840 3714 bituatis
863 3641 902 3714 in
927 3642 1074 3718 virtute.
1101 3643 1207 3732 Quod
1238 3655 1366 3720 autem
1399 3645 1466 3720 ista
1495 3644 1541 3720 sit
1570 3645 1721 3720 intentio
1749 3647 1865 3722 literoe

693 3757 839 3834 videtur
862 3767 990 3857 palere
1014 3783 1061 3838 ex
1092 3763 1393 3859 praecedentibus,
1421 3765 1508 3859 quia
1540 3765 1648 3839 dixit:
1681 3785 1748 3840 vos
1778 3766 1865 3842 estis
1956 3808 1959 3814 ·

694 3881 797 3974 nori:
823 3888 931 3956 etex
956 3884 1206 3979 sequentibus,
1231 3885 1319 3980 quia
1344 3884 1456 3980 aliqui
1483 3891 1605 3960 textus
1635 3885 1781 3980 habent,
1808 3888 1864 3960 cli-

692 4005 827 4077 lotasti:
845 4009 884 4077 et
908 4004 966 4078 lric
983 4012 1039 4080 est
1056 4005 1260 4080 versiculus
1276 4006 1429 4080 alterius
1446 4005 1587 4101 psalmi,
1605 4005 1668 4080 ubi
1685 4007 1863 4101 propheta

693 4123 845 4199 tendens
868 4124 916 4199 ad
940 4126 1202 4220 perlectionem
1229 4125 1384 4222 virtutis,
1410 4147 1495 4222 quae
1520 4126 1557 4201 in
1582 4127 1750 4222 paradiso
1775 4126 1865 4202 deli-

691 4242 834 4318 ciarum
860 4244 980 4340 typice
1004 4245 1229 4342 designatur,
1254 4246 1358 4321 dicit:
1385 4249 1562 4341 Dt'totosti,
1584 4250 1744 4338 Domine,
1761 4267 1863 4338 pres-

691 4385 751 4438 sas
775 4385 872 4438 meos
896 4370 964 4440 etc.
983 4365 1121 4440 Deinde
1140 4366 1316 4440 Mathildis
1334 4367 1370 4441 in
1387 4367 1533 4463 speciali
1553 4367 1661 4444 oliert
1681 4387 1722 4444 se
1738 4375 1864 4444 nostre

692 4490 819 4579 poetae,
838 4485 980 4562 dicens:
999 4491 1033 4560 E
1046 4494 1095 4578 tu,
1113 4489 1173 4561 cte
1192 4491 1238 4561 se’
1251 4490 1411 4580 ιιιιιαιιιι,
1431 4488 1494 4582 qui
1520 4488 1662 4564 solebas
1687 4489 1864 4564 hactenus

691 4606 796 4700 sequi
815 4606 944 4702 socios,
968 4629 988 4682 e
1012 4610 1062 4682 mi
1074 4611 1247 4702 preoasn,
1266 4608 1328 4684 ubi
1353 4609 1472 4685 dixisti
1499 4609 1597 4704 quod
1615 4610 1774 4686 lacerem
1802 4631 1864 4688 me

689 4725 930 4821 propinquam
952 4728 1028 4823 tibi,
1045 4731 1106 4821 di',
1122 4731 1249 4802 s'ultm
1266 4732 1347 4804 uani
1362 4731 1475 4822 adira,
1494 4728 1671 4824 quiajam
1695 4729 1863 4826 respondi

689 4843 737 4918 ad
763 4845 926 4940 quesita,
943 4850 1042 4922 clr'io
1062 4851 1165 4922 vemat
1186 4857 1307 4942 prosto
1324 4851 1374 4923 od
1388 4853 1473 4940 opui
1497 4857 1557 4924 ua
1582 4852 1750 4942 ᾳιιοιιιοιι,
1767 4857 1863 4926 tanto

690 4965 750 5037 cle
774 4964 875 5057 oasa,
903 4967 949 5042 ad
974 4968 1259 5043 declarationem
1286 4975 1401 5043 tuam.

764 5088 929 5178 L'ocqua.
948 5089 1017 5163 lsta
1035 5096 1092 5164 est
1112 5089 1218 5164 tertia
1237 5111 1321 5186 pars
1341 5090 1499 5187 capituli,
1516 5091 1555 5166 in
1575 5111 1649 5186 qua
1667 5097 1774 5187 poeta
1794 5112 1862 5168 no·
