4575 6842
582 1645 949 1762 COMENTUM
991 1643 1430 1760 PURGAVORII.

416 2239 580 2308 CANTUS
611 2241 845 2309 VIGESIMUS
875 2242 1047 2322 PRIMUS,
1071 2245 1107 2310 ia
1136 2263 1196 2328 qao
1225 2247 1343 2309 naam
1363 2244 1445 2309 mora
1465 2243 1591 2308 inum·

493 2359 570 2418 mar
599 2353 734 2437 aliquem
762 2359 906 2420 vocatum
933 2353 1070 2420 Statium
1095 2356 1131 2420 ia
1159 2355 1260 2421 medio
1281 2356 1415 2433 itiaais,
1440 2354 1495 2438 qui
1523 2373 1592 2419 arm

493 2463 628 2549 Virqtlio
649 2465 749 2532 muta
776 2467 947 2548 receptavit
974 2485 1038 2532 noa
1068 2466 1174 2548 msam
1200 2485 1407 2550 cognoscem
1431 2469 1461 2530 et
1474 2467 1592 2546 postca

493 2578 574 2642 siem
594 2577 802 2660 interrogauit
817 2575 957 2642 Doutcm
979 2578 1050 2659 qais
1072 2582 1153 2643 essct
1175 2575 1331 2661 Virquius
1353 2581 1383 2642 ct
1404 2575 1530 2641 Duatas
1552 2595 1593 2640 ea

494 2688 586 2754 ocrim
607 2685 737 2773 Virqclii
758 2689 842 2754 dicit
863 2690 893 2754 ei
915 2689 1030 2754 omnio.

490 2928 597 3096 Lu
619 3031 687 3098 seo
702 3028 848 3099 ammai
862 3027 921 3098 cle
938 3026 1010 3098 moi
1021 3043 1094 3097 rma
1105 3027 1217 3097 razio.
1232 3025 1430 3118 Postquam
1443 3022 1482 3096 in
1494 3041 1590 3116 prae-

418 3144 560 3220 codenti
585 3145 744 3240 capitulo
768 3151 876 3241 poeta
902 3151 1025 3220 noster
1050 3145 1174 3219 docuit
1199 3144 1447 3240 multipliciter
1471 3143 1590 3218 vitare

418 3265 548 3340 vitium
581 3265 755 3360 avaritia),
786 3285 884 3340 nunc
917 3271 1185 3359 consequenter
1216 3265 1253 3337 in
1288 3263 1457 3360 prasenti
1490 3263 1590 3360 capi-

418 3386 497 3459 tulo
514 3385 596 3459 xxl
615 3386 691 3482 agit
708 3392 745 3461 et
762 3372 893 3462 tractat
910 3386 956 3460 de
974 3385 1193 3482 purgatione
1213 3384 1485 3480 prodigalitatis,
1503 3405 1589 3480 quae

417 3506 568 3601 punitur
594 3505 722 3580 eadem
750 3525 860 3601 poena
889 3505 997 3580 simul
1027 3526 1114 3581 cum
1144 3505 1299 3580 avaritia
1328 3511 1366 3579 ot
1395 3504 1432 3579 in
1458 3505 1587 3580 eodem

417 3625 566 3700 circulo.
592 3625 637 3698 Et
662 3625 757 3699 istud
783 3625 983 3721 capitulum
1005 3631 1123 3720 potest
1139 3626 1247 3699 dividi
1265 3625 1302 3699 in
1320 3631 1481 3720 quatuor
1501 3645 1588 3721 par·

417 3752 472 3820 tes
496 3743 731 3840 principales3
758 3745 795 3818 in
820 3745 938 3840 prima
965 3766 1126 3839 quarum
1152 3745 1349 3820 introducit
1368 3767 1481 3819 unam
1506 3745 1588 3820 ani-

419 3886 518 3940 mam
544 3865 723 3940 illustrem
749 3865 938 3960 antiquam
958 3885 1077 3961 nuper
1094 3872 1290 3961 purgatam
1307 3865 1394 3938 vitio
1418 3866 1589 3961 prodiga-

419 3986 539 4079 litatis,
572 3985 632 4060 cui
659 3984 830 4082 Virgilius
855 3991 982 4059 narrat
1007 3985 1043 4058 in
1068 3985 1232 4082 generali
1258 3985 1500 4060 conditionem
1532 3985 1589 4058 sui

419 4111 455 4182 ct
480 4105 614 4180 Dentis.
641 4104 680 4178 ln
706 4105 866 4179 secunda
897 4105 1066 4202 Virgilius
1098 4105 1250 4200 inquirit
1278 4127 1301 4180 a
1332 4104 1429 4179 dicto
1461 4105 1589 4200 spiritu

418 4226 466 4302 de
482 4245 594 4302 causa
612 4231 847 4301 terraemotus
864 4233 901 4300 et
918 4225 1089 4302 clamoris
1105 4225 1278 4322 praedicti,
1292 4225 1361 4298 ibi:
1379 4230 1441 4298 lla
1458 4228 1589 4298 diram

419 4346 591 4424 latentia
617 4345 786 4442 Virgilius
811 4345 961 4440 inquirit
992 4347 1039 4421 ab
1065 4347 1195 4422 eodem
1223 4347 1304 4440 quis
1334 4345 1456 4439 luerit
1483 4345 1591 4419 etde

419 4488 531 4543 causa
549 4486 627 4540 suae
643 4466 828 4540 diuturne
844 4487 974 4562 poenae,
992 4467 1059 4540 ibi:
1077 4471 1146 4541 E'l
1160 4471 1260 4541 savio
1279 4470 1380 4540 duco.
1399 4468 1439 4539 ln
1456 4473 1588 4561 quarta

419 4595 455 4663 et
482 4587 610 4661 ultima
635 4593 743 4681 pocta
769 4586 973 4662 manifestat
1000 4587 1191 4683 Virgilium
1223 4587 1318 4661 dicto
1343 4585 1497 4681 spiritui,
1522 4585 1590 4659 ibi:

426 4711 544 4780 Volser
564 4709 717 4798 Virgilio.
735 4705 789 4780 Ad
806 4706 967 4802 primum
995 4727 1085 4803 ergo
1110 4706 1192 4782 dico
1216 4706 1316 4801 quod
1341 4711 1448 4801 poeta
1474 4704 1590 4779 intro-

270 4903 272 4910 ,
418 4827 519 4902 ducit
544 4827 706 4902 animam
725 4826 901 4900 illustrem
920 4825 1061 4920 antiqui
1077 4832 1195 4920 poetae
1212 4825 1372 4922 prodigi3
1391 4824 1453 4898 sod
1471 4824 1591 4919 primo

418 4946 604 5043 praemittit
616 4967 721 5019 suam
737 4946 1047 5020 continuationem
1060 4945 1106 5019 ad
1118 4945 1359 5040 praecedantia
1369 4968 1378 5016 ε
1390 4944 1478 5038 quia
1492 4943 1589 5018 anim

420 5067 457 5140 in
483 5066 556 5140 fine
582 5066 727 5161 capituli
758 5065 995 5161 praecodentis
1021 5067 1251 5141 concluserat
1283 5072 1423 5160 quanto
1457 5065 1591 5139 ardore

554 5207 591 5251 lV.
1445 5209 1456 5248 1
