4575 6842
711 970 781 1038 128
1068 977 1519 1064 counrrruupunoaronu

705 1123 968 1199 sententialiter
993 1122 1078 1197 dicit
1107 1124 1208 1218 quod
1241 1125 1314 1200 tale
1342 1145 1460 1222 genus
1492 1124 1685 1199 homiuum
1716 1124 1880 1218 peccavit

705 1263 772 1339 per
797 1243 1013 1338 sodomiam,
1043 1243 1142 1338 quod
1170 1244 1298 1318 vitium
1324 1243 1461 1318 infame
1485 1243 1552 1316 luit
1578 1243 1666 1317 olim
1692 1244 1877 1319 obiectum

706 1365 841 1440 Caesari
872 1364 1074 1438 clarissimo
1105 1365 1268 1460 principi.
1295 1364 1350 1439 Ad
1378 1363 1484 1440 cuius
1518 1363 1571 1438 rei
1602 1363 1876 1460 intelligentiam

707 1493 763 1562 est
788 1486 976 1560 sciendum
996 1485 1106 1580 quod,
1123 1486 1218 1561 sicut
1233 1486 1358 1560 scribit
1375 1484 1569 1560 Suetonius
1587 1484 1706 1580 primo
1724 1484 1769 1560 de
1786 1485 1879 1558 duo-

707 1607 825 1682 decim
852 1606 1067 1699 Caesaribus,
1093 1605 1216 1680 Caesar
1243 1607 1401 1680 multum
1427 1605 1515 1680 arsit
1541 1605 1625 1702 igne
1651 1605 1821 1698 libidinis3
1842 1610 1879 1678 et

707 1727 826 1822 primo
851 1727 998 1821 quidem
1027 1733 1193 1821 ternpore
1209 1725 1463 1801 adolescentiae
1488 1745 1567 1799 suae
1592 1745 1679 1799 cum
1706 1724 1879 1802 militaret

705 1847 744 1921 in
768 1847 852 1922 Asia
868 1845 938 1920 sub
957 1846 1090 1920 termo
1111 1852 1282 1941 praetore,
1300 1846 1432 1920 missus
1449 1845 1497 1918 ab
1514 1864 1560 1920 eo
1577 1844 1624 1919 ad
1642 1844 1875 1920 Nicomedem

708 1988 834 2064 regem
853 1967 1040 2063 Bitbyuiae,
1059 1966 1321 2062 turpitudinem
1340 1987 1468 2061 passus
1493 1971 1563 2040 est:
1583 1972 1665 2038 erat
1684 1966 1781 2039 euim
1801 1964 1878 2039 lor·

707 2107 832 2162 mosus
857 2093 894 2161 et
919 2086 1068 2160 lloridus
1099 2085 1219 2180 nimis,
1244 2107 1291 2161 ex
1323 2106 1399 2181 quo
1432 2085 1592 2159 maxima
1624 2083 1771 2158 inlamia
1798 2085 1877 2180 luit,

705 2214 742 2284 et
767 2209 883 2282 multa
910 2207 1108 2282 obbrobria
1133 2207 1229 2282 dicta
1254 2206 1402 2280 suntin
1428 2227 1534 2280 eum:
1562 2227 1658 2280 unus
1684 2206 1781 2280 enim
1809 2227 1877 2281 vo-

704 2328 811 2404 cabat
837 2349 924 2403 eum
951 2328 1116 2423 pellicem
1143 2328 1323 2424 reginam,
1340 2327 1434 2402 alius
1454 2329 1641 2402 stabulum
1659 2327 1876 2422 Nicomedis,

704 2449 798 2523 alius
824 2448 1045 2544 bithynicam
1079 2448 1257 2543 reginam.
1289 2448 1382 2524 Cum
1408 2454 1534 2522 autem
1568 2447 1717 2542 quidam
1752 2447 1875 2522 latuus

705 2577 830 2645 mente
847 2569 884 2642 iu
902 2569 1063 2643 maxima
1081 2569 1190 2644 turba
1213 2568 1403 2642 bominum
1425 2569 1641 2664 appellasset
1657 2569 1874 2665 Pompeium

705 2711 845 2788 regem,
862 2689 1034 2764 salutavit
1050 2689 1233 2765 Caesarem
1252 2688 1429 2786 reginam.
1447 2689 1518 2764 Sed
1540 2690 1577 2762 iu
1602 2710 1769 2764 amorem
1789 2711 1875 2762 mu-

704 2813 838 2888 lierum
863 2810 931 2883 luit
957 2809 1063 2883 nimis
1092 2830 1243 2904 pronus,
1270 2831 1430 2904 quarum
1462 2811 1598 2886 multas
1627 2812 1787 2885 illustres
1811 2831 1876 2886 co-

703 2931 840 3030 gnovit,
859 2936 895 3006 et
913 2931 1052 3025 aliquot
1069 2931 1214 3028 reginas
1234 2930 1418 3025 praecipue
1435 2931 1679 3026 Cleopatram,
1694 2953 1780 3006 curn
1799 2954 1873 3027 qua

703 3052 799 3127 inter
833 3057 887 3125 tot
921 3050 1085 3146 pericula
1117 3049 1336 3143 dormiebat,
1369 3057 1407 3125 et
1441 3051 1499 3125 cui
1535 3051 1683 3126 donavit
1717 3073 1873 3148 regnum

703 3173 850 3270 AEgypti
870 3173 907 3246 in
924 3171 1118 3266 praemium
1136 3193 1289 3245 suarum
1310 3171 1509 3246 libidinum.
1528 3173 1707 3269 Cognovit
1724 3180 1761 3248 et
1781 3194 1874 3247 uxo·

704 3314 784 3368 rem
811 3290 974 3386 Pompei,
999 3297 1036 3366 et
1067 3298 1224 3366 matrem
1257 3291 1374 3366 Crassi
1390 3284 1426 3384 (¹)
1463 3299 1501 3366 et
1536 3291 1645 3366 filiam
1680 3293 1784 3388 eius3
1811 3293 1874 3368 sed

702 3415 798 3489 bene
824 3412 961 3508 recepit
986 3413 1103 3487 vicem
1131 3412 1167 3484 in
1184 3403 1220 3504 (²)
1248 3432 1365 3487 uxore
1383 3433 1449 3486 sua
1468 3412 1641 3508 Pompeia
1659 3435 1771 3509 quam
1790 3415 1874 3490 Clo-

702 3534 784 3608 dius
809 3533 869 3608 ser
895 3539 1106 3608 senatorum
1138 3531 1309 3628 coguovit
1338 3531 1376 3607 in
1407 3533 1543 3628 templo
1569 3533 1605 3607 iu
1635 3533 1761 3608 habitu
1788 3556 1874 3608 mu-

703 3653 810 3729 lieris.
837 3653 930 3728 Cum
956 3659 1081 3727 autern
1109 3653 1232 3727 Caesar
1257 3658 1338 3746 post
1362 3652 1486 3727 omnia
1513 3653 1606 3726 bella
1628 3652 1726 3726 linita
1745 3661 1875 3748 ageret

701 3795 788 3850 suos
813 3772 1018 3869 triumphos
1035 3771 1099 3867 qni
1117 3771 1269 3847 luerunt
1286 3771 1451 3866 quinque
1468 3772 1505 3844 iu
1523 3772 1642 3866 primo
1661 3773 1791 3870 gallico
1810 3774 1873 3868 qui

702 3895 770 3971 luit
782 3894 974 3991 gloriosior
986 3893 1140 3987 caeteris,
1149 3892 1280 3968 milites
1293 3897 1489 3987 sequentes
1501 3913 1656 3968 currum
1670 3894 1876 3990 triumpha·

703 4017 777 4090 lem
803 4013 849 4089 de
874 4013 1140 4088 consuetudine
1165 4019 1353 4088 cantantes
1378 4014 1543 4088 carmina
1564 4014 1781 4109 joculariter
1799 4015 1875 4089 cla-

703 4136 870 4212 mabant:
888 4133 1021 4209 Gallias
1038 4135 1160 4209 Caesar
1177 4131 1331 4229 subeg‘t,
1353 4133 1568 4210 Nicomedes
1588 4135 1770 4210 Caesarem
1791 4140 1873 4228 etc,

701 4263 738 4332 et
750 4254 811 4330 alii
824 4253 1049 4330 clamabant:
1061 4253 1193 4327 urbani
1205 4260 1351 4328 servate
1365 4255 1710 4348 uxores,moecbum
1726 4253 1872 4329 calvum

700 4374 918 4450 adducimus
942 4380 1010 4450 eto.
1037 4373 1090 4446 Ad
1117 4372 1260 4450 literam
1291 4393 1382 4470 ergo
1411 4373 1497 4448 dicit
1529 4373 1667 4448 Guido:
1694 4379 1746 4446 La
1774 4381 1874 4466 pente

700 4499 760 4570 cte
784 4517 858 4569 oon
883 4497 960 4568 men
993 4515 1059 4567 con
1087 4497 1160 4584 noi,
1193 4493 1339 4585 scilicet,
1375 4515 1460 4589 quae
1490 4495 1673 4570 clamabat
1702 4494 1872 4588 Sodoum

700 4623 816 4711 offoca,
841 4615 988 4710 scilicet,
1010 4615 1129 4690 neum
1148 4621 1185 4690 et
1203 4620 1387 4708 naturam,
1400 4617 1445 4689 di
1464 4607 1530 4707 eid,
1548 4615 1693 4709 scilicet,
1712 4635 1757 4690 eo
1791 4635 1876 4710 pec·

700 4745 795 4832 cato,
821 4733 957 4828 perche*-
983 4739 1111 4809 cesare
1141 4737 1362 4830 trionsando,
1395 4735 1541 4828 scilicet,
1574 4734 1620 4810 de
1657 4734 1782 4828 Gallia,
1814 4725 1875 4826 ort

774 4953 780 4982 ,
939 4955 955 4968 ..

763 4958 791 5094 {a}
807 4953 1001 5080 &deffleat
1017 5043 1090 5081 suam
1106 5029 1265 5092 Pompeium.
1278 5055 1308 5066 -
1319 5032 1373 5089 117,
1391 5033 1462 5080 certe
1479 5028 1543 5078 bene
1554 5030 1651 5092 recepit
1663 5028 1747 5078 vicem
1763 5027 1790 5078 iu
1806 5039 1873 5078 uxo-

703 5124 759 5162 rom
777 5111 851 5158 suam
867 5107 1026 5172 Pompeiam.
