4575 6842
849 973 988 1030 CANTUS
1012 973 1155 1030 rnllllls.
1515 962 1584 1030 331

415 1117 608 1213 praemium
644 1119 862 1194 meritorum
893 1119 1043 1212 bomini,
1073 1119 1209 1195 scilicet
1238 1119 1443 1195 felicitatem
1478 1126 1586 1196 aeter-

416 1259 516 1332 nam,
543 1260 655 1333 quam
682 1239 866 1314 constituit
891 1239 1015 1314 electis
1040 1240 1115 1313 suis
1140 1240 1178 1312 in
1202 1239 1380 1335 paradiso,
1401 1239 1447 1314 ad
1473 1261 1588 1334 quem

410 1357 527 1432 modo
561 1360 732 1433 tendebat
763 1359 908 1434 Dantes.
941 1349 1033 1434 Dicit
1064 1378 1155 1454 ergo
1186 1359 1352 1433 Boatrir:
1384 1363 1436 1432 Lo
1465 1362 1588 1451 proei-

414 1479 555 1572 deazia,
583 1479 730 1574 scilicet,
756 1479 910 1573 Deiota
933 1486 1071 1552 colonio
1091 1484 1232 1572 orsella,
1261 1477 1363 1572 idest,
1388 1478 1533 1553 ordinat
1550 1486 1586 1554 et

414 1596 567 1691 disponit
585 1598 861 1674 universitatem
880 1605 1137 1674 creaturarum
1161 1598 1199 1671 in
1216 1596 1367 1691 mundo,
1387 1597 1492 1672 sicuti
1504 1598 1584 1692 jam

413 1718 551 1793 dictum
577 1727 643 1814 est,
667 1722 857 1813 scilciet,
883 1719 985 1813 idest,
1013 1740 1128 1793 unum
1156 1720 1292 1794 coelum
1318 1739 1430 1815 super
1454 1737 1584 1793 omnes

413 1840 513 1934 alios,
544 1860 629 1915 oum
664 1841 795 1915 maiori
828 1840 968 1934 ordine,
1002 1839 1148 1932 scilicet,
1183 1859 1414 1937 empyreum,
1448 1858 1584 1929 rmpre

412 1963 537 2053 queo,
565 1960 629 2034 ubi
645 1960 704 2034 alii
723 1959 805 2034 coeli
822 1959 916 2034 inira
934 1950 1051 2054 ipsum
1070 1967 1157 2033 sunt
1176 1979 1322 2054 semper
1338 1958 1377 2032 in
1393 1964 1509 2050 motu,
1527 1959 1584 2030 dcl

410 2101 474 2153 ruo
496 2084 598 2172 lame,
616 2081 703 2174 quia
723 2082 861 2155 coelum
881 2101 1097 2177 empyreum
1116 2087 1236 2154 totum
1254 2088 1310 2155 est
1325 2081 1390 2153 lux
1408 2086 1583 2171 elamor,

410 2203 469 2274 nel
500 2205 614 2294 quale,
646 2201 793 2294 scilicet,
823 2201 918 2284 coelo
949 2201 1086 2295 quieto,
1120 2203 1153 2274 si
1183 2203 1283 2292 volpe
1314 2203 1403 2294 puel,
1437 2201 1583 2294 scilicet,

409 2321 497 2395 illud
523 2324 672 2415 coelum,
699 2323 836 2397 scilicet
862 2321 1022 2418 primum
1050 2321 1195 2416 mobile,
1221 2321 1324 2415 idest,
1350 2341 1445 2396 nova
1462 2342 1583 2416 spera,

409 2443 494 2513 e'bo
511 2445 675 2534 mappior
688 2445 809 2536 fratta,
823 2441 909 2536 quia
927 2442 1089 2517 velocius
1104 2448 1287 2535 movetur,
1304 2448 1347 2514 ut
1362 2441 1505 2516 dicetur
1521 2462 1584 2516 ca·

359 2575 364 2588 ·
409 2561 523 2656 pitulo
536 2562 703 2655 sequenti
722 2569 758 2636 et
774 2561 859 2635 alibi
878 2561 1028 2656 plenius
1047 2561 1091 2635 Et
1103 2557 1282 2653 subdil(¹):
1300 2568 1334 2635 et
1348 2582 1429 2651 oro,
1446 2561 1582 2635 scilicet

410 2701 508 2755 nunc
532 2681 578 2756 de
603 2682 784 2776 praesenti,
810 2685 846 2756 ln
870 2677 961 2756 virui
985 2685 1024 2756 di
1048 2685 1162 2775 puello
1179 2685 1305 2772 cordo,
1321 2682 1468 2775 scilicet,
1489 2681 1581 2756 ordo

408 2798 539 2874 divinae
564 2801 811 2896 providentiae,
836 2805 895 2875 obe
919 2794 973 2876 oid
997 2805 1057 2876 obe
1080 2823 1215 2895 scocoo,
1239 2803 1399 2876 abaron
1426 2822 1507 2894 suo,
1526 2803 1581 2874 di-

407 2923 513 2992 rizzo
529 2923 566 2992 in
585 2942 692 3012 sepno
709 2924 799 3016 licto,
823 2921 925 3016 idest,
946 2921 1068 3017 dirigit
1092 2922 1129 2995 in
1155 2922 1294 2996 bonum
1320 2920 1431 2995 linem
1457 2919 1580 3015 proeli-

408 3060 512 3133 xum,
532 3040 625 3115 sicut
649 3042 847 3137 sagiptator
868 3043 1046 3137 sagiptam
1068 3041 1270 3137 insignum
1291 3040 1498 3136 praelixum,
1516 3061 1579 3114 cen
1615 3131 1620 3141 ‚

403 3169 512 3253 porto
544 3154 581 3252 li,
611 3161 756 3256 scilicet,
787 3162 833 3236 ad
867 3162 955 3236 illud
985 3162 1119 3236 coelum
1152 3162 1319 3256 quietum
1350 3181 1416 3257 per
1441 3162 1577 3236 scalam

407 3303 541 3356 novem
576 3283 773 3378 graduum,
806 3303 901 3356 rome
932 3303 957 3355 o
986 3285 1053 3356 rito
1081 3285 1231 3376 decretu
1266 3282 1368 3375 idest,
1399 3289 1577 3377 tanquam

405 3400 451 3474 ad
471 3401 593 3475 locum
612 3402 897 3496 praeordinatum
917 3403 1055 3477 meritis
1073 3402 1143 3476 tuis
1161 3408 1199 3476 et
1215 3401 1373 3476 aliorum
1395 3401 1579 3476 virtuoso-

406 3542 502 3594 rum.
516 3522 602 3597 Ideo
620 3523 713 3597 bene
730 3521 815 3597 dicit
831 3523 1059 3619 Augustinus
1076 3523 1256 3617 accipiens
1273 3523 1409 3596 dictum
1429 3522 1579 3620 Virgilii,

404 3641 434 3715 si
459 3649 576 3736 poelae
601 3641 724 3716 dicere
749 3643 872 3717 licuit:
899 3644 1008 3716 trabit
1023 3653 1089 3714 suo
1115 3661 1280 3733 quemque
1304 3644 1477 3733 voluntas,
1503 3663 1577 3717 non

404 3763 599 3837 necessitas
635 3763 698 3838 sed
733 3764 913 3857 voluntas,
954 3783 1027 3837 non
1066 3761 1239 3858 obligatio
1276 3762 1339 3837 sed
1374 3763 1577 3859 delectatio,

404 3891 542 3978 quanto
568 3905 634 3957 nos
659 3883 788 3958 lortius
813 3883 934 3958 dicere
963 3883 1142 3957 debemus
1177 3883 1288 3955 trabit
1312 3883 1501 3958 bominem
1529 3885 1578 3958 ad

404 4003 599 4097 Christum,
620 4003 682 4097 qui
707 4003 910 4077 delectatur
928 4001 1081 4076 veritate
1097 3993 1145 4095 (²),
1168 4000 1402 4095 beatitudine,
1423 4003 1574 4097 justitia,

403 4130 440 4198 et
453 4124 672 4218 sempiterna
689 4123 782 4198 vital
795 4123 838 4196 llt
851 4121 935 4197 alibi
949 4122 1044 4197 idem
1058 4121 1284 4218 Augustinus
1296 4121 1458 4219 allegans
1475 4123 1574 4197 aliud

401 4245 539 4318 dictum
567 4245 762 4340 poeticum,
788 4243 891 4318 dicit:
918 4247 998 4316 Non
1022 4244 1058 4314 ti
1082 4244 1141 4334 qui
1164 4242 1336 4334 pmudum
1354 4247 1578 4333 pertroclmt

402 4387 529 4458 corque
550 4368 732 4457 jecurque,
762 4367 831 4438 Sed
855 4385 1003 4456 quorum
1036 4365 1202 4436 emundat
1227 4364 1387 4455 prudens
1414 4383 1576 4454 praeror-

400 4487 462 4558 dio
487 4488 609 4576 uirtus,
638 4487 836 4558 Excludens
863 4485 1015 4576 positam
1039 4483 1155 4556 subter
1180 4482 1293 4555 labem
1318 4485 1481 4556 vitorum
1505 4489 1575 4558 lle-

401 4607 506 4695 mipio
525 4609 692 4697 poterunt
714 4606 836 4677 colum
857 4609 1045 4694 penetrare
1068 4604 1399 4695 comtemnero
1423 4623 1486 4675 trec
1508 4624 1573 4675 oo-

400 4746 501 4798 ouum
537 4727 624 4798 lotis
650 4731 895 4798 consenuere
917 4724 1070 4814 pennis,
1095 4722 1214 4815 qualis
1239 4727 1340 4797 recte
1365 4743 1464 4797 nunc
1493 4730 1574 4797 erat

402 4852 510 4941 poeta
536 4845 681 4918 Dantes.
702 4883 752 4898 -
771 4849 836 4916 Ver
869 4839 897 4915 d.
932 4842 996 4916 llic
1029 4841 1174 4916 Beatrir
1216 4841 1300 4916 lacit
1332 4842 1575 4938 antiphoram,

461 5105 488 5167 (¹)
504 5105 534 5156 a.
552 5105 585 5154 nr
601 5104 694 5164 sumn,
711 5105 921 5156 diceneum.
1073 5103 1100 5167 (¹)
1117 5105 1148 5154 n.
1165 5104 1269 5154 ιιιιιιιιι.
1318 5083 1324 5095 ’
