4575 6842
832 1006 972 1063 murus
996 1006 1142 1061 seruus.
1496 987 1567 1057 tto

396 1151 480 1227 licet
505 1152 661 1246 Caesare,
679 1155 716 1226 et
738 1150 925 1246 praemittit
950 1148 1049 1243 quod
1070 1148 1171 1243 juste
1195 1146 1290 1242 cepit
1308 1167 1414 1222 arma
1439 1151 1568 1222 contra

394 1272 517 1349 hostes
533 1269 753 1346 auctoritate
771 1275 922 1344 senatus
938 1274 977 1343 et
994 1267 1182 1342 voluntate
1199 1267 1322 1362 populi
1341 1266 1494 1361 romani,
1513 1266 1568 1340 di·

395 1414 501 1469 ceus:
528 1396 596 1467 Poi
614 1395 742 1465 cesare
756 1392 786 1465 tl
799 1393 892 1481 totle,
910 1388 997 1463 illud
1015 1388 1175 1485 signum,
1190 1408 1257 1481 per
1275 1391 1371 1461 vom
1388 1390 1425 1461 di
1441 1392 1568 1478 llomo,

395 1515 499 1610 idest,
525 1514 715 1588 voluntate
739 1516 888 1586 senatus
912 1519 951 1585 et
976 1508 1097 1605 populi
1126 1508 1280 1602 romani,
1305 1513 1429 1583 tamen
1456 1528 1569 1602 opera

397 1634 560 1730 Pompeii
585 1640 623 1708 et
647 1630 779 1727 Crassi,
799 1631 876 1706 imo
901 1637 1051 1705 senatus
1077 1631 1175 1703 ultra
1199 1629 1351 1703 Galliam
1378 1627 1569 1723 transalpi-

399 1775 486 1829 mm
511 1754 609 1829 dedit
633 1752 701 1827 sibi
726 1751 936 1847 cisalpinam
956 1750 1089 1825 timens
1114 1770 1163 1823 ne
1181 1750 1338 1845 populus
1358 1747 1425 1822 sibi
1446 1747 1569 1822 daretz

399 1874 468 1950 luit
492 1872 590 1948 euim
616 1872 739 1948 Caesar
764 1871 882 1969 magis
905 1870 1049 1946 amicus
1072 1869 1196 1966 populi
1223 1889 1336 1964 quam
1368 1868 1570 1962 nobilium;

399 2000 437 2071 et
461 1996 531 2069 hoc
556 1993 653 2088 lecit,
672 2014 799 2087 presso
824 1995 864 2066 at
886 1999 1011 2085 tempo,
1040 1990 1174 2066 scilicet
1199 1988 1365 2087 Augusti,
1392 1989 1496 2084 quasi
1517 1988 1573 2063 di-

399 2121 470 2210 oat,
495 2114 679 2189 modicum
698 2120 784 2189 ante
801 2120 947 2209 tempus
963 2110 1164 2205 Octaviani,
1181 2112 1240 2183 cltc
1257 2117 1340 2184 tutto
1351 2112 1378 2183 't
1391 2112 1456 2183 ciel
1470 2112 1572 2201 notk,

399 2234 502 2329 idest,
528 2234 648 2309 omnis
672 2232 897 2309 constellatio
923 2231 1007 2307 coeli
1032 2231 1160 2325 voluit,
1192 2216 1301 2305 ridor'
1326 2231 1361 2302 lo
1393 2230 1522 2301 mnodo
1547 2248 1573 2301 o

399 2376 463 2429 suo
488 2357 594 2429 modo
617 2374 755 2445 mom,
788 2352 893 2447 quasi
923 2352 1029 2446 dicat,
1058 2351 1103 2426 ad
1139 2372 1258 2425 unum
1288 2350 1500 2447 principem,
1525 2348 1572 2425 ad

401 2496 519 2550 unum
547 2476 798 2568 monarcham,
817 2480 859 2547 ut
874 2472 968 2548 sicut
986 2492 1082 2546 unus
1102 2478 1157 2546 cst
1177 2471 1344 2567 princeps
1365 2470 1401 2543 ln
1424 2489 1573 2544 summo

401 2596 496 2671 coelo
520 2616 544 2670 a
569 2614 644 2690 quo
669 2593 873 2689 dependent
897 2612 1037 2686 omnes,
1055 2590 1248 2689 *intelligo
1262 2585 1299 2685 (¹)
1324 2598 1494 2688 regentes
1510 2610 1574 2664 or-

402 2716 500 2810 bem,
527 2715 577 2790 ita
601 2721 699 2790 esset
723 2735 833 2807 unus
845 2713 1014 2809 prinecps
1039 2713 1076 2786 in
1103 2719 1214 2807 terra,
1240 2732 1364 2805 aquo
1390 2712 1575 2807 depende-

404 2840 486 2909 rent
509 2823 725 2926 omnes*(¹)
752 2852 859 2929 reges
886 2832 1012 2907 mundi
1039 2833 1288 2929 gubernantes
1319 2852 1443 2929 regna.
1475 2830 1575 2907 lstud

404 2959 530 3028 autem
549 2952 616 3027 luit
632 2959 801 3047 tempore
819 2952 987 3048 Augusti,
1004 2952 1111 3027 cuius
1131 2953 1253 3027 Caesar
1272 2950 1339 3025 luit
1356 2952 1461 3047 quasi
1479 2972 1575 3048 prae·

405 3094 546 3168 cursor,
567 3092 636 3147 nec
661 3093 826 3167 unquam
844 3072 938 3147 alius
955 3079 1042 3147 ante
1066 3093 1153 3147 eum
1180 3080 1352 3168 potuerat
1376 3074 1576 3149 obtinuisse

405 3194 501 3269 istud
525 3192 816 3268 bravium—E
838 3194 926 3285 quel.
944 3193 1009 3267 llic
1025 3192 1251 3267 tustinianus
1278 3193 1371 3269 mira
1396 3194 1577 3271 brevitate

405 3320 568 3391 coarctat
592 3313 730 3389 bellum
755 3312 941 3410 gallicum,
968 3314 1015 3388 de
1040 3335 1115 3408 quo
1139 3314 1256 3389 Julius
1272 3315 1398 3390 Celsus
1416 3315 1520 3389 miles
1540 3319 1578 3389 et

406 3434 527 3510 socius
551 3434 715 3543 cesaris,
733 3434 797 3533 qui
814 3434 985 3508 omnibus
1006 3435 1180 3541 interluit,
1194 3435 1279 3511 lacit
1295 3436 1381 3510 satis
1399 3416 1578 3533 magnum

406 3540 592 3631 rolumeuss
610 3555 682 3631 Sed
698 3545 822 3650 aliqua
848 3546 966 3650 pauca
984 3536 1290 3631 'transcu'rrenter
1308 3558 1497 3655 attingam.
1517 3560 1579 3633 Est

407 3674 519 3772 igitur
544 3674 746 3769 sciendum,
771 3675 869 3770 quod
887 3675 1009 3751 Caesar
1027 3676 1062 3749 in
1079 3676 1195 3752 Gallia
1215 3677 1335 3773 primo
1355 3679 1481 3753 habuit
1499 3700 1579 3755 rem

406 3816 493 3871 cum
519 3795 692 3871 Helvetiis
717 3795 844 3871 vicinis
868 3795 1064 3890 Gebennae,
1090 3796 1154 3890 qui
1174 3817 1247 3871 non
1264 3798 1418 3873 audacia
1440 3800 1502 3873 sed
1519 3820 1581 3874 ra·
1645 3815 1650 3821 ·

408 3914 468 3990 bie
491 3914 647 3991 incensis
673 3914 782 3991 terris
807 3936 951 4010 eorum,
978 3916 1156 4010 parabant
1181 3916 1285 3991 exire
1310 3914 1401 3991 fines
1426 3917 1579 4014 patriae3

410 4055 504 4130 quos
534 4036 747 4111 recedentes
771 4036 905 4130 Goesar,
932 4035 1083 4109 transito
1100 4035 1288 4129 Rhodano,
1305 4035 1475 4111 citissime
1493 4058 1580 4111 cum

409 4154 609 4231 incredibili
626 4155 808 4232 occisione
825 4155 968 4250 delerit,
987 4154 1051 4249 qui
1067 4154 1183 4230 coacti
1207 4161 1292 4228 sunt
1309 4174 1483 4250 reparare
1505 4166 1582 4233 ter·

412 4298 472 4352 ras
497 4298 641 4352 eorum.
669 4277 792 4353 Coesar
816 4276 947 4353 deinde
970 4276 1194 4351 Ariovistum
1226 4296 1352 4372 regem
1382 4296 1583 4373 germano-

411 4417 510 4490 rum,
527 4397 590 4490 qui
613 4396 806 4492 Sequanos
830 4396 1028 4473 crudeliter
1052 4398 1295 4493 opprimebat,
1323 4397 1511 4491 requisivit
1536 4397 1583 4474 ad

411 4515 636 4609 colloquium
662 4536 801 4611 secum
836 4517 900 4611 qui
932 4518 1090 4611 superbe
1120 4517 1323 4612 respondit:
1350 4524 1387 4591 et
1417 4518 1498 4612 quis
1528 4523 1584 4593 est

411 4634 559 4711 Gaesarl
571 4644 701 4712 contra
713 4656 825 4731 quem
845 4636 969 4712 Caesar
986 4638 1051 4711 ivit
1067 4628 1103 4711 in
1124 4639 1326 4733 Sequanos,
1346 4644 1383 4713 et
1401 4640 1584 4715 acerrima

413 4776 537 4855 pugna
563 4757 766 4832 Ariovistus
796 4757 915 4833 rictus
940 4758 1083 4855 lugiens
1108 4758 1273 4833 transivit
1298 4760 1469 4835 Rhenum
1495 4780 1583 4835 cum

413 4898 529 4974 parva
554 4879 723 4953 navicula
743 4878 907 4973 deposita
924 4878 1066 4953 sarcina
1083 4878 1264 4974 superbiae
1289 4900 1366 4955 sum
1382 4906 1391 4953 z
1410 4885 1446 4956 et
1462 4881 1584 4957 Caesar

477 5064 506 5126 t¹l
520 5065 548 5119 S·
563 5079 580 5117 ο
594 5072 620 5127 ⁴,
635 5067 811 5133 nummos·
827 5072 955 5133 ml*

479 5140 509 5207 (¹)
522 5144 560 5195 La
574 5144 665 5208 parole
679 5144 720 5196 in
734 5146 744 5196 l
760 5146 811 5197 due
825 5144 958 5197 uterlsclll
973 5158 1038 5198 mna
1052 5146 1165 5211 snppltts
1180 5146 1249 5211 dagli
1265 5146 1324 5198 nltrl
1341 5152 1382 5199 trs
1396 5146 1493 5200 codici.
