4575 6842
700 989 839 1046 clusus
864 991 1057 1047 vicesimus
1082 991 1277 1046 strennuus.
1527 973 1570 1042 31

405 1140 480 1213 cles
505 1137 705 1233 denegaret
726 1135 880 1210 reddere
897 1145 1082 1229 sceptrum
1100 1133 1261 1229 Polynici
1280 1139 1406 1207 natum
1428 1138 1483 1208 est
1499 1133 1577 1208 bel-

405 1260 483 1332 lum
510 1258 676 1353 impium,
702 1255 748 1330 de
773 1276 848 1348 quo
873 1255 1010 1329 dictum
1039 1261 1094 1328 est
1118 1253 1251 1328 Inferni
1279 1254 1438 1348 capitulo
1463 1252 1576 1326 XXVI

405 1385 442 1454 et
466 1378 550 1452 alibi
576 1397 683 1472 saepe.
716 1375 808 1450 Dicit
833 1395 923 1471 ergo
950 1381 1078 1469 poeta:
1104 1395 1123 1446 e
1153 1376 1182 1446 tt
1211 1382 1336 1446 conmr
1365 1375 1419 1446 dc
1436 1375 1579 1446 munao

406 1502 531 1589 carmi,
557 1499 659 1592 idest,
687 1495 867 1592 Virgilius,
894 1495 957 1589 qui
987 1493 1128 1589 scripsit
1154 1493 1375 1587 Bucolicam,
1402 1492 1577 1567 inducens

407 1618 528 1694 varios
554 1620 796 1693 collocutores
822 1617 891 1690 sub
918 1615 1066 1689 nomine
1091 1621 1295 1710 pastorum,
1313 1617 1418 1704 disse,
1443 1613 1577 1687 Statio:

408 1740 445 1811 la
466 1741 557 1832 fede,
575 1737 722 1830 scilicet,
741 1735 947 1828 christiana,
968 1755 1078 1808 senza
1099 1737 1135 1808 la
1158 1735 1243 1826 qual
1257 1735 1320 1806 ben
1335 1738 1398 1828 sor
1418 1754 1492 1806 non
1516 1733 1580 1805 lra-

408 1867 476 1950 sln,
503 1859 588 1954 quia
615 1858 703 1931 salsa
730 1857 845 1929 virtus
872 1861 926 1930 est
952 1856 1060 1930 etiam
1083 1855 1119 1928 in
1139 1855 1284 1950 optimis
1316 1855 1482 1928 moribus
1502 1853 1580 1928 sine

410 1979 491 2072 lide,
517 2000 588 2052 non
609 1998 683 2072 par
707 1980 766 2050 cte
798 1981 824 2050 tr'
854 1981 987 2072 lacesse
1021 1997 1133 2049 uncos·
1162 1978 1284 2070 sedete,
1305 1975 1456 2070 scilicet,
1483 1975 1581 2050 cirri·

410 2099 581 2193 stianum,
604 2121 671 2192 per
696 2100 775 2191 quet
798 2099 856 2170 cltc
885 2099 957 2169 Clio
987 2088 1010 2169 tl
1041 2103 1145 2186 tosto,
1173 2095 1274 2188 idest,
1302 2101 1482 2188 quantum
1515 2115 1580 2190 po-
1633 2169 1637 2177 ,

410 2226 479 2294 test
505 2218 763 2314 comprehendi
782 2237 827 2292 ex
847 2238 937 2291 sono
953 2217 1069 2290 literae
1085 2209 1121 2308 (¹)
1140 2215 1292 2310 poeticae
1317 2237 1401 2307 quae
1417 2215 1582 2309 loquitur

410 2345 553 2414 tantum
580 2339 626 2414 do
651 2339 752 2413 cultu
779 2338 946 2412 deorum.
979 2336 1055 2411 Clio
1086 2335 1183 2410 enim
1219 2342 1274 2410 est
1299 2335 1417 2430 prima
1449 2353 1582 2411 novem

412 2481 618 2553 musarum,
644 2480 729 2552 quae
754 2465 810 2532 est
835 2457 902 2532 dea
929 2456 1056 2554 gloriae
1086 2463 1123 2530 et
1153 2457 1271 2548 lamae,
1299 2462 1340 2528 ut
1365 2456 1502 2531 dictum
1528 2462 1584 2531 est

413 2581 531 2676 primo
566 2579 725 2675 capitulo
756 2577 976 2674 Purgatorii,
1002 2579 1143 2669 qnando
1174 2585 1210 2650 le
1239 2581 1388 2650 cosmati
1417 2581 1448 2650 lc
1479 2581 1586 2650 crude

414 2704 521 2790 arant,
548 2698 693 2792 scilicet,
720 2703 888 2772 mutuam
915 2695 1064 2789 caedem,
1090 2698 1182 2769 della
1208 2698 1338 2788 doppia
1371 2700 1521 2770 nauale
1549 2699 1587 2769 di

419 2824 595 2910 tilecastri,
626 2818 728 2912 idest,
759 2818 919 2891 duorum
959 2815 1116 2890 liliorum
1147 2816 1239 2909 eius,
1265 2817 1328 2910 qui
1358 2835 1398 2889 se
1429 2815 1586 2890 invicem

415 2941 639 3016 occiderunt.
670 2939 713 3010 Et
745 2957 833 3012 vere
867 2957 1000 3032 magna
1034 2936 1100 3010 luit
1132 2937 1274 3010 tristitia
1304 2938 1468 3028 locastae,
1499 2957 1586 3009 nam

417 3066 618 3135 retractans
642 3057 804 3132 inaudita
831 3057 926 3131 mala
952 3077 1035 3152 quae
1048 3077 1165 3152 vpassa
1183 3057 1302 3131 luerat
1322 3056 1513 3152 impatiens
1534 3063 1588 3130 tot

417 3180 586 3254 dolorum
615 3185 651 3254 et
677 3179 907 3252 miseriarum
935 3177 1112 3251 transfixit
1129 3177 1195 3250 sibi
1216 3178 1416 3272 praecordia
1434 3199 1479 3252 eo
1500 3197 1588 3252 ense

417 3320 493 3393 quo
522 3299 684 3393 OEdipus'
711 3298 943 3372 interiecerat
971 3297 1118 3390 Laium;
1153 3297 1223 3389 vel,
1254 3297 1455 3371 secundum
1486 3297 1588 3392 alios,

418 3419 530 3493 vitam
557 3418 736 3492 infelicem
763 3419 897 3511 laqueo
923 3415 1142 3492 terminavit.
1165 3417 1209 3489 Et
1234 3437 1279 3491 ex
1306 3418 1376 3491 hoo
1401 3418 1490 3513 petit
1507 3418 1589 3491 Vir·

418 3537 543 3634 gilius:
570 3559 606 3610 sc
630 3529 701 3609 cosi
726 3533 757 3626 ἐ,
775 3536 872 3631 quod
891 3536 1003 3610 lucris
1021 3535 1172 3610 infidelis
1191 3536 1372 3630 usquead
1389 3537 1476 3611 illud
1495 3545 1591 3611 tem-

289 3725 293 3732 .
420 3679 498 3753 pus,
526 3659 611 3749 qual
641 3659 714 3729 sole
738 3677 761 3728 o
786 3659 869 3748 quui
893 3659 1035 3729 candele
1058 3661 1086 3729 o·
1109 3657 1351 3747 steaclrraron,
1381 3657 1483 3751 idest,
1509 3657 1592 3751 quis

421 3776 574 3871 sapiens,
601 3776 658 3849 vel
686 3796 769 3868 quae
795 3775 874 3849 eius
900 3775 993 3848 dicta
1020 3775 1275 3849 illuminarunt
1292 3782 1328 3851 te
1348 3777 1385 3850 in
1412 3784 1510 3851 tanta
1536 3783 1593 3852 te-

422 3897 535 3971 nebra
563 3895 802 3993 ignorantia?
827 3889 856 3967 si
880 3897 940 3968 clte
964 3903 999 3968 lu
1023 3898 1197 3969 drizzasli
1216 3901 1341 3990 pescia
1365 3900 1396 3970 te
1422 3901 1506 3992 cele,
1526 3918 1593 3971 na-

423 4016 580 4112 vigando
605 4035 741 4110 aquam
776 4015 987 4108 salutarem,
1013 4019 1148 4089 duone
1178 4019 1217 4089 ol
1238 4027 1414 4110 pesculor,
1445 4017 1593 4112 scilicet,

422 4137 573 4211 beatum
590 4136 742 4210 Petrum
769 4135 966 4230 principem
995 4135 1202 4210 fidei-El
1223 4141 1300 4228 epti.
1320 4137 1384 4212 llic
1405 4144 1512 4233 poeta
1529 4157 1595 4232 po-

424 4256 476 4330 uit
502 4245 776 4350 responsionem
801 4253 901 4329 Statii
927 4256 972 4329 ad
998 4255 1208 4350 petitionem
1221 4255 1372 4352 Virgilii,
1392 4257 1533 4332 dicens:
1554 4261 1597 4330 Et
1733 4335 1738 4344 ,

424 4380 492 4468 epti
516 4397 540 4447 a
565 4379 633 4469 lui,-
659 4377 797 4470 supple,
829 4375 974 4470 Statius,
1001 4377 1186 4471 respondit
1214 4377 1386 4473 Virgilio:
1414 4385 1449 4451 tu
1474 4382 1597 4472 prima

425 4499 471 4568 m'
484 4499 624 4570 inciastt'
648 4518 750 4569 uerso
775 4502 953 4590 Parnaso,
973 4496 1018 4569 ad
1036 4497 1278 4591 poetandum:
1297 4498 1479 4571 Parnasus
1496 4498 1595 4572 enim

427 4622 483 4692 est
508 4638 613 4692 mons
638 4617 901 4692 celeberrimus
926 4615 1112 4690 dedicatus
1134 4617 1266 4711 poetis3
1294 4638 1318 4689 o
1342 4619 1403 4691 ber
1426 4621 1598 4710 actiosus

428 4744 553 4828 protte,
580 4738 680 4832 idest,
707 4738 753 4812 ad
778 4735 1022 4811 hauriendum
1049 4736 1095 4811 de
1121 4735 1220 4811 lonte
1249 4738 1449 4813 heliconico
1478 4761 1598 4815 amoe·

429 4857 590 4953 nissimo,
622 4864 665 4932 ut
695 4858 837 4932 dicetur
874 4856 993 4952 primo
1031 4855 1191 4952 capitulo
1224 4858 1401 4954 paradisi,
1434 4863 1600 4954 eposcie

494 5117 521 5182 (¹)
538 5119 569 5170 Ε.
586 5133 650 5171 sono
665 5119 722 5171 lire
738 5120 853 5184 poellcm
