4575 6842
825 993 965 1049 caurus
989 993 1165 1060 ounurus.
1511 978 1582 1046 387

411 1138 478 1214 nisi
503 1159 569 1234 per
594 1137 775 1231 auditum,
794 1135 927 1229 visum,
946 1141 1014 1208 ete.
1029 1139 1162 1208 -Per
1186 1143 1313 1228 queam.
1339 1134 1406 1210 llic
1436 1135 1583 1210 beatrix

411 1257 605 1334 confirmat
629 1258 767 1332 dietum
794 1275 905 1328 suum
931 1256 1101 1349 exemplo
1126 1274 1241 1330 sacrae
1271 1255 1474 1350 scripturn,
1499 1274 1585 1348 que

412 1379 530 1453 utitur
556 1377 619 1453 tali
644 1377 754 1452 modo
780 1373 951 1469 loquendi
968 1374 1127 1472 figurato
1153 1375 1190 1448 in
1215 1375 1292 1450 Deo
1318 1383 1355 1451 et
1380 1375 1585 1472 intelligen-

415 1497 483 1592 tiis,
509 1496 650 1572 dicens:
676 1501 748 1570 Per
768 1501 899 1588 worm,
920 1493 1023 1588 idest,
1040 1494 1088 1569 ob
1112 1494 1218 1568 istam
1241 1515 1405 1590 eausam,
1423 1499 1459 1569 la
1475 1498 1585 1570 Serit-

359 1695 368 1712 ,
415 1625 510 1708 bero,
536 1637 619 1711 quae
649 1621 703 1691 ost
732 1616 808 1710 ipsa
835 1615 994 1709 beatrix,
1020 1617 1254 1688 emtdesoende
1276 1636 1300 1686 α
1326 1622 1447 1688 vostra
1469 1616 1586 1709 saeel-

415 1745 496 1828 tate,
514 1737 615 1830 idest,
634 1735 792 1811 seientiae
818 1735 1002 1829 bumanae,
1020 1755 1039 1807 e
1057 1735 1253 1808 amunte
1277 1755 1301 1806 a
1326 1738 1396 1807 Dio
1412 1756 1431 1807 e
1448 1737 1545 1828 pt'edi
1567 1756 1587 1807 e

415 1877 536 1948 marro,
545 1855 639 1931 siout
651 1855 784 1930 dieitur
797 1854 971 1950 principio
982 1854 1133 1928 Genesis
1147 1854 1246 1948 quod
1258 1849 1587 1948 DominusDeusl'i

414 1976 628 2053 ambulabat
645 1995 711 2070 per
724 1974 945 2070 paradisum,
958 1981 996 2048 et
1013 1974 1112 2068 quod
1129 1995 1262 2048 manus
1279 1974 1360 2049 eius
1372 1974 1457 2048 lecit
1469 1974 1590 2049 borni-

416 2117 514 2190 uem,
532 2103 570 2170 et
592 2095 641 2170 ita
661 2095 708 2170 de
732 2094 873 2188 multis3
892 2101 925 2168 et
943 2097 1036 2168 altro
1058 2095 1207 2185 intende,
1229 2093 1316 2188 quia
1343 2114 1410 2189 per
1433 2115 1588 2168 manum

415 2216 581 2312 intelligit
606 2215 803 2310 potentiam
821 2205 857 2306 (¹)
885 2221 922 2289 et
947 2214 1210 2310 operationem,
1236 2235 1303 2310 per
1317 2215 1455 2310 pedem
1483 2237 1589 2290 amo-

417 2358 498 2412 rem
515 2343 553 2412 et
571 2335 814 2412 allectionem.
841 2336 886 2409 Et
911 2334 969 2409 bic
990 2344 1076 2411 uota
1094 2334 1193 2428 quod
1213 2341 1319 2429 poeta
1339 2335 1475 2430 optime
1491 2335 1589 2430 dicit,

417 2456 504 2550 quia
529 2455 728 2550 spiritualia
755 2474 828 2529 non
859 2461 1010 2549 possunt
1042 2455 1145 2528 nobis
1178 2454 1401 2529 manilestari
1431 2455 1499 2528 nisi
1524 2475 1590 2550 per

418 2577 639 2652 sensibilium
666 2574 955 2668 similitudinem;
975 2594 1051 2649 vuec
1082 2574 1163 2649 talis
1192 2574 1323 2648 modus
1347 2575 1591 2670 persuadendi

419 2695 669 2790 despiciendus
690 2702 745 2772 est
762 2693 965 2771 secundum
983 2695 1230 2792 Augustinum
1249 2695 1296 2770 de
1312 2695 1476 2771 doctrina
1494 2698 1593 2773 elui·

420 2815 557 2910 stiaua3
583 2815 658 2890 imo
682 2823 737 2892 est
761 2815 1005 2910 pulcerrimus
1024 2814 1156 2888 modus
1182 2815 1365 2908 loquendi.
1393 2817 1470 2892 lloc
1494 2817 1592 2894 idem

421 2934 506 3010 laeit
530 2936 577 3010 de
601 2936 752 3033 augelis,
769 2936 833 3030 qui
851 2943 936 3010 sunt
953 2935 1088 3010 similes
1106 2936 1201 3030 Deo;
1220 2935 1318 3010 unde
1335 2936 1437 3010 dicit:
1454 2959 1474 3011 e
1489 2946 1595 3012 santa

422 3057 548 3149 elusa,
565 3055 711 3150 seilicet,
729 3054 927 3150 apostoliea
945 3054 1102 3129 militans
1123 3055 1200 3130 Deo
1224 3055 1262 3128 in
1286 3055 1436 3151 mundo,
1454 3061 1491 3131 oi
1504 3079 1595 3152 rop-

419 3181 675 3268 presentandos
699 3181 831 3268 ospello
856 3195 1000 3264 umaro,
1025 3174 1127 3266 idest,
1153 3175 1190 3248 in
1215 3174 1308 3250 laoie
1333 3176 1501 3272 bominis,
1521 3181 1596 3251 Ga-

422 3295 551 3386 brietle,
578 3294 640 3388 qui
665 3295 927 3389 interpretatur
953 3292 1128 3369 tortitudo
1159 3294 1235 3388 Dei,
1274 3295 1357 3370 ideo
1372 3286 1409 3387 (³)
1441 3297 1597 3372 mittitur

422 3414 469 3490 ad
495 3415 659 3510 Mariam,
685 3437 703 3489 e
727 3417 868 3500 litoteta
885 3436 903 3488 e
919 3417 941 3487 l'
955 3417 1061 3504 altre,
1079 3414 1227 3511 seilicet,
1245 3415 1395 3491 tertium
1420 3420 1597 3515 angelum

424 3535 657 3630 Rapbaelem,
684 3536 748 3629 qui
773 3535 1036 3630 interpretatur
1071 3534 1251 3610 medicina
1281 3537 1358 3631 Dei,
1392 3537 1474 3613 ideo
1512 3539 1599 3613 mit-

426 3656 515 3730 titur
539 3656 586 3731 ad
611 3655 780 3751 lobiam,
807 3656 905 3731 unde
929 3655 1032 3730 dicit:
1058 3657 1118 3730 ebe
1144 3656 1250 3730 Tobiu
1267 3658 1373 3751 risere
1391 3679 1494 3751 sarto,
1511 3680 1597 3735 cum

426 3782 522 3852 esset
546 3795 699 3871 pauper,
721 3795 835 3850 senex
861 3782 899 3850 et
923 3795 1055 3850 eaeeus.
1082 3774 1154 3850 Sed
1178 3794 1227 3850 ne
1250 3775 1388 3871 aliquid
1410 3785 1601 3855 remaneat

427 3899 550 3972 miuus
575 3898 731 3990 clarum,
758 3903 813 3970 eet
843 3895 1059 3970 brevissime
1083 3897 1303 3970 summanda
1329 3897 1491 3994 historia,
1516 3919 1602 3994 quoe

428 4024 484 4094 est
510 4016 696 4092 notissima
721 4016 819 4112 apud
844 4016 1069 4110 christianos,
1087 4022 1125 4090 et
1150 4036 1224 4091 nou
1249 4017 1454 4092 admittitur
1469 4020 1519 4094 ab
1535 4020 1602 4095 be·

428 4138 547 4212 braels.
574 4136 704 4212 Tobios
729 4157 820 4233 ergo
845 4136 913 4210 luit
933 4136 1109 4233 galileus,
1127 4135 1185 4210 vir
1200 4137 1334 4231 justus,
1354 4137 1449 4233 pius,
1470 4138 1603 4214 timens

429 4259 561 4351 Deum,
578 4258 643 4351 qui
660 4256 826 4352 captivus
849 4257 886 4330 in
911 4257 1057 4332 civitate
1074 4256 1203 4331 Ninive
1220 4257 1335 4332 semel
1357 4256 1528 4354 fatigatus
1544 4279 1604 4334 se-

431 4380 580 4474 pultura
599 4377 708 4452 unius
724 4376 781 4450 sui
799 4376 934 4450 bebraei
953 4376 1143 4471 interiecti,
1161 4375 1250 4451 dum
1270 4377 1380 4451 vellet
1392 4399 1525 4472 parum
1543 4398 1605 4454 re-

433 4497 624 4592 quiescere
649 4503 811 4572 stercora
836 4494 952 4571 calida
969 4495 1207 4570 birundinum
1230 4496 1442 4572 oeciderunt
1459 4497 1496 4571 in
1513 4518 1605 4573 oeu-

431 4616 487 4691 los
512 4617 591 4691 eius
616 4623 653 4691 et
678 4616 795 4691 iaetus
820 4620 875 4691 est
900 4635 1030 4691 cecus.
1057 4615 1126 4690 Sed
1161 4617 1292 4691 Tobias
1321 4617 1358 4691 in
1385 4618 1607 4696 adversitate

433 4757 501 4812 sua
527 4736 810 4832 patientissimus
828 4755 975 4830 semper
993 4736 1130 4833 gratias
1147 4738 1223 4832 egit
1239 4738 1327 4812 lieo.
1346 4739 1507 4814 Tandem
1524 4761 1608 4816 ore-

497 4969 525 5032 (¹)
540 4968 571 5020 Ε.
589 4967 658 5018 linus
674 4969 751 5019 Pater
766 4969 930 5032 omnipotens
945 4967 1100 5020 ambulabat.
1175 4929 1182 4944 ι

497 5043 526 5107 (¹)
541 5049 566 5106 l,
581 5044 730 5108 sapientiam
746 5049 773 5096 et
788 5047 974 5108 operationem.

499 5118 568 5186 (¹)S.
584 5121 657 5183 ideal,
673 5121 868 5184 nlilitum—t,
884 5122 943 5174 inde
959 5122 1079 5174 mittitur.
