4575 6842
715 954 786 1021 206
935 948 939 955 '
1073 964 1279 1021 comarum
1303 963 1525 1019 runonrunu

708 1115 800 1205 socc,
825 1110 927 1205 idest,
955 1110 1039 1186 iacit
1064 1115 1268 1203 aecortum,
1294 1111 1380 1201 pout
1407 1111 1492 1199 piro
1525 1111 1648 1201 tinwn,
1673 1107 1777 1204 idest,
1803 1109 1888 1204 qui·

709 1251 873 1325 cumque
897 1232 1080 1329 gubernat
1114 1230 1238 1305 navim
1271 1229 1307 1305 in
1342 1228 1436 1303 mari
1470 1237 1608 1322 nostro,
1638 1250 1706 1323 per
1739 1234 1844 1327 omnir
1862 1252 1888 1305 o

706 1358 812 1445 porto
827 1345 883 1445 dl:
911 1353 989 1427 vult
1015 1372 1105 1449 ergo
1130 1350 1254 1426 dicere
1279 1349 1378 1444 quod
1402 1349 1617 1445 septemtrio
1641 1351 1811 1447 superior
1829 1372 1889 1427 se-

710 1478 810 1566 ptem
836 1471 1143 1548 candelabrorum
1170 1469 1392 1563 ardentium,
1410 1468 1533 1566 dirigit
1551 1488 1701 1545 omnem
1728 1471 1889 1546 militan-

582 1578 587 1587 ’
713 1596 787 1665 tem
815 1590 851 1664 in
877 1591 945 1666 ista
970 1591 1122 1666 ecclesia
1148 1591 1195 1665 ad
1220 1596 1369 1686 portum
1394 1589 1533 1684 salutis,
1554 1589 1649 1663 sicut
1673 1589 1826 1666 inierior
1851 1590 1889 1665 in

714 1716 853 1805 septem
882 1710 992 1785 stellis
1017 1709 1237 1803 lucentibus,
1261 1709 1384 1805 dirigit
1407 1730 1559 1785 omnem
1589 1708 1825 1807 navigantem
1851 1711 1889 1786 in

714 1836 841 1905 nostro
868 1830 961 1905 mari
986 1830 1150 1905 inieriori
1174 1829 1221 1904 ad
1247 1835 1395 1925 portum
1417 1829 1561 1925 quietis.
1576 1870 1626 1883 -
1641 1835 1684 1904 m
1706 1853 1764 1905 un.
1784 1831 1889 1905 Nunc

715 1958 822 2045 poeta
848 1950 1018 2025 describit
1043 1950 1209 2025 solemne
1234 1950 1368 2025 festum
1393 1958 1431 2025 et
1455 1950 1632 2047 gaudium
1659 1950 1888 2026 celebratum

714 2091 826 2168 supra
852 2092 1006 2145 currum
1034 2077 1071 2146 et
1095 2073 1301 2168 gryphum:
1320 2078 1358 2146 et
1373 2071 1493 2167 primo
1518 2071 1668 2166 quidem
1693 2070 1890 2147 introducit

716 2213 833 2266 unum
868 2211 995 2266 senem
1029 2198 1238 2267 cantantem
1264 2191 1392 2267 laudes
1429 2190 1542 2287 ipsius
1573 2190 1747 2266 ecclesie.
1775 2191 1818 2265 Et
1842 2190 1890 2266 ad

714 2312 988 2409 intelligentiam
1014 2312 1130 2387 litere
1155 2312 1267 2387 debes
1292 2312 1398 2407 scire,
1416 2312 1516 2407 qood
1536 2310 1595 2387 bic
1618 2319 1698 2386 erat
1715 2311 1889 2387 Salomon

714 2434 778 2529 qui
803 2435 898 2509 inter
923 2434 1013 2508 alios
1037 2431 1122 2509 lecit
1146 2434 1281 2507 librum
1308 2432 1372 2527 qui
1392 2432 1599 2507 intitulatur
1619 2433 1768 2509 Cantica
1792 2433 1891 2509 Can·

714 2553 885 2647 ticorum,
904 2554 940 2626 in
962 2574 1037 2647 quo
1054 2552 1123 2627 sub
1140 2558 1227 2649 typo
1247 2552 1417 2628 describit
1432 2559 1570 2627 statum
1595 2553 1758 2627 ecclesie
1774 2553 1891 2628 intro·

715 2673 853 2749 ducens
875 2695 1048 2770 sponsum
1070 2678 1107 2747 et
1123 2694 1308 2768 sponsam,
1324 2672 1417 2749 idest
1434 2671 1619 2748 Christum
1636 2679 1673 2747 et
1698 2674 1890 2749 eeclesiam

717 2793 764 2870 ad
798 2793 1024 2888 loquendum
1052 2797 1204 2887 mutuo;
1234 2792 1316 2867 ideo
1342 2792 1475 2867 merito
1504 2799 1611 2889 poeta
1640 2784 1887 2886 introducitl¹l

718 2912 951 2989 Salomonem
977 2913 1036 2987 bic
1054 2914 1258 3008 festantem,
1279 2912 1422 2988 dicens:
1448 2918 1557 2987 Etuo
1580 2915 1618 2985 dt
1642 2916 1735 3005 toro,
1755 2913 1803 2989 de
1821 2934 1893 2987 nu·

719 3052 824 3107 mero
850 3032 998 3107 illorum
1024 3031 1226 3126 seniorum,
1252 3031 1388 3107 scilicet
1413 3031 1597 3126 Salomon,
1621 3034 1723 3123 guasi
1744 3033 1809 3105 dol
1830 3033 1894 3105 olel

718 3172 843 3243 merso,
870 3152 957 3247 quia
982 3153 1157 3227 Salomon
1181 3151 1310 3226 babuit
1331 3150 1546 3247 sapientiam
1572 3172 1596 3225 a
1620 3151 1778 3226 llomino
1792 3142 1830 3244 (³)
1855 3157 1893 3227 et

718 3272 881 3347 maxima
906 3272 1002 3347 dona
1027 3272 1245 3369 gratiarum,
1267 3278 1305 3347 et
1329 3277 1456 3346 tamen
1483 3276 1674 3365 tamquam
1700 3272 1812 3347 bomo
1838 3271 1894 3345 ni·

718 3394 788 3469 mis
813 3393 1015 3469 enormiter
1040 3392 1197 3488 erravit5
1223 3392 1304 3467 ideo
1329 3392 1431 3486 dixit,
1458 3395 1561 3484 quod
1582 3384 1688 3483 pauo
1713 3394 1892 3466 coeundo

718 3522 770 3589 tre
796 3519 904 3589 volte:
938 3516 1031 3604 Veni,
1047 3534 1192 3607 sponna,
1218 3515 1262 3587 de
1287 3514 1430 3587 Libano.
1456 3513 1529 3587 Ista
1555 3512 1668 3587 verba
1693 3512 1826 3607 scripta
1853 3512 1892 3587 in

718 3634 891 3731 praedicto
912 3634 1006 3708 libro
1023 3633 1259 3709 canticorum
1278 3638 1365 3706 suut
1381 3632 1496 3708 verba
1512 3632 1646 3727 sponsi,
1662 3632 1765 3726 idest,
1787 3632 1894 3708 Chri-

718 3752 773 3849 sti,
801 3752 864 3847 qui
888 3752 975 3828 dicit
999 3752 1046 3827 ad
1070 3772 1253 3849 sponsam,
1280 3752 1372 3828 idest
1404 3752 1619 3827 ecclesiam:
1647 3752 1737 3827 Veni
1761 3773 1894 3848 sponsa

721 3892 804 3947 mea
831 3871 1024 3947 odorilera.
1050 3871 1229 3946 Libanum
1257 3872 1356 3947 enim
1374 3878 1428 3947 est
1447 3892 1554 3947 mons
1569 3871 1726 3966 Arabiae,
1744 3872 1808 3947 ubi
1826 3894 1895 3947 ua·

595 4056 598 4063 .
720 3993 834 4069 scitur
859 3995 945 4067 tbus
970 3994 1070 4087 quod
1087 3992 1200 4067 etiam
1216 3992 1349 4068 dicitur
1372 3992 1574 4088 olibanum,
1593 3992 1689 4068 sicut
1709 3998 1809 4089 patet
1827 4013 1896 4090 per

622 4130 628 4143 ⁴
720 4112 962 4208 Beruardum,
981 4113 1044 4207 qui
1071 4114 1199 4209 pulcre
1223 4113 1348 4189 scribit
1366 4134 1479 4209 super
1498 4114 1609 4189 istum
1631 4113 1768 4190 librum
1783 4103 1840 4209 (⁸),
1857 4120 1896 4190 et

722 4233 845 4309 caeteri
871 4232 1186 4308 confirmaverunt
1211 4234 1350 4309 dictum
1375 4234 1590 4309 Salomonis.
1616 4234 1720 4310 Unde
1743 4235 1850 4310 dicit:
1869 4248 1896 4309 'c

715 4356 796 4429 tutti
824 4356 875 4445 pli
907 4356 1003 4445 altri,
1035 4352 1181 4446 scilicet,
1215 4354 1392 4449 seniores,
1421 4375 1603 4448 oppresso,
1638 4357 1897 4431 clamaverunt

721 4472 970 4549 cantando-
986 4475 1098 4561 mooli.
1117 4471 1183 4548 llic
1199 4480 1319 4569 poeta,
1337 4480 1485 4551 ostenso
1501 4475 1601 4569 quod
1618 4475 1791 4550 Salomon
1808 4496 1897 4551 cum

721 4592 796 4667 suis
814 4592 1019 4667 senioribus
1036 4591 1243 4668 decantavit
1268 4593 1396 4669 laudes
1412 4614 1565 4689 sponsae,
1582 4594 1781 4669 introducit
1798 4595 1897 4670 mul-

720 4711 912 4787 titudinem
950 4713 1169 4808 angelorum
1201 4712 1475 4788 decantantium
1510 4713 1637 4789 laudes
1661 4714 1795 4810 sponsi,
1830 4734 1898 4810 per
1987 4717 1991 4723 ’

784 4930 811 4993 (¹)
827 4929 858 4980 E.
875 4944 893 4980 o
905 4936 998 4993 porto:
1013 4931 1078 4982 utllo
1094 4944 1159 4995 ergo
1173 4937 1222 4992 erl,
1238 4934 1265 4983 et
1280 4930 1338 4982 vult
1353 4930 1449 4983 dicere.

785 5004 813 5070 (¹)
829 5006 860 5057 ll.
877 5006 1018 5057 introducit
1034 5020 1131 5067 aencm,
1149 5009 1215 5058 idest
1230 5008 1404 5059 Solomonem.

786 5080 1278 5147 Mallumiuometmulma.
1402 5081 1837 5148 eJRllbromCmtlcorumel.
