4575 6842
828 986 968 1041 caurus
991 928 1158 1053 ounrrus.
1505 976 1576 1045 tlt

313 1226 322 1245 .
403 1136 544 1227 queldo
569 1131 688 1206 maior
713 1136 768 1205 est
794 1150 972 1205 numerus
997 1150 1250 1226 possessorum
1268 1140 1418 1210 aetemae
1438 1135 1576 1231 gloriar,

403 1258 506 1329 muto
521 1254 604 1349 plus
620 1258 677 1327 est
692 1252 741 1326 ibi
758 1252 919 1327 caritatis
935 1258 973 1327 et
988 1252 1144 1347 amoris,
1162 1253 1221 1328 rel
1239 1256 1308 1329 hoc
1325 1254 1410 1331 dicit
1421 1249 1471 1351 (¹),
1490 1256 1578 1349 quia

403 1380 514 1450 antor
538 1394 712 1449 reversus
734 1372 781 1447 ad
807 1370 989 1445 mundum
1015 1372 1151 1447 scribet
1180 1373 1228 1449 de
1260 1375 1313 1449 eis
1342 1380 1379 1450 et
1404 1374 1578 1452 exaltabit

404 1514 538 1570 nomen
565 1501 602 1568 et
626 1494 762 1568 lamam
789 1512 933 1567 eorum.
960 1490 1004 1565 Et
1026 1492 1150 1568 subdit
1179 1493 1217 1568 in
1244 1494 1390 1589 speciali
1416 1495 1578 1591 singula-

405 1634 485 1691 rem
511 1614 741 1690 affectionem
772 1633 886 1707 quam
917 1612 1102 1689 habebant
1128 1613 1176 1689 ad
1201 1633 1313 1710 eum,¹
1335 1615 1479 1692 dicens:
1504 1637 1524 1689 e
1546 1610 1577 1690 si

404 1754 501 1808 eone
522 1737 687 1807 amoeno
711 1754 737 1806 a
758 1736 821 1807 noi
844 1734 959 1826 venio,
986 1734 1322 1829 appropinquantes
1346 1734 1393 1810 ad
1420 1756 1497 1831 nos,
1518 1758 1577 1811 oe-

404 1856 503 1930 dean'
526 1854 699 1946 tomdro,
724 1853 828 1948 idest,
847 1854 973 1928 anima
997 1853 1109 1948 clara,
1136 1858 1243 1947 piena
1267 1858 1306 1930 di
1329 1859 1459 1947 tetizia,
1476 1856 1576 1952 plus-

403 1995 517 2071 quam
543 1975 674 2071 primo,
700 1978 758 2049 nel
778 1978 899 2069 solpor
922 1976 1059 2067 adiero,
1084 1974 1188 2069 idest,
1219 1975 1413 2071 splendore
1443 1978 1575 2072 lucido,

403 2100 463 2170 cte
487 2099 526 2170 di
549 2098 593 2169 tei
615 2089 723 2170 uscia.
749 2097 794 2170 Et
817 2095 877 2169 hio
901 2104 988 2172 nota
1009 2096 1110 2190 quod
1134 2102 1243 2191 poeta
1270 2099 1402 2173 merito
1419 2098 1481 2173 dat
1499 2099 1576 2173 istis

403 2218 629 2314 singularem
646 2214 850 2291 claritatem
868 2222 906 2290 et
921 2214 1096 2311 letitiam,
1114 2217 1201 2312 quia
1219 2218 1422 2293 llercurius
1440 2220 1573 2315 estqui

403 2338 490 2413 lacit
506 2336 674 2413 homines
689 2336 839 2429 activos,
856 2356 1019 2433 sagaoes,
1032 2335 1266 2432 eloquentes:
1284 2339 1493 2434 eloquentia
1507 2362 1575 2415 au-

403 2466 479 2534 tem
506 2464 563 2533 est
587 2478 648 2533 res
665 2456 851 2551 mirabilis,
868 2456 915 2532 de
930 2478 1005 2551 qua
1025 2457 1111 2532 dioit
1130 2458 1281 2554 Tullius,
1299 2460 1398 2554 quod
1416 2460 1502 2535 nihil
1520 2461 1576 2535 vi·

400 2580 513 2655 detur
537 2579 670 2654 melios
695 2600 807 2673 quam
834 2597 941 2674 posse
960 2576 1113 2653 dioendo
1131 2586 1261 2655 tenere
1280 2579 1472 2655 hominurn
1494 2588 1575 2655 tur·

401 2700 478 2796 bas,
504 2707 647 2775 mentes
671 2680 831 2794 allicere,
858 2700 1064 2775 voluntates
1092 2720 1296 2795 provocare
1322 2706 1360 2777 et
1385 2720 1572 2777 revocare.

401 2822 495 2911 Quid
520 2829 595 2897 tam
625 2822 760 2918 regale,
776 2827 853 2896 tarn
878 2819 1041 2914 liberale,
1058 2840 1172 2916 quam
1190 2821 1280 2896 dare
1297 2822 1466 2917 salutem,
1485 2820 1575 2897 libe-

403 2962 488 3018 rare
512 2942 694 3039 perieulis,
720 2940 881 3017 retinere
905 2942 1072 3016 homines
1096 2942 1134 3015 in
1160 2940 1328 3017 civitate?
1353 2943 1452 3038 Ergo
1477 2942 1573 3017 bene

401 3063 506 3138 dicit:
537 3061 619 3157 quis
651 3082 725 3137 non
753 3068 909 3138 conetur
932 3061 1186 3138 *antecellere
1215 3062 1423 3137 hominibus
1455 3063 1493 3136 in
1527 3080 1573 3138 eo

317 3158 325 3177 ’
402 3183 566 3258 maxime
590 3182 626 3255 in
652 3202 728 3276 quo
752 3182 919 3256 homines
944 3172 1123 3274 studiist‘l
1144 3182 1370 3277 prevalent?
1386 3183 1468 3277 quis
1485 3183 1573 3256 hor·

401 3305 505 3379 tari*
522 3295 559 3397 (³)
587 3302 632 3377 ad
658 3303 831 3378 virtutem
857 3300 1070 3377 ardentius?
1091 3300 1173 3396 quis
1197 3322 1220 3377 a
1246 3300 1340 3377 vitiis
1364 3302 1487 3377 aerius
1512 3322 1573 3376 re-

401 3443 536 3499 vocare
560 3429 642 3516 etc,
672 3421 843 3495 mirificas
873 3420 1001 3496 laudes
1033 3421 1253 3516 eloquentie
1286 3422 1402 3518 tangit
1435 3420 1574 3497 Tullius

400 3543 521 3639 primo
545 3541 592 3616 de
615 3541 784 3634 Oratore,
798 3547 835 3616 et
851 3539 1078 3637 Augustinus
1103 3542 1196 3618 libro
1221 3542 1268 3618 de
1291 3542 1456 3618 doctrina
1476 3542 1574 3616 chri·

401 3663 528 3738 stiana.
543 3667 731 3737 -Pertso
757 3662 863 3734 Nunc
890 3667 1000 3735 autor
1029 3660 1307 3738 introducturus
1341 3684 1459 3737 unum
1489 3662 1574 3736 illu-

400 3784 618 3860 strissimum
646 3790 683 3859 et
712 3781 1031 3879 preclarissimum
1063 3779 1231 3877 spiritum
1261 3783 1308 3858 de
1339 3802 1447 3878 spera
1477 3784 1574 3859 Mer-

400 3904 505 3999 curii,
538 3903 691 3979 intendit
719 3901 842 3977 lacere
869 3898 1074 3976 auditorem
1108 3901 1257 3976 avidum
1292 3908 1329 3977 et
1362 3910 1572 3996 attentum3

400 4027 528 4122 pulcre
553 4032 590 4100 et
606 4023 800 4099 artificiose
816 4021 1004 4117 suspendit
1018 4021 1184 4096 animum
1206 4022 1360 4118 legentis
1376 4022 1572 4098 ostendens

400 4146 590 4221 ardentem
616 4142 846 4220 affectionem
872 4162 985 4237 quam
1013 4143 1170 4218 habehat
1195 4142 1330 4218 sciendi
1350 4143 1397 4218 de
1414 4144 1481 4217 illis
1498 4143 1572 4239 spi·

402 4264 541 4360 ritibus,
566 4271 604 4341 et
628 4264 808 4340 convertit
832 4282 1041 4339 sermonem
1066 4284 1178 4337 soum
1204 4265 1251 4340 ad
1276 4264 1496 4358 auditorem,
1515 4264 1572 4339 di-

400 4404 506 4461 oens:
534 4390 661 4476 Persa,
686 4386 800 4477 letior,
825 4404 864 4457 re
888 4386 968 4476 puel
993 4386 1055 4457 alte
1081 4387 1141 4477 otti
1170 4386 1332 4476 s'inizio,
1370 4384 1469 4479 quod
1490 4385 1569 4479 jam
1661 4396 1668 4413 ·

400 4506 545 4581 ridetur
569 4505 632 4578 tibi
658 4524 739 4579 esse
764 4503 851 4597 qnid
876 4524 1054 4599 magnum
1071 4504 1118 4581 de
1135 4526 1210 4600 quo
1227 4505 1350 4581 dioere
1370 4505 1475 4602 ooepi,
1499 4524 1573 4579 non

395 4628 612 4721 panemo-se,
640 4623 807 4719 alterius,
833 4644 930 4699 come
953 4633 989 4699 tu
1017 4629 1149 4701 ooresti
1175 4630 1386 4719 onporoiosn
1417 4628 1568 4721 mmsis,

398 4746 501 4840 idest,
524 4745 775 4844 angustiosam
800 4727 1041 4821 earinrdinem
1067 4747 1104 4820 in
1129 4752 1265 4843 mente,
1287 4750 1325 4822 di
1343 4744 1407 4841 pid
1430 4768 1570 4842 sopore,

399 4886 512 4963 mam
536 4864 732 4960 audiveris,
753 4865 839 4960 quia
857 4864 944 4939 ntatl
966 4865 1071 4960 quasi
1087 4866 1173 4961 dixi,
1191 4868 1285 4943 siout
1301 4867 1420 4965 gratia
1441 4886 1571 4943 enem-

461 5054 491 5118 t¹l
506 5056 537 5107 R
554 5056 652 5106 oleant.
892 5052 930 5115 ‘t'l
945 5059 969 5116 ti
985 5054 1081 5107 tuum

462 5129 1483 5197 (pmmntnttmmorucntwnnpputetncottetsomam
