4575 6842
703 960 773 1027 198
1061 968 1267 1025 ecmannum
1291 968 1513 1025 nunnsnonu

700 1118 793 1192 alter
818 1117 934 1212 ipsam
961 1115 1166 1191 felicissime
1196 1114 1401 1190 ordinavit:
1428 1120 1465 1189 et
1497 1111 1549 1187 sic
1581 1112 1664 1187 vide
1693 1119 1873 1207 quantum

700 1237 926 1334 comparatio
952 1237 997 1311 sit
1021 1236 1373 1312 convenientissima.
1393 1233 1512 1329 Scipio
1528 1233 1627 1307 enim
1652 1233 1875 1309 virtuosissi-

702 1379 787 1433 mus
812 1357 1003 1433 hominum
1030 1361 1180 1451 propter
1204 1355 1284 1429 eius
1312 1354 1426 1429 vitam
1456 1360 1494 1428 et
1525 1352 1681 1429 virtutes
1713 1353 1875 1429 creditus

701 1476 769 1551 luit
794 1476 889 1551 filius
913 1476 978 1552 Dei
1004 1498 1027 1551 a
1047 1476 1245 1572 juventute
1261 1474 1412 1549 visitans
1430 1464 1629 1569 templdm3
1649 1480 1687 1549 et
1706 1474 1876 1550 Octavia·

701 1618 772 1671 nus
798 1603 947 1693 propter
972 1596 1051 1673 eius
1077 1595 1283 1671 felicitatem
1309 1593 1408 1669 dedit
1431 1613 1561 1689 pacem
1587 1594 1738 1688 mundo,
1759 1615 1873 1688 quem

701 1717 875 1793 liuentem
894 1717 931 1790 iu
951 1715 1038 1790 vitia
1063 1716 1136 1789 alta
1157 1713 1384 1811 providentia
1402 1714 1628 1809 reformavit,
1647 1714 1711 1809 qui
1728 1715 1874 1791 habitus

602 1834 606 1843 '
701 1845 757 1913 est
781 1856 847 1931 pro
873 1836 949 1909 Deo
974 1835 1012 1909 in
1037 1836 1111 1911 vita
1127 1840 1166 1909 et
1182 1842 1262 1931 post
1279 1840 1450 1910 mertem.
1467 1835 1549 1923 Qun
1566 1840 1733 1930 tempore
1750 1842 1788 1911 et
1805 1836 1875 1910 sub

701 1957 808 2033 cuius
833 1955 986 2051 imperio
1011 1960 1119 2029 uatus
1136 1947 1172 2047 (¹)
1207 1961 1262 2031 est
1291 1954 1456 2030 Christus
1492 1954 1702 2051 redemptor
1735 1956 1873 2051 muudi,

702 2078 766 2172 qui
790 2076 911 2151 attulit
935 2096 1064 2151 veram
1083 2094 1224 2171 pacem,
1242 2079 1280 2149 et
1295 2075 1382 2149 vitia
1401 2075 1551 2169 expulit.
1569 2075 1649 2171 lpse
1665 2075 1776 2152 etiam
1797 2075 1874 2150 Au·

700 2206 842 2293 gustus,
869 2204 911 2269 ut
935 2196 1020 2270 dicit
1045 2194 1251 2289 Suetonius,
1277 2195 1405 2271 habuit
1421 2215 1444 2269 a
1462 2195 1650 2271 nativitate
1670 2196 1708 2269 in
1724 2203 1875 2292 pectore

701 2322 739 2391 et
764 2322 895 2393 ventre
914 2322 1018 2391 notam
1043 2316 1080 2389 in
1106 2313 1259 2389 mudum
1285 2321 1323 2390 et
1347 2316 1504 2390 immam
1523 2323 1561 2390 et
1577 2336 1779 2390 numerum
1795 2337 1875 2392 coe-

701 2437 800 2513 lestis
826 2456 945 2531 ursae3
970 2435 1069 2529 quod
1096 2435 1165 2509 luit
1189 2435 1338 2510 evidens
1362 2434 1520 2532 signum,
1539 2435 1638 2529 quod
1655 2456 1784 2511 omnes
1805 2438 1875 2511 ha·

701 2558 857 2633 hitautes
876 2564 1014 2633 temam
1034 2564 1255 2653 regerentur
1270 2556 1318 2631 ab
1335 2577 1393 2651 eo,
1405 2556 1501 2631 sicut
1512 2576 1642 2631 omnes
1660 2557 1875 2653 navigantes

702 2685 885 2776 reguntur
901 2680 949 2753 ab
970 2699 1067 2753 ursa.
1086 2679 1163 2753 Hoc
1183 2683 1310 2752 autem
1328 2675 1632 2753 excellentissime
1656 2678 1825 2753 convenit
1834 2670 1872 2772 (¹)

702 2798 855 2874 Christo.
887 2798 941 2873 nd
976 2799 1119 2873 literam
1145 2818 1248 2895 engo,
1273 2797 1359 2872 dicit
1388 2802 1519 2892 poeta:
1547 2802 1628 2870 Non
1651 2801 1712 2870 cte
1744 2802 1870 2894 Roma,

701 2918 806 3013 quasi
831 2918 938 3013 dicat,
963 2938 1037 2992 non
1063 2924 1118 2993 est
1142 2939 1276 2993 verum
1297 2917 1396 3011 quod
1418 2918 1548 3012 Roma,
1568 2920 1784 3009 radeprasse
1808 2923 1874 3013 As·

698 3041 853 3132 fricano,
881 3038 1042 3135 intellige
1067 3038 1113 3113 de
1138 3037 1308 3112 Africano
1343 3037 1484 3112 maiore
1512 3038 1871 3133 perexcellentium,

700 3158 805 3233 cuius
831 3158 1039 3253 triumphus
1064 3177 1111 3231 ex
1135 3157 1257 3232 Africa
1283 3156 1351 3229 iuit
1379 3156 1666 3253 gloriosissimus
1691 3158 1870 3254 omnium,

702 3284 744 3353 ut
766 3278 967 3383 ait-Livius,
997 3298 1127 3351 navem
1143 3284 1312 3369 Aepusto,
1329 3276 1449 3352 dictus
1464 3278 1695 3373 Octavianus,
1715 3280 1779 3373 qui
1801 3300 1874 3354 unu
1950 3323 1953 3342 ι

703 3404 845 3473 tantum
863 3398 967 3473 auxit
984 3398 1180 3494 imperium
1200 3407 1380 3493 quantum
1397 3398 1563 3473 Christus
1579 3400 1790 3494 ecclesiam;
1809 3401 1873 3495 qui

699 3517 889 3613 Augustus
914 3522 989 3591 tres
1014 3517 1221 3613 triumphos
1246 3518 1349 3592 duxit
1374 3518 1412 3595 in
1438 3518 1570 3614 triduo,
1597 3526 1639 3595 ut
1669 3519 1754 3594 dicit
1782 3521 1873 3596 Sve-

701 3636 822 3711 touius
847 3636 954 3712 idem.
981 3636 1025 3711 Et
1041 3637 1137 3731 -quia
1162 3637 1375 3733 exemplum
1405 3639 1612 3713 humanum
1638 3660 1712 3713 non
1738 3640 1872 3715 sufficit

700 3757 856 3832 ostendit
879 3757 990 3832 etiam
1014 3759 1163 3833 caeleste
1179 3777 1254 3832 uon
1270 3758 1455 3853 sufficere,
1475 3758 1619 3833 diceus:
1640 3780 1701 3832 nta
1720 3763 1799 3853 quel
1817 3764 1874 3837 det

699 3882 766 3969 sot,
795 3876 898 3972 idest,
928 3897 1063 3953 currus
1094 3878 1234 3973 solaris,
1269 3880 1332 3973 qui
1364 3879 1498 3954 dicitur
1531 3880 1626 3955 trahi
1657 3902 1680 3955 a
1711 3890 1873 3975 quatuor

700 3998 815 4094 equis,
841 3998 935 4074 sicut
968 3999 1054 4073 olim
1086 4020 1221 4074 currus
1246 3999 1487 4095 triumphalis,
1521 3992 1616 4074 setta
1642 4022 1779 4093 potero
1804 4024 1872 4077 cun

699 4123 777 4215 etto,
812 4127 1046 4217 comparatus
1076 4120 1125 4195 illi
1158 4120 1298 4214 currui,
1328 4122 1413 4195 licet
1442 4120 1576 4195 habeat
1604 4127 1747 4196 tantum
1779 4123 1872 4198 duas

701 4246 815 4316 setam
843 4246 880 4315 et
903 4246 1175 4337 supervagatur
1201 4240 1367 4314 alludens
1395 4240 1530 4314 labulae
1555 4242 1761 4337 Phaetontis,
1787 4263 1873 4337 quae

692 4361 774 4458 -J'am
801 4360 917 4457 posita
942 4367 979 4435 et
1004 4360 1169 4455 exposita
1194 4359 1263 4433 init
1287 4380 1410 4455 supra,
1428 4359 1475 4434 de
1499 4381 1575 4454 qua
1599 4361 1684 4437 dicit
1708 4362 1811 4436 Plato
1835 4362 1873 4435 in

699 4482 850 4579 Tymeo,
871 4480 970 4575 quod
988 4490 1062 4555 nou
1087 4480 1156 4554 fuit
1179 4479 1314 4573 labula,
1332 4479 1396 4555 sed
1413 4500 1473 4555 res
1493 4502 1595 4576 vena,
1612 4482 1682 4556 sub
1698 4502 1771 4576 qua
1791 4488 1874 4556 tan·
1938 4535 1944 4546 ,

699 4602 799 4702 gitur
824 4602 993 4677 naturale
1018 4601 1228 4675 incendium
1253 4607 1322 4677 etc.
1348 4600 1441 4676 uicit
1465 4622 1575 4699 ergo:
1601 4605 1681 4694 quel
1703 4606 1762 4677 dcl
1784 4606 1868 4696 sole,

701 4722 804 4818 quasi
829 4722 936 4817 dicat,
962 4742 1117 4796 currum
1142 4720 1597 4816 linamentumque
1617 4722 1772 4797 excessit
1792 4742 1874 4797 mo-

762 4922 790 5018 l'l
805 4954 837 5005 Ε·
859 4959 935 5005 natm
956 4958 996 5005 est
1019 4954 1179 5019 Redemptor
1200 4953 1293 5005 mnndi
1317 4953 1516 5017 pretiosissimus
1541 4952 1668 5005 muninus
1684 4958 1774 5004 nonar
1798 4953 1872 5005 lesus

699 5034 824 5094 Christus,
840 5033 885 5097 qui
901 5032 996 5083 attulit.
1048 5058 1050 5063 ·
1731 5038 1742 5053 -

763 5108 791 5175 (¹)
807 5110 839 5161 li.
855 5110 975 5163 convenit
990 5109 1103 5162 Domino
1118 5109 1180 5160 lesu
1195 5108 1306 5160 Christo.
