4575 6842
697 891 741 958 50
1051 903 1257 958 cnunnruu
1282 904 1503 958 nunnnnonu

694 1048 914 1141 animarum,
952 1046 1099 1122 dicens:
1135 1051 1319 1140 ommno,
1355 1048 1499 1122 illarum
1538 1047 1761 1144 animarum,
1800 1059 1873 1124 ern‘
1993 1081 1996 1084 ·

695 1189 824 1241 oscnrn
855 1190 874 1241 c
906 1189 997 1241 cauo
1029 1171 1123 1259 nepti
1148 1171 1257 1260 oceli,
1282 1177 1432 1264 propter
1461 1169 1596 1244 tamem
1630 1171 1711 1265 plus
1741 1181 1866 1247 mmen

695 1294 732 1364 et
766 1289 888 1361 minus
918 1289 1120 1364 secuudum
1157 1289 1439 1384 profunditatem
1469 1292 1579 1386 gulae,
1612 1293 1750 1383 pallido
1774 1294 1867 1364 netto

691 1412 819 1502 foedo,
846 1415 995 1504 propter
1020 1410 1220 1483 carentiam
1244 1408 1442 1505 sanguinis,
1467 1416 1599 1483 etanta
1615 1431 1744 1501 scema,
1762 1409 1865 1504 idest,

697 1548 834 1622 macra,
866 1531 925 1601 obe
954 1531 990 1601 lo
1018 1531 1109 1622 pelte
1132 1531 1161 1601 d
1173 1531 1377 1622 insormaoa
1408 1531 1492 1602 doll'
1504 1511 1604 1622 ossa,
1634 1529 1737 1624 idest,
1770 1530 1866 1604 reci-

696 1646 817 1743 piebat
843 1647 1000 1721 formam
1026 1649 1073 1722 ab
1098 1648 1240 1721 ossibus
1266 1668 1377 1742 super
1403 1648 1537 1742 quibus
1561 1655 1643 1724 erat
1667 1655 1770 1724 tensa
1787 1649 1866 1723 sine

696 1787 818 1841 carne.
852 1767 928 1842 Hoc
956 1773 1075 1840 toturn
1103 1767 1258 1842 iaciebat
1290 1768 1406 1842 sames
1439 1789 1538 1842 nnnc
1563 1769 1609 1842 ad
1635 1767 1864 1865 purgandam

695 1887 966 1983 pinguedinem,
993 1909 1104 1982 quam
1137 1887 1224 1961 olim
1259 1888 1397 1962 iecerat
1428 1889 1607 1985 ingluvies
1644 1889 1864 1982 importuna.

696 2013 837 2081 -Non
862 2010 978 2080 ordo.
1005 2007 1069 2081 Hic
1094 2013 1200 2102 poeta
1237 2008 1443 2083 manifestat
1471 2005 1677 2082 extremam
1710 2009 1863 2082 maciem

696 2129 850 2202 istorum
882 2129 1133 2203 famelicorum
1170 2150 1236 2224 per
1272 2151 1382 2202 unam
1417 2128 1677 2225 pulcerrimam
1697 2122 1735 2220 (¹)
1762 2149 1867 2202 com-

695 2248 920 2343 parationem
947 2256 985 2322 et
1012 2249 1309 2344 propriissimum.
1334 2249 1387 2322 Ad
1408 2248 1516 2323 cuius
1540 2249 1784 2344 cognitionem
1805 2253 1867 2342 *en

695 2367 814 2464 primo
843 2367 1044 2460 sciendum,
1072 2369 1170 2462 quod
1198 2369 1290 2444 sicut
1317 2369 1419 2465 fingit
1442 2367 1591 2442 Ovidius
1617 2368 1710 2442 libro
1734 2374 1865 2442 octavo

695 2487 842 2561 maioris
867 2489 964 2562 circa
990 2487 1100 2562 linem
1132 2488 1333 2562 Erisicthon
1358 2488 1404 2562 de
1428 2489 1609 2562 Thessalia
1636 2487 1692 2560 vir
1717 2487 1867 2562 sacrile-

695 2629 765 2704 gus
791 2615 933 2683 temere
957 2610 1153 2704 spernebat
1177 2609 1284 2683 deam
1311 2609 1486 2683 Cererem
1518 2613 1555 2682 et
1584 2607 1744 2682 colentes
1769 2627 1865 2701 eam,

695 2727 788 2802 adeo
814 2728 912 2822 quod
939 2749 1071 2803 nemus
1097 2735 1351 2803 consecratum
1387 2727 1435 2800 illi
1467 2727 1600 2801 dicitur
1625 2727 1799 2821 violasse3
1830 2734 1867 2801 et

697 2848 760 2922 uni
787 2870 832 2924 ex
859 2849 1004 2922 famulis
1030 2848 1237 2922 formidanti
1270 2848 1430 2922 incidere
1458 2867 1638 2942 quercum
1653 2838 1691 2940 (²)
1721 2846 1867 2922 dedica-

698 2979 772 3043 tam
800 2970 879 3044 deae
905 2970 941 3042 in
968 2970 1093 3043 lurore
1117 2969 1320 3064 amputavit
1344 2974 1523 3064 caputet
1547 2967 1720 3043 arborem
1748 2967 1864 3062 ipsam

696 3089 892 3185 prostravit
916 3089 963 3163 ad
988 3097 1137 3164 terram.
1166 3088 1261 3163 Irata
1286 3088 1354 3163 dea
1374 3089 1486 3162 altam
1506 3088 1700 3162 vindictam
1720 3088 1804 3163 lecit
1821 3087 1867 3162 de

697 3210 846 3284 humine
861 3199 897 3302 (³)
917 3209 1061 3283 insano:
1081 3231 1166 3283 nam
1186 3209 1335 3283 immisit
1352 3209 1486 3283 tamem
1505 3209 1705 3283 inauditam
1723 3209 1760 3282 in
1777 3229 1868 3284 ven-

699 3337 793 3403 trem
819 3329 918 3423 eius;
946 3328 1044 3404 unde
1070 3329 1274 3403 Erisictbon
1300 3329 1336 3402 in
1369 3335 1476 3403 nocte
1508 3329 1712 3403 somniabat
1745 3349 1870 3404 come-

697 3449 797 3544 dere,
824 3470 919 3525 vane
950 3469 1085 3524 rorans
1116 3456 1280 3543 ventum,
1309 3456 1346 3524 et
1376 3456 1564 3524 crescente
1594 3449 1631 3522 in
1665 3450 1741 3524 dies
1772 3451 1869 3525 lame

623 3605 628 3617 ·
697 3570 856 3644 vendidit
882 3577 919 3644 et
943 3571 1101 3644 comedit
1127 3569 1252 3644 omnia
1277 3591 1364 3664 sua3
1391 3590 1476 3643 nam
1507 3570 1607 3664 quod
1632 3569 1718 3645 satis
1744 3571 1869 3645 luisset

698 3691 762 3762 uni
789 3691 923 3785 populo
949 3711 1021 3764 non
1047 3691 1252 3765 sufficiebat
1277 3690 1340 3764 nni
1366 3690 1514 3784 bomini,
1536 3695 1573 3764 et
1597 3697 1737 3783 quanto
1762 3693 1866 3787 plura

698 3811 863 3906 rorabat,
879 3817 979 3884 tanto
994 3811 1097 3906 plura
1117 3810 1310 3906 appetebat
1328 3829 1434 3884 more
1450 3809 1552 3905 ignis.
1570 3811 1729 3886 llemnm
1747 3811 1868 3886 omni-

698 3931 767 4004 bus
788 3931 1012 4025 consumptis
1033 3930 1192 4005 vendidit
1209 3931 1355 4003 unicam
1374 3929 1483 4002 tiliam
1503 3950 1609 4002 suam
1629 3930 1795 4025 pluribus
1812 3931 1867 4004 vi-

698 4051 811 4143 cibus,
838 4057 875 4124 et
899 4051 944 4124 ad
976 4058 1113 4126 tantam
1145 4049 1416 4124 extremitatem
1447 4048 1594 4123 devenit
1625 4051 1724 4144 quod
1757 4045 1868 4145 coepit

698 4169 894 4246 comedere
912 4171 1079 4244 membra
1093 4189 1159 4244 sna
1174 4190 1308 4243 vorans
1325 4190 1364 4243 se
1382 4169 1513 4263 ipsum.
1527 4169 1611 4244 Visa
1628 4170 1763 4265 sabula,
1779 4192 1869 4246 con-

698 4291 816 4365 sidera
842 4312 970 4366 veram
997 4290 1209 4386 allegoriam
1237 4310 1321 4384 qnae
1351 4290 1441 4365 latet
1472 4291 1542 4364 sub
1573 4291 1708 4368 cortice
1738 4291 1866 4367 literae.

698 4412 899 4487 Erisictbon
933 4433 1095 4504 namque
1130 4410 1325 4507 figurative
1359 4417 1415 4485 est
1447 4413 1599 4507 gulosus
1636 4413 1699 4507 qui
1738 4413 1865 4488 incon-

698 4531 793 4605 sulte
818 4531 954 4626 spernit
972 4531 1144 4606 Cererem
1165 4531 1272 4605 deam
1290 4531 1397 4626 bladi,
1416 4531 1502 4626 quia
1518 4532 1664 4627 scilicet,
1684 4554 1757 4608 non
1777 4554 1867 4609 con-

757 4789 784 4852 (')
801 4789 831 4841 E.
848 4804 863 4841 c
881 4795 934 4850 tlt,
952 4791 1079 4854 pulcram.

726 4863 785 4991 bd)
803 4867 976 4992 Eiquercum
997 4868 1051 4918 den
1072 4869 1119 4932 lpsi
1135 4869 1287 4928 dedicatam,
1304 4867 1395 4920 lurore
1415 4873 1504 4919 motus
1518 4873 1597 4933 caput
1612 4869 1652 4920 illi
1667 4871 1819 4934 amputavit,
1838 4877 1866 4924 et

695 4956 817 4993 arerem
844 4957 923 5006 psam

759 5019 785 5082 (¹)
802 5019 832 5070 E.
849 5021 952 5071 bomine
967 5021 1016 5072 lsto
1032 5022 1129 5085 insano,
1143 5037 1205 5073 nam
1220 5023 1323 5074 lnlrusit
1339 5022 1444 5074 tamem.
