4575 6842
732 952 805 1019 toll
1125 958 1331 1016 compunt
1357 962 1522 1015 rtnrnrst

731 1112 805 1202 cte,
823 1108 1014 1199 saumdo,
1041 1103 1178 1179 scilicet
1204 1112 1344 1199 votum,
1359 1111 1423 1201 sur
1439 1110 1566 1200 pupplo
1571 1132 1588 1201 ,·
1606 1107 1704 1181 unde
1724 1106 1900 1202 Iosephus

730 1226 940 1321 dicitquod
958 1226 1205 1322 lephthenon
1221 1225 1353 1302 obtulit
1369 1226 1447 1301 lieo
1465 1234 1614 1323 gratum
1633 1228 1899 1321 holocaustum,

731 1368 855 1443 neque
888 1345 1105 1443 legitimum,
1131 1345 1219 1438 qnia
1248 1346 1278 1419 si
1310 1345 1410 1419 canis
1441 1348 1662 1435 occurrisset
1691 1347 1770 1442 sibi,
1796 1346 1904 1421 obtu-

731 1468 831 1543 lisset
856 1466 975 1562 ipsum
1001 1467 1097 1560 lleo;
1124 1465 1206 1541 ideo
1232 1464 1299 1541 luit
1324 1465 1456 1540 stultns
1481 1467 1518 1541 in
1544 1467 1709 1543 iaciendo
1739 1467 1811 1542 tale
1841 1486 1906 1541 ro·

734 1596 826 1682 tum,
852 1594 890 1660 et
913 1586 1099 1661 crudelius
1116 1594 1154 1661 et
1171 1586 1303 1680 impius
1320 1585 1356 1659 in
1374 1586 1616 1682 adimplendo.
1630 1628 1679 1641 -
1692 1594 1725 1661 tt
1737 1580 1819 1673 curt
1841 1588 1905 1663 llic

733 1707 880 1784 Beatrix
898 1706 1045 1781 adducit
1060 1706 1160 1780 aliud
1177 1706 1389 1800 exemplum
1406 1712 1566 1782 tractum
1581 1728 1629 1783 er
1645 1708 1801 1783 historiis
1813 1728 1906 1805 gen·

733 1829 872 1921 tilium3
898 1827 1006 1902 etad
1031 1825 1315 1901 declarationem
1343 1827 1452 1901 huius
1477 1827 1594 1902 literae
1622 1829 1709 1903 satis
1736 1829 1905 1903 obscure

734 1955 789 2023 est
813 1946 1015 2039 sciendum,
1041 1945 1140 2040 quod
1166 1945 1260 2020 sicut
1285 1945 1412 2041 pulcre
1436 1948 1560 2022 scribit
1589 1948 1687 2023 bites
1712 1947 1904 2041 Cretensis

734 2068 799 2162 qui
818 2067 947 2141 asserit
967 2088 1008 2141 se
1023 2066 1233 2141 interfuisse
1249 2066 1344 2181 hello
1363 2067 1517 2163 troiano,
1534 2070 1789 2165 Agamemnon
1808 2070 1905 2164 apud

734 2189 900 2263 Aulidem
927 2187 1084 2262 insulam
1110 2187 1209 2262 circa
1234 2187 1360 2262 lucum
1388 2188 1523 2283 Dianae,
1552 2192 1623 2265 telo
1650 2190 1829 2264 transfixit
1844 2210 1927 2264 ca·-

733 2330 861 2406 pream
874 2300 932 2402 (¹l3
958 2314 997 2382 et
1022 2328 1094 2382 non
1111 2308 1229 2381 multo
1246 2313 1326 2403 post
1344 2308 1422 2383 sive
1439 2308 1492 2383 ira
1512 2310 1663 2404 coelesti,
1683 2311 1761 2385 sive
1778 2330 1907 2385 corru-

733 2431 855 2526 ptione
871 2429 968 2505 aeris
993 2430 1087 2503 lacta
1113 2434 1169 2503 est
1195 2429 1396 2524 pestilentia
1419 2450 1552 2526 magna
1570 2431 1606 2504 in
1624 2432 1788 2506 exercitu
1808 2452 1904 2527 gre-

733 2572 864 2626 corum
883 2550 962 2624 siue
979 2548 1154 2625 remedio.
1173 2549 1244 2624 Sed
1263 2550 1395 2624 mulier
1413 2550 1582 2644 quaedam
1600 2551 1676 2626 Deo
1693 2552 1800 2646 plena
1817 2552 1906 2625 dixit

734 2672 833 2767 quod
847 2672 901 2746 ira
915 2671 1039 2744 Dianae
1054 2672 1124 2744 huc
1136 2669 1257 2764 fiebat,
1275 2691 1359 2765 quae
1376 2688 1525 2765 poenam
1543 2671 1722 2768 sacrilegii
1737 2672 1906 2769 erigebat

733 2794 782 2868 ab
805 2792 973 2868 exercitu
997 2790 1105 2865 cuius
1129 2789 1204 2864 dux
1232 2810 1403 2886 capream
1419 2782 1456 2883 (²)
1479 2791 1721 2886 interiecerat,
1740 2813 1808 2868 nec
1829 2794 1906 2888 pla-

733 2914 810 2990 cari
837 2932 944 3008 posse
976 2910 1043 2985 nisi
1078 2911 1333 2986 immolaretur
1367 2912 1439 2985 lilia
1469 2912 1569 3006 eius3
1605 2913 1668 2987 sed
1691 2916 1777 2987 cnm
1811 2916 1906 3010 Aga·

594 3038 598 3045 ’
733 3054 909 3110 memnon
926 3032 1107 3107 obstinate
1122 3031 1399 3126 contradiceret,
1419 3032 1533 3106 duces
1552 3032 1801 3127 spoliaverunt
1817 3052 1903 3107 eum

733 3154 836 3229 ducis
860 3154 1012 3227 honore.
1043 3152 1177 3247 Ulyxes
1203 3170 1293 3225 vero
1323 3150 1429 3225 lictus
1461 3152 1632 3247 vulpinus
1662 3152 1809 3227 interim
1842 3152 1905 3227 ivit

734 3274 890 3347 llicenas
907 3282 995 3345 cum
1009 3272 1105 3345 lalsis
1116 3270 1228 3344 literis
1240 3268 1526 3365 Agamemnonis
1542 3272 1588 3347 ad
1601 3272 1903 3368 Clytemncstram

733 3393 910 3467 simulans
927 3392 1150 3487 Iphigeniam
1174 3391 1463 3485 desponsandam
1477 3382 1514 3484 (³)
1533 3393 1672 3487 Achilli,
1690 3414 1802 3488 quam
1825 3414 1904 3467 ma-

734 3520 791 3588 ter
816 3512 971 3587 libenter
995 3511 1093 3585 dedit
1117 3532 1204 3585 cum
1231 3512 1310 3585 viro
1336 3511 1523 3586 clarissimi
1544 3512 1699 3586 nominis
1719 3520 1829 3607 nupta
1847 3512 1902 3589 vi-

732 3634 894 3709 deretur.
922 3631 1038 3728 Ulyxe
1062 3650 1212 3706 reverso
1239 3652 1324 3705 cnm
1351 3630 1536 3728 iphigenia
1552 3633 1599 3707 ad
1617 3633 1741 3707 lucum
1768 3633 1903 3727 Dianae,

731 3752 986 3849 Agamemnon
1012 3750 1169 3824 naturali
1187 3750 1320 3845 pietate
1338 3751 1483 3825 volebat
1500 3750 1640 3847 lugere,
1660 3773 1706 3827 ne
1724 3760 1799 3827 tam
1817 3772 1904 3827 cru-

732 3872 804 3946 deli
829 3869 1068 3945 immolationi
1094 3869 1294 3964 interesset,
1321 3870 1405 3945 licet
1429 3871 1645 3946 Natorrer
1672 3872 1904 3967 amplissimae

733 3990 938 4066 autoritatis
963 3989 1219 4063 facundissima
1248 3990 1416 4065 oratione
1449 3991 1597 4065 retinuit
1610 3980 1647 4083 (⁴)
1679 4012 1778 4067 eum.
1810 3992 1902 4067 Cum

733 4131 824 4208 ergo
849 4110 983 4207 Ulyxes
1000 4116 1037 4183 et
1053 4110 1239 4184 llenelaus
1259 4130 1345 4183 cum
1364 4110 1559 4187 Calchante
1580 4112 1760 4209 virginem
1779 4112 1824 4187 ad
1844 4134 1904 4188 sa-

732 4231 911 4305 crificium
936 4230 1160 4307 adornarent
1185 4238 1266 4304 orta
1292 4237 1348 4305 est
1374 4231 1543 4305 terribilis
1564 4239 1760 4328 tempestas
1777 4234 1902 4327 valde;
1997 4223 2001 4233 ’

734 4372 852 4447 quare
875 4352 1061 4426 Menelaus
1085 4356 1122 4425 et
1147 4350 1233 4425 socii
1260 4350 1297 4425 in
1330 4372 1464 4447 magna
1494 4353 1732 4448 perplexitate
1765 4354 1904 4433 nescie-

733 4474 822 4548 bant
845 4472 933 4567 quid
956 4478 1121 4569 agerent.
1148 4472 1192 4545 ttt
1216 4491 1303 4547 ecce
1328 4492 1400 4546 vox
1427 4472 1473 4547 de
1497 4474 1600 4569 sylva
1625 4475 1747 4550 audita
1765 4483 1832 4571 est,
1850 4476 1904 4551 di-

733 4614 832 4687 cens,
848 4594 922 4668 tale
938 4614 1056 4689 genus
1073 4592 1237 4669 sacrificii
1257 4614 1331 4667 non
1348 4594 1494 4688 placere
1511 4594 1608 4689 Deae,
1623 4594 1705 4670 ideo
1719 4596 1905 4673 abstinen-

732 4713 821 4787 dum
839 4734 861 4787 a
882 4732 1038 4808 corpore
1063 4712 1225 4809 virginis,
1243 4712 1331 4805 quia
1356 4714 1610 4809 Agamemnon
1635 4714 1754 4791 lueret
1780 4737 1905 4812 poenas

733 4832 861 4929 dignas
891 4833 938 4908 ab
971 4854 1088 4908 uxore
1112 4840 1193 4928 post
1218 4839 1364 4929 captam
1390 4832 1554 4929 Troiam3
1581 4835 1643 4909 sed
1670 4835 1904 4913 immolarent

794 5017 822 5076 ζ’)
837 5018 869 5067 Ε·
886 5032 1001 5081 etpum-
1329 5016 1356 5082 (¹)
1374 5019 1404 5069 Ε.
1422 5033 1535 5081 capram.

795 5095 822 5157 (⁸)
838 5094 869 5145 Β·
885 5094 1072 5158 dammum.
1329 5096 1357 5159 (⁴)
1373 5096 1404 5147 E.
1422 5098 1568 5151 retinuerlt.
