4575 6842
820 979 957 1036 caurus
983 981 1175 1039 sncunnus.
1508 975 1578 1042 349

405 1123 452 1200 de
476 1124 654 1199 similibus
680 1132 736 1199 est
760 1125 855 1200 idem
877 1124 1079 1220 judicium3
1101 1132 1138 1200 et
1158 1126 1188 1199 si
1206 1127 1335 1202 eadem
1353 1138 1449 1204 esset
1468 1153 1579 1206 causa

405 1243 482 1320 sive
508 1244 724 1340 principium
747 1244 914 1338 formale,
932 1251 1154 1339 sequeretur
1169 1240 1220 1339 (¹),
1238 1267 1368 1322 omnes
1389 1251 1502 1324 stellae
1520 1271 1581 1326 es-

405 1371 486 1440 sent
511 1365 674 1439 eiusdem
701 1363 845 1440 virtutis
863 1363 940 1439 sive
958 1363 1122 1460 allectus,
1140 1367 1239 1459 quod
1258 1377 1314 1444 est
1330 1368 1474 1463 laisum,
1493 1371 1578 1464 quia

406 1486 541 1559 habent
565 1484 727 1559 diversas
752 1484 907 1559 virtutes
933 1491 969 1558 et
994 1484 1168 1580 ellectus3
1193 1486 1324 1560 lucidae
1342 1487 1437 1562 inter
1454 1510 1506 1583 se,
1525 1497 1579 1564 te-

406 1607 572 1682 nebrosae
589 1604 684 1680 inter
701 1625 758 1699 se;
772 1626 857 1678 nam
876 1606 1009 1699 aliquae
1026 1613 1112 1679 sunt
1128 1606 1265 1702 calidae,
1279 1607 1412 1702 aliquae
1428 1609 1577 1705 trigidae,

405 1725 538 1818 aliquae
554 1731 780 1820 temperata,
791 1732 832 1799 ut
845 1732 944 1821 patet
956 1747 1022 1820 per
1036 1727 1267 1821 albumasar,
1282 1728 1526 1803 Ptolomaeum
1542 1736 1579 1803 et

406 1843 642 1938 Altabicium3
661 1851 698 1920 et
720 1866 786 1942 per
807 1866 1036 1941 consequens
1052 1847 1187 1922 debent
1209 1848 1346 1923 habere
1359 1839 1395 1941 (¹)
1415 1848 1579 1924 diversas

405 1985 535 2039 causas
552 1965 629 2040 sive
647 1965 818 2061 principia
833 1966 1011 2061 formalia,
1027 1987 1110 2060 quae
1128 1975 1250 2043 essent
1265 1968 1374 2042 modo
1391 1968 1578 2044 destructa

404 2089 539 2180 praeter
564 2105 693 2179 unum,
711 2085 847 2160 scilicet
873 2106 999 2159 rarum
1027 2093 1064 2161 et
1089 2087 1255 2161 densum.
1275 2087 1380 2161 Nunc
1398 2089 1479 2162 vide
1496 2089 1578 2164 lile·

404 2225 496 2280 ram.
523 2204 614 2280 Dicit
639 2211 768 2280 autor:
795 2209 833 2279 L'
846 2214 965 2280 orlavu
982 2227 1101 2299 spera,
1119 2207 1267 2300 scilicet,
1288 2207 1576 2304 firmamentum,

403 2327 438 2400 ut
462 2328 634 2399 dimostra
655 2329 752 2400 nuelli
767 2329 863 2418 lumi,
882 2327 984 2421 idest,
1003 2329 1122 2403 stellas
1140 2327 1243 2422 linea,
1261 2349 1346 2422 quae
1364 2319 1577 2422 similitert⁸l

403 2445 583 2541 recipiunt
608 2446 735 2522 lumen
760 2467 783 2521 a
809 2448 896 2541 sole,
923 2449 1016 2522 sicut
1044 2450 1142 2542 luna,
1174 2452 1320 2541 iquali,
1346 2449 1493 2544 scilicet,
1519 2451 1577 2522 lu-

403 2567 513 2659 mina,
539 2569 724 2660 sipossou
748 2575 874 2641 nature
898 2571 936 2642 ur·
959 2572 1089 2642 diumsi
1106 2573 1200 2660 volti,
1222 2569 1324 2663 idest,
1344 2570 1575 2644 diversarum

402 2687 608 2762 turmarum
635 2697 673 2763 et
698 2686 915 2783 figurarum,
941 2711 960 2760 e
984 2692 1042 2762 nel
1065 2692 1178 2780 quale,
1196 2689 1298 2784 idest,
1325 2690 1362 2764 in
1387 2691 1575 2784 qualitate,

402 2806 490 2901 quia
507 2806 640 2900 aliquae
665 2813 752 2880 sunt
779 2808 975 2902 nebulosae,
993 2808 1126 2903 aliquae
1146 2809 1287 2903 lucidae,
1313 2831 1332 2883 e
1357 2813 1414 2884 nel
1428 2817 1572 2903 quanto,

401 2925 505 3019 idest,
532 2925 567 3000 in
601 2926 813 3021 quantitate,
847 2927 933 3022 quia
962 2929 1095 3022 aliquae
1127 2936 1215 3003 sunt
1246 2929 1414 3023 maiores,
1440 2931 1573 3025 aliqnae

403 3045 580 3120 minores:
608 3065 709 3143 erge,
730 3069 768 3120 se
786 3068 877 3121 raro
893 3069 912 3120 e
929 3051 1049 3140 duero,
1072 3069 1156 3143 quae
1173 3057 1261 3123 sunt
1284 3071 1355 3124 una
1373 3071 1496 3144 causa,
1513 3055 1573 3145 sa-

401 3185 514 3238 cesser
530 3159 595 3257 nrt,
616 3165 831 3258 inestuans
851 3167 1097 3241 diversitatem
1120 3169 1322 3264 stellarum,
1343 3177 1453 3261 tanto,
1470 3169 1572 3264 idest,

401 3284 644 3378 solummodo,
670 3305 743 3359 una
767 3289 845 3359 sola
870 3283 973 3379 uirtrl,
993 3286 1094 3380 idest,
1122 3286 1217 3362 idern
1246 3288 1409 3382 effectus,
1429 3289 1575 3362 sarebbe

399 3411 437 3481 in
461 3414 553 3498 tutte,
579 3405 725 3501 scilicet,
752 3407 873 3500 stellis,
900 3409 985 3501 quia
1017 3409 1127 3482 unius
1157 3429 1278 3483 causae
1311 3431 1407 3484 unus
1436 3417 1491 3483 est
1519 3409 1573 3486 el-

400 3526 534 3620 lectus3
561 3527 630 3601 hoc
655 3534 710 3601 est
735 3527 834 3620 quud
860 3547 988 3602 omnes
1014 3527 1143 3601 tucidae
1168 3535 1289 3603 essent
1314 3529 1479 3629 eiusdem
1504 3549 1573 3602 na-

399 3651 504 3741 turae,
523 3652 559 3721 et
585 3648 771 3722 nebulosae
791 3647 941 3722 alterius
960 3655 1118 3740 naturae3
1137 3649 1255 3722 virtus
1271 3647 1365 3742 dieu,
1380 3645 1443 3741 piri
1458 3671 1477 3722 e
1493 3669 1573 3724 men

399 3770 592 3862 damnula,
621 3769 690 3843 hou
716 3769 832 3843 estin
858 3768 968 3842 stellis
990 3768 1231 3861 inaequalibus
1249 3769 1366 3866 magis
1388 3775 1426 3845 et
1452 3769 1574 3844 minus

400 3890 601 3965 seeundum
617 3909 747 3964 earum
762 3889 972 3983 qualitatem
989 3894 1026 3962 el
1038 3889 1293 3982 quantitatem,
1307 3897 1341 3963 et
1359 3893 1572 3980 altrettantu,

398 4009 499 4103 idest,
526 4009 562 4083 in
588 4008 699 4084 stellis
724 4008 927 4103 aequalibus
952 4008 1154 4102 aequaliter.
1181 4009 1226 4081 Et
1251 4010 1381 4103 probat
1401 4010 1499 4102 quod
1518 4009 1572 4082 di·

398 4151 516 4204 versae
541 4136 626 4205 sunt
652 4137 794 4204 naturae
819 4129 855 4202 in
877 4129 999 4220 stellis,
1017 4127 1103 4221 quia
1121 4128 1160 4201 in
1176 4128 1315 4202 mundo
1332 4134 1418 4200 sunt
1437 4127 1570 4201 diversi

398 4250 562 4342 effectus
588 4269 681 4344 quos
707 4256 851 4346 oportet
876 4249 1070 4345 provenire
1094 4270 1117 4323 a
1150 4248 1302 4323 diversis
1327 4247 1457 4341 causis,
1484 4267 1569 4342 quoe

397 4377 482 4444 sunt
508 4371 681 4466 principia
706 4371 874 4447 formalia
899 4372 1059 4444 *rerum
1079 4391 1173 4464 quas
1190 4369 1415 4465 producunt3
1438 4377 1476 4443 et
1500 4389 1568 4442 nos

397 4489 563 4564 videmus
587 4491 624 4564 in
651 4492 790 4566 mundo
807 4512 887 4566 esse
903 4491 1066 4565 diversos
1084 4489 1237 4564 effectus
1257 4489 1321 4583 qui
1342 4508 1415 4563 non
1435 4508 1570 4583 seque-

396 4617 526 4686 rentur
542 4631 564 4685 a
583 4631 669 4685 raro
694 4615 731 4684 et
755 4610 878 4703 denso,
897 4610 982 4704 quia
1002 4609 1166 4684 lacerent
1190 4609 1309 4683 solum
1330 4607 1444 4697 du0s;
1464 4608 1572 4683 etsie

395 4737 617 4826 sequeretur
633 4730 731 4823 quod
747 4729 869 4803 omnia
886 4729 1059 4825 principia
1077 4728 1273 4804 formalia*
1283 4718 1320 4821 (⁴)
1334 4734 1456 4803 essent
1470 4729 1570 4802 nulla

394 4859 529 4949 praeter
550 4871 679 4944 unum,
702 4848 836 4922 scilicet
853 4869 980 4924 rarum
999 4857 1036 4925 et
1053 4850 1220 4924 densum.
1233 4849 1331 4923 llicit
1347 4869 1458 4947 ergo:
1477 4845 1569 4922 virtut

458 5038 486 5101 l'l
500 5038 532 5087 Ε·
548 5040 701 5101 sequeretur
717 5036 787 5100 quod
803 5049 900 5086 omnes.
970 5035 997 5100 (¹)
1013 5042 1037 5098 t,
1053 5051 1188 5101 apparare.
1262 5035 1289 5100 (Ἴ
1306 5042 1330 5099 t,
1346 5037 1507 5099 simpliciter.

457 5116 483 5179 (¹)
499 5115 535 5165 le
552 5114 640 5178 parole
656 5113 697 5163 ira
713 5115 721 5164 i
738 5113 789 5164 clue
805 5112 937 5168 esurirent
952 5126 999 5164 son
1014 5114 1126 5178 suppllte
1142 5113 1211 5178 dagli
1227 5113 1345 5164 sluttra
1359 5111 1455 5167 toust
