4575 6842
700 984 839 1039 caurus
864 986 1079 1041 sarcasmus
1103 986 1297 1041 sacunnus.
1510 974 1582 1042 253

412 1128 505 1205 tium
531 1130 568 1203 in
594 1130 743 1223 coelum,
762 1132 812 1204 mi
829 1124 993 1221 squaru&
1012 1134 1129 1204 uveto
1149 1134 1206 1204 dcl
1219 1152 1345 1227 sonno,
1366 1131 1460 1207 idest
1485 1129 1585 1227 rupit

412 1249 501 1324 mihi
526 1270 709 1345 somnum,
732 1250 829 1345 quod
858 1251 1002 1325 velabat
1024 1250 1111 1324 mihi
1130 1250 1261 1345 visum,
1279 1259 1313 1326 et
1337 1274 1386 1326 un
1402 1256 1585 1346 citamur,-

412 1372 491 1445 haec
514 1377 594 1446 erat
619 1391 691 1446 vox
717 1370 892 1445 Mathildis
916 1371 1085 1446 dicentis:
1103 1376 1215 1464 surpi,
1234 1374 1294 1444 cle
1306 1376 1387 1465 sci?
1405 1374 1508 1469 quasi
1526 1372 1582 1447 di-

412 1499 481 1585 cat,
509 1512 581 1566 non
607 1496 661 1567 εει
681 1492 836 1587 amplius
864 1499 1008 1587 tempus
1025 1490 1241 1586 dormiendi,
1258 1493 1344 1587 quia
1358 1493 1436 1588 jam
1456 1494 1583 1568 militia

412 1612 472 1687 illa
490 1618 613 1687 sancta
632 1612 814 1686 rediverat
827 1614 864 1686 in
882 1613 1018 1687 coelum
1038 1620 1118 1709 post
1133 1614 1328 1711 gryphum.
1351 1614 1395 1687 lit
1415 1614 1474 1687 hic
1497 1620 1584 1687 nota

413 1732 512 1827 quod
538 1738 643 1827 poeta
669 1751 774 1806 more
799 1752 867 1807 suo
892 1732 1039 1826 quando
1065 1733 1143 1805 vult
1168 1732 1375 1809 describere
1389 1726 1427 1826 ι’)
1446 1730 1583 1827 aliquid

413 1852 582 1949 pulcrum
610 1849 656 1926 de
681 1872 788 1945 novo,
813 1850 913 1949 fingit
933 1852 1051 1945 primo
1069 1874 1109 1927 se
1133 1852 1306 1955 dormire,
1325 1852 1455 1928 deinde
1473 1852 1510 1926 in
1527 1851 1584 1925 di-

412 1971 536 2046 luculo
553 1970 737 2067 evigilare.
751 2012 801 2025 -
817 1974 928 2061 Quali.
947 1971 1012 2046 llic
1029 1980 1136 2066 poeta
1154 1973 1310 2047 ostendit
1327 1973 1484 2068 qualiter
1504 1972 1585 2047 cvi-

411 2090 577 2189 gilaverit
603 2097 640 2166 ct
665 2090 753 2186 quid
779 2090 908 2165 viderit
931 2092 1175 2187 pernobilem
1196 2093 1519 2187 comparationem.
1538 2092 1584 2166 Et

412 2214 491 2286 vult
515 2211 776 2286 sententialiter
792 2210 926 2305 dicere,
948 2212 1046 2307 quod
1065 2212 1132 2285 sihi
1150 2232 1248 2286 nunc
1264 2212 1394 2287 accidit
1414 2213 1508 2287 sicut
1525 2212 1585 2286 di-

411 2330 557 2427 scipulis
582 2331 711 2407 Christi
737 2338 904 2428 tcmpore
925 2353 999 2427 quo
1024 2353 1064 2407 se
1086 2332 1378 2429 transfiguravit:
1406 2354 1491 2408 nam
1517 2353 1585 2408 ex-

412 2450 543 2527 citatus
576 2474 599 2527 a
633 2472 762 2526 somno
792 2472 878 2526 cum
912 2459 1062 2547 stupore
1092 2452 1179 2527 vidit
1211 2460 1392 2529 mutatam
1423 2452 1583 2527 iormam

413 2570 597 2645 militantis
623 2570 795 2665 ecclcsiae,
822 2571 908 2666 qnia
935 2572 1068 2646 scilicet
1098 2578 1174 2646 tota
1201 2572 1325 2647 militia
1350 2572 1447 2647 illius
1472 2594 1584 2648 exer·

412 2694 506 2768 citus
530 2691 766 2787 praecedentis
793 2692 974 2766 rediverat
1001 2693 1037 2766 in
1062 2693 1200 2767 coelum
1218 2701 1299 2788 post
1315 2693 1499 2768 Christum
1519 2694 1583 2789 qui

412 2817 660 2906 resumpserat
677 2802 712 2903 (²)
740 2832 844 2885 suam
872 2832 999 2887 veram
1027 2810 1198 2908 figuram,
1216 2814 1310 2888 sicut
1335 2814 1498 2910 discipuli
1517 2835 1584 2889 ex·

412 2932 510 3007 citati
537 2952 623 3006 cum
650 2938 799 3027 stupore
825 2932 996 3007 viderunt
1021 2934 1181 3029 Moysem
1213 2941 1250 3008 et
1281 2934 1433 3033 Helyam
1460 2935 1584 3029 dispa-

299 3033 303 3041 ’
411 3052 540 3145 ruisse,
559 3058 596 3126 et
612 3051 796 3126 Christum
816 3052 1052 3148 resumpsisse
1065 3044 1100 3146 (³)
1115 3053 1273 3147 primam
1292 3054 1461 3151 liguram.
1476 3056 1582 3129 Nunc

411 3171 494 3246 vide
519 3172 675 3266 literam,
702 3193 785 3265 quae
811 3178 865 3247 est
891 3172 976 3247 satis
1002 3172 1115 3267 sortis,
1142 3180 1179 3247 et
1205 3181 1377 3249 construe
1403 3184 1440 3249 et
1463 3174 1583 3271 incipe

410 3292 479 3366 ihi:
505 3296 547 3365 lo
564 3297 682 3366 tornat
698 3296 758 3388 tat,
779 3314 801 3367 a
823 3314 952 3367 somno
972 3293 1007 3367 in
1026 3293 1198 3389 vigiliam,
1216 3294 1387 3368 omnihus
1406 3295 1583 3369 receden-

411 3412 507 3487 tibus
531 3421 747 3489 remanente
772 3414 947 3508 Beatrice,
965 3412 1072 3507 puoh,
1100 3413 1239 3511 supple,
1261 3414 1414 3511 apostoli
1437 3415 1582 3490 redive-

410 3540 509 3628 runt‚
524 3532 668 3627 scilicet,
687 3536 804 3607 Pietro
822 3556 840 3606 e
856 3538 1030 3609 Gtovonm'
1046 3556 1064 3607 e
1079 3538 1225 3628 Jacopo,
1246 3536 1360 3610 irater
1377 3535 1475 3610 eius:
1495 3536 1582 3608 istos

411 3656 508 3731 enim
536 3667 610 3733 tres
635 3655 831 3749 assumpsit
856 3655 1031 3749 Christus,
1056 3654 1142 3749 quia
1168 3676 1280 3730 omne
1305 3656 1478 3731 meritum
1497 3654 1580 3730 lidci

411 3774 572 3850 consistit
605 3776 663 3850 vel
693 3774 875 3849 credendo
890 3762 926 3865 (⁴)
958 3794 1043 3848 cum
1075 3774 1196 3868 Petro,
1227 3776 1286 3849 vel
1316 3775 1580 3872 supplantando

412 3896 540 3969 vitium
568 3915 654 3969 cum
680 3894 826 3987 Jacoho,
845 3893 903 3968 vel
926 3893 1112 3990 operando
1137 3894 1276 3969 honum
1303 3916 1388 3970 cum
1415 3896 1580 3971 Iohanne

411 4016 449 4090 in
475 4035 549 4111 quo
570 4022 625 4091 εει
644 4014 773 4111 gratia,
793 4016 956 4107 condotti,
979 4014 1126 4108 scilicet,
1144 4036 1166 4089 a
1187 4013 1328 4089 Christo
1352 4016 1388 4088 in
1414 4021 1575 4089 montem

412 4134 567 4229 nahor,
586 4134 649 4230 qui
667 4142 721 4209 est
739 4140 872 4229 quarto
893 4133 1059 4209 milliario
1080 4156 1101 4208 a
1120 4135 1311 4229 Nazareth,
1331 4135 1393 4209 uhi
1414 4134 1579 4210 Christus

412 4255 692 4352 transfiguratus
718 4262 771 4331 est
796 4275 923 4329 coram
949 4253 1012 4349 eis,
1034 4254 1126 4329 sicut
1151 4262 1188 4329 et
1213 4254 1271 4329 hic
1297 4254 1579 4351 transfiguratus

411 4381 466 4449 est
491 4374 527 4448 in
552 4376 735 4473 gryphum
753 4374 790 4447 in
813 4380 937 4450 monte
963 4374 1120 4467 excelso,
1138 4396 1162 4446 α
1179 4378 1284 4448 ceder
1308 4376 1500 4467 defieretti
1523 4377 1582 4448 det

411 4496 512 4586 melo,
536 4492 639 4587 idest,
666 4494 801 4568 summi
831 4494 927 4568 honi.
954 4494 1054 4570 Bene
1073 4494 1169 4589 dicit,
1191 4494 1276 4589 quia
1302 4500 1391 4569 tunc
1409 4496 1582 4569 viderunt

406 4612 538 4688 florem
557 4614 797 4707 beatitudinis,
816 4620 940 4709 postea
958 4614 1072 4688 visuri
1093 4614 1268 4710 fructum,
1287 4613 1390 4708 idest,
1409 4616 1580 4690 maiesta-

411 4738 485 4807 tem
502 4723 538 4825 (5)
559 4732 752 4807 divinitatis
777 4741 814 4808 et
840 4732 1032 4809 essentiam
1052 4732 1235 4809 Trinitatis
1254 4734 1291 4808 in
1309 4737 1414 4831 coelo,
1431 4735 1525 4811 sicut
1541 4744 1579 4811 et

475 4967 501 5030 ι’)
519 4971 573 5029 117,
591 4966 712 5018 tomhere.
970 4966 998 5027 (¹)
1014 4966 1046 5015 lt.
1062 4971 1274 5030 mompscrnt.

475 5044 502 5105 (⁸)
519 5043 549 5094 li.
567 5042 768 5107 reassumpsisse.
973 5042 1000 5107 ι’)
1018 5045 1074 5103 tlt,
1089 5042 1116 5093 in
1132 5043 1270 5095 credendo.

477 5124 503 5184 ι’)
518 5120 549 5171 lt.
562 5120 700 5171 maiestatis
717 5120 883 5178 divinitatem,
899 5123 934 5169 et.
