4575 6842
733 987 871 1044 caunos
897 989 1088 1044 vrcesurus
1111 989 1257 1045 sexsus.
1508 977 1578 1044 127

407 1127 509 1225 idest,
536 1131 695 1206 rusticus
719 1133 895 1228 alpestris‚
920 1137 953 1208 si
977 1135 1080 1207 turbo
1104 1136 1255 1228 sapido,
1281 1135 1444 1209 novitate
1469 1132 1534 1227 rei,
1562 1154 1580 1205 c

406 1260 574 1345 ammoto,
600 1253 703 1347 idest,
728 1254 959 1348 obmutescit,
976 1257 1189 1346 moerendo,
1208 1253 1293 1348 quia
1319 1262 1447 1350 stupor
1465 1254 1579 1328 inter-

406 1371 495 1446 dum
530 1373 647 1448 reddit
685 1373 872 1448 bominem
905 1375 1104 1470 elinguem,
1138 1377 1280 1466 quondo
1318 1396 1444 1467 rozzo,
1475 1374 1578 1467 idest,

408 1492 509 1566 rudis
535 1501 573 1568 et
596 1515 727 1589 novus,
760 1495 942 1587 s'ioorbo,
966 1495 1069 1589 idest,
1096 1495 1207 1568 intrat
1238 1495 1391 1588 urbem,
1421 1515 1493 1568 non
1525 1497 1580 1566 ol-

409 1621 587 1708 tromcnte,
621 1615 713 1690 idest
745 1615 920 1710 similiter,
946 1617 1006 1688 cle
1038 1617 1189 1688 ciascuo'
1202 1615 1328 1689 umbra
1349 1618 1423 1708 [ccc
1451 1618 1489 1688 io
1513 1609 1579 1687 sato

406 1744 551 1828 purum,
577 1735 678 1830 idest,
710 1734 923 1830 apparentia
954 1735 1032 1809 siue
1065 1755 1167 1810 voce.
1202 1735 1246 1808 ut
1275 1734 1333 1809 hic
1364 1741 1449 1808 nota
1480 1732 1579 1828 quod

409 1854 492 1928 licet
517 1855 742 1949 comparatio
761 1855 830 1929 ista
848 1855 1016 1928 videatur
1032 1875 1161 1951 grossa
1177 1847 1227 1948 (⁴),
1250 1862 1306 1930 est
1331 1861 1454 1929 tamen
1474 1853 1580 1928 valde

409 1976 580 2070 propria:
606 1975 690 2050 licet
716 1975 814 2050 enim
839 1975 951 2070 possit
976 1975 1125 2072 intelligi
1152 1975 1197 2051 de
1223 1975 1386 2071 quolibet
1404 1982 1579 2050 montano

408 2095 527 2190 primo
540 2095 709 2171 veniente
722 2095 768 2170 ad
787 2096 931 2189 urbem,
950 2102 1074 2170 nmen
1096 2095 1300 2190 specialiter
1319 2101 1428 2190 poeta
1445 2093 1579 2168 intelli-

408 2215 462 2311 git
474 2215 521 2290 de
533 2221 707 2290 montano
722 2215 907 2290 habitante
916 2206 952 2307 (²)
963 2215 1000 2288 in
1013 2215 1156 2310 alpibus
1166 2214 1369 2309 Florentia,
1385 2213 1447 2308 qui
1461 2213 1580 2309 prima

407 2335 487 2410 vice
511 2357 586 2430 qua
611 2336 712 2412 venit
736 2335 956 2411 Florentiam
983 2335 1109 2411 videns
1129 2333 1274 2410 excelsa
1295 2334 1438 2430 palatia,
1460 2333 1580 2408 bomi-

408 2477 474 2531 nes
498 2457 633 2552 civiles,
662 2457 847 2532 mirabiles
872 2456 1022 2552 sirenes,
1049 2476 1122 2530 non
1153 2456 1308 2530 satiatur
1333 2455 1427 2549 visu,
1453 2460 1489 2528 et
1520 2453 1577 2528 vi·

406 2577 497 2653 dens
522 2585 576 2652 tot
601 2599 806 2672 numquam
825 2578 901 2652 visa
919 2575 1155 2672 obstupescit:
1175 2577 1273 2649 buno
1289 2579 1415 2649 actum
1437 2572 1577 2648 viderat

407 2704 515 2793 poeta
541 2699 737 2793 aliquando
762 2697 800 2772 in
825 2698 901 2794 ipsa
924 2697 1040 2793 patria
1065 2717 1143 2770 sua.
1171 2695 1272 2770 Sicut
1297 2715 1387 2792 ergo
1414 2693 1588 2769 montani.

408 2818 590 2893 mirantur
616 2818 778 2892 videntes
800 2817 923 2913 primo
946 2815 1167 2892 Florentiam
1189 2816 1395 2909 llorentem,
1412 2814 1461 2888 ita
1479 2833 1578 2888 nunc

407 2939 463 3013 isti
492 2939 674 3014 mirantur
699 2939 862 3013 videntes
887 2938 1006 3033 primo
1031 2938 1150 3012 civem
1181 2936 1415 3011 florentinum
1444 2935 1579 3011 floren-

408 3059 586 3134 tissimum
613 3059 735 3134 adbuc
760 3059 955 3134 viventem.
978 3059 1021 3130 lit
1038 3057 1159 3131 subdit
1174 3055 1379 3131 orationem
1404 3054 1579 3130 (luidonis

406 3179 453 3256 ad
478 3200 519 3255 se
543 3179 685 3254 dicens:
706 3201 766 3252 ma
777 3182 842 3272 poi
857 3181 918 3252 cltc
930 3182 1042 3272 soron
1057 3180 1213 3269 coarcte,
1231 3175 1334 3271 idest,
1355 3180 1577 3268 exoneratae,

407 3303 445 3375 di
468 3309 622 3393 stupore,
644 3300 708 3395 qui
734 3299 801 3374 luit
826 3300 932 3375 valde
957 3299 1090 3393 brevis,
1113 3298 1212 3372 unde
1229 3297 1329 3373 dicit:
1357 3299 1391 3370 lo
1417 3298 1502 3388 quot
1517 3315 1578 3367 nc-

405 3425 456 3514 pti
480 3424 544 3495 otti
566 3439 653 3494 cuor
671 3427 757 3494 tosto
773 3422 805 3492 si
820 3427 950 3513 odnto,·
967 3418 1055 3514 quia
1075 3418 1144 3492 uiri
1171 3415 1396 3513 magnanimi
1415 3437 1487 3490 non
1509 3413 1578 3488 mi-

407 3548 538 3616 rantur
562 3540 785 3634 aliquandiu,
811 3539 896 3614 licet
917 3560 1011 3615 nova
1032 3539 1092 3613 vel
1114 3559 1249 3635 magna
1268 3537 1481 3629 videantur3
1508 3537 1578 3610 boc

406 3667 533 3736 autem
559 3661 644 3736 dicit
669 3659 873 3756 specialiter
898 3679 965 3754 pro
990 3658 1139 3732 domiuo
1160 3657 1337 3751 Guidone,
1356 3656 1420 3750 qui
1440 3656 1507 3730 luit
1523 3655 1580 3730 vir

407 3781 502 3856 bene
527 3781 710 3855 cordatus.
738 3779 840 3854 Unde
865 3779 969 3853 dicit:
995 3781 1082 3852 colei
1105 3780 1165 3851 cic
1187 3780 1272 3870 prio
1293 3799 1336 3850 oe
1360 3779 1482 3868 otiose,
1509 3776 1580 3850 sci-

407 3900 500 3995 lioet,
527 3901 651 3975 anima
675 3899 849 3974 Guidonis
877 3898 1078 3993 Guinicelli,
1112 3894 1328 3988 rummesie,
1359 3899 1498 3992 supple,
1524 3896 1579 3970 di-

406 4042 494 4097 cere
518 4021 618 4116 mibi,
644 4021 731 4115 quia
756 4020 921 4095 dixeram
948 4019 1047 4114 quod
1073 4040 1120 4094 ex
1147 4039 1306 4114 superna
1331 4017 1448 4115 gratia
1478 4017 1577 4091 ibam

407 4163 473 4238 per
498 4143 754 4240 purgatorium
786 4141 824 4214 in
853 4141 939 4235 vita,
965 4141 1063 4214 beon
1097 4146 1141 4231 tc,
1172 4139 1274 4233 idest,
1304 4159 1327 4212 o
1357 4143 1394 4212 te
1423 4136 1579 4230 lelicem,

406 4265 466 4336 cle
501 4264 690 4355 intercise,
728 4262 832 4356 idest,
862 4261 1001 4359 colligis
1030 4267 1067 4336 et
1097 4259 1243 4356 reponis
1273 4258 1311 4334 in
1341 4260 1492 4335 barcam
1525 4257 1579 4330 tui

407 4383 552 4481 ingenii,
578 4387 781 4478 espmiemc
805 4387 892 4458 delle
915 4389 1035 4457 nostre
1058 4384 1212 4474 morcio,
1246 4379 1349 4474 idest,
1375 4379 1421 4454 de
1447 4377 1579 4453 nostris

407 4504 617 4599 regionibus
644 4503 845 4599 montanis;
868 4525 935 4596 per
960 4505 1057 4577 vioe·
1081 4505 1216 4594 meglio.
1236 4501 1312 4575 Nec
1331 4498 1461 4574 dubito
1478 4497 1578 4593 quod

405 4630 514 4718 poeta
540 4625 670 4700 melios
696 4624 797 4720 vixit,
823 4630 860 4698 et
885 4623 1017 4699 melius
1043 4629 1214 4697 mortuus
1240 4628 1296 4696 est
1316 4640 1383 4716 per
1404 4619 1580 4715 compila-

406 4741 543 4817 tionem
569 4744 679 4819 bulus
701 4744 832 4840 operis.
846 4785 896 4798 -
908 4749 960 4817 Lo
976 4751 1084 4835 penta.
1103 4742 1168 4816 llic
1184 4739 1302 4815 Guido
1320 4739 1514 4835 respondet
1531 4740 1578 4815 de

407 4869 565 4957 utraque
590 4870 710 4960 secta,
736 4872 773 4940 et
797 4865 917 4960 primo
942 4864 989 4938 de
1014 4861 1174 4937 secunda
1200 4879 1285 4956 quae
1307 4859 1521 4936 recedebat:
1539 4866 1576 4936 et
1678 4859 1682 4868 '

471 5046 500 5109 (¹)
514 5045 546 5098 E.
560 5059 649 5110 grona
665 5046 751 5098 ubter
768 5048 950 5112 comparando,
967 5052 1007 5097 est
1023 5052 1109 5097 umen
1124 5045 1199 5097 valde
1215 5045 1329 5110 propria.

469 5120 498 5185 (¹)
514 5122 545 5173 R
561 5123 719 5175 inhabitante
734 5125 761 5175 iu
776 5123 875 5189 alpibus
889 5125 1041 5176 florentinis.
