4575 6842
733 954 873 1012 cunnus
896 957 1113 1013 rmeusruus
1137 958 1299 1014 rmrms.
1529 945 1600 1021 ast

430 1102 583 1178 rationis
606 1120 691 1197 quae
711 1101 851 1198 judicat
876 1108 913 1179 et
937 1102 1025 1200 ligat
1049 1102 1098 1177 ad
1126 1101 1334 1178 iaciendum
1360 1102 1419 1179 vel
1443 1124 1518 1179 nnn
1546 1104 1605 1179 ta-

429 1222 610 1298 ciendum.
637 1222 681 1295 ut
706 1220 826 1297 subdit
843 1228 950 1317 poeta
971 1222 1247 1317 responsionem
1269 1222 1445 1299 Baatrieis
1459 1215 1499 1317 (⁴)
1518 1222 1604 1299 irri-

430 1342 546 1419 dentis
558 1343 698 1417 dictum
709 1362 823 1417 suum
834 1347 871 1417 a
886 1342 1072 1439 probantis
1085 1342 1369 1437 quoddeliquit3
1383 1342 1483 1418 unde
1494 1342 1602 1419 dicit:

430 1465 613 1557 crispose,
629 1462 690 1541 illa
706 1462 865 1557 Beatrir,
877 1465 1101 1557 invidendo,
1115 1484 1153 1537 se
1173 1469 1208 1536 n
1226 1464 1395 1538 nmrdar
1413 1480 1487 1539 non
1507 1469 1538 1537 tr
1555 1483 1605 1539 ne

427 1588 526 1679 paci,
538 1582 625 1679 quia
642 1582 849 1659 recordatio
861 1588 917 1659 est
928 1583 976 1659 de
988 1604 1030 1660 re
1046 1584 1155 1677 bona,
1168 1605 1214 1656 nr
1230 1586 1255 1659 a·
1269 1590 1483 1675 ramenta,
1496 1582 1601 1678 idest,

432 1704 640 1799 recordare,
659 1695 690 1777 si
713 1724 809 1777 conte
830 1702 959 1779 tmere
983 1706 1021 1778 di
1045 1707 1123 1777 Lete
1147 1705 1264 1797 nunt,
1283 1702 1433 1797 quando
1454 1722 1606 1779 mersus

432 1824 732 1900 tuisttattatnddi
745 1824 783 1900 in
795 1843 932 1919 aquam
945 1824 1036 1919 eius,
1047 1824 1153 1899 cuius
1164 1823 1264 1919 pctio
1276 1823 1368 1899 tollit
1380 1824 1601 1900 memoriam

431 1950 678 2040 peccaturum
705 1945 749 2020 Et
773 1944 895 2042 arguit
920 1966 943 2019 a
967 1943 1215 2019 communiter
1235 1942 1484 2019 accidentibus
1500 1944 1602 2038 quod

431 2064 566 2140 oblivio
590 2064 728 2160 peccati
753 2063 1000 2161 praesuppnnit
1024 2070 1230 2160 peccatum,
1255 2062 1398 2137 dicens:
1431 2070 1602 2139 emmiu

430 2185 613 2275 obliuione,
637 2184 818 2280 generalis
844 2184 1011 2260 omnium
1044 2184 1242 2279 malorum,
1267 2185 1454 2259 ccncdiade
1477 2186 1605 2259 otiare

429 2308 544 2399 calpa,
569 2304 673 2399 idest,
698 2311 892 2400 peccatum
917 2302 1040 2399 fuisse,
1065 2306 1159 2377 nella
1179 2310 1239 2377 tua
1256 2308 1374 2397 condia
1396 2311 1527 2379 adema
1543 2308 1606 2379 al·-

430 2432 541 2517 trove,
559 2423 704 2519 scilicet,
722 2423 760 2497 in
784 2422 862 2497 aliis
887 2422 1057 2518 scientiis
1072 2445 1109 2497 se
1133 2426 1198 2497 dai
1216 2428 1316 2518 sunto
1332 2428 1437 2521 succo
1452 2428 1601 2516 smac-

431 2553 560 2638 menta,
584 2544 687 2638 idest,
712 2544 884 2641 arguitur
907 2565 930 2618 a
956 2543 1204 2619 communiter
1222 2527 1481 2620 accidentibus.
1498 2544 1602 2621 Unde

432 2665 514 2741 vide
539 2664 641 2761 quod
663 2664 809 2739 Beatrix
836 2663 997 2739 breviter
1020 2663 1144 2761 arguit
1164 2663 1233 2738 sic:
1250 2664 1364 2739 Lethe
1379 2686 1404 2739 a
1419 2663 1604 2741 memoria

432 2785 566 2862 delevit
590 2785 689 2879 quod
713 2790 793 2859 erat
818 2783 856 2858 in
881 2784 1000 2879 culpa,
1023 2783 1054 2857 si
1079 2804 1170 2880 ergo
1199 2783 1334 2859 delerit
1358 2785 1439 2880 hoc,
1463 2784 1532 2859 tuit
1564 2784 1603 2857 in

432 2907 557 3002 eulpa3
583 2906 677 2981 sicut
700 2904 878 2979 dicimus:
902 2904 932 2977 si
957 2911 1012 2979 est
1037 2903 1175 2999 fumus,
1195 2904 1326 2979 estrei
1350 2903 1418 2977 suit
1434 2904 1537 3001 ignis
1555 2888 1605 2977 Et

430 3027 479 3102 ad
503 3026 816 3103 confirmationem
843 3030 962 3121 poetae
987 3024 1024 3099 in
1047 3025 1184 3100 bonam
1210 3045 1311 3120 spem
1338 3024 1484 3099 Beatrix
1510 3044 1598 3121 prc-

432 3146 540 3222 mittit
551 3145 598 3223 de
610 3152 745 3221 caetero
758 3164 799 3221 se
811 3147 965 3239 loquum
971 3165 1051 3220 ram
1066 3146 1221 3240 clarect
1233 3165 1309 3220 non
1320 3145 1390 3218 sub
1402 3144 1600 3246 aenigmata

430 3268 525 3343 sicut
553 3266 639 3340 iecit
667 3266 870 3360 hucusque.
905 3264 998 3340 Dicit
1034 3285 1151 3362 ergo:
1187 3270 1397 3355 momente,
1431 3262 1602 3358 quamv-is

431 3407 551 3483 usque
575 3406 673 3461 nunc
697 3385 852 3460 dixerim
885 3386 948 3460 tibi
979 3385 1149 3480 obscura,
1175 3388 1207 3459 lc
1231 3386 1297 3458 mie
1316 3386 1446 3477 parole
1469 3385 1597 3475 armai,

430 3507 576 3602 scilicet,
602 3526 667 3603 per
700 3512 819 3581 totum
845 3505 1055 3601 paradisum
1087 3503 1272 3600 loquendo
1296 3504 1343 3579 de
1372 3504 1513 3597 divinis,
1538 3524 1600 3577 ca·

430 3648 548 3703 ranno
579 3629 683 3718 nude,
708 3625 810 3719 idest,
841 3626 942 3700 clara
978 3632 1017 3707 et
1049 3630 1188 3719 aperta,
1218 3624 1297 3699 sine
1322 3623 1528 3719 velamina;
1566 3630 1604 3697 et

432 3748 617 3844 restringit
640 3746 778 3821 dictum
803 3766 927 3839 suum,
949 3745 1091 3820 dicens:
1117 3753 1248 3836 quanto
1273 3748 1498 3819 converrunt
1519 3766 1601 3819 scn-

428 3871 510 3961 pn'r
547 3870 669 3960 quem,
702 3865 838 3941 scilicet
868 3864 995 3958 verba,
1028 3867 1101 3938 alin
1139 3871 1199 3939 tnta
1230 3867 1321 3939 vista
1356 3867 1459 3955 rude,
1497 3864 1603 3959 idest,

432 3986 629 4062 intellectui
662 4006 807 4083 grosso,
842 3984 947 4079 quasi
978 3984 1086 4079 dicat,
1120 3984 1323 4058 secuudum
1358 3983 1603 4078 capacitatem

430 4109 604 4184 humanm
629 4107 760 4184 mentis
784 4105 949 4179 infirmae.

505 4224 617 4322 apid
642 4248 819 4301 comtum.
845 4226 917 4299 lsta
942 4232 996 4301 est
1017 4230 1151 4320 quarta
1176 4230 1214 4299 et
1239 4223 1367 4299 ultima
1384 4244 1470 4318 pars
1485 4244 1602 4321 geue·

430 4348 516 4423 ralis
541 4348 652 4421 huius
678 4346 796 4419 ultimi
822 4344 979 4441 capituli,
997 4344 1034 4417 in
1051 4364 1125 4437 qua
1142 4350 1249 4439 poeta
1267 4342 1423 4419 ostendit
1443 4343 1602 4439 qualiter

429 4466 637 4564 pervenerit
661 4467 709 4542 ad
734 4466 901 4540 ultimam
931 4464 1208 4558 acquisitionem
1241 4463 1413 4560 perfectae
1445 4463 1600 4540 virtutis

428 4588 473 4661 Et
505 4586 637 4682 primo,
662 4593 704 4660 ut
729 4585 903 4682 procedat
936 4584 1065 4659 ordine
1099 4604 1247 4680 magno,
1273 4584 1444 4661 describit
1468 4586 1603 4661 noram

428 4707 613 4801 temporis,
640 4706 727 4801 quia
752 4706 888 4781 scilicet
912 4704 966 4778 sel
992 4710 1072 4779 erat
1097 4703 1194 4779 altus
1211 4711 1250 4779 et
1268 4705 1402 4780 ardens
1426 4706 1464 4781 in
1488 4706 1603 4781 meri·

428 4826 497 4921 die,
515 4824 662 4922 quando
688 4824 853 4920 pervenit
870 4823 917 4899 ad
934 4823 1106 4898 ultimum
1126 4824 1327 4899 terminum
1348 4825 1505 4920 virtutis,
1524 4844 1599 4921 qua

492 5092 519 5157 (¹)
536 5092 566 5143 Ε.
582 5090 706 5141 Βοιῑτίοίι
720 5090 944 5155 respondentium
960 5088 1068 5141 dictum.
