4575 6842
727 957 797 1023 luo
912 962 915 965 ’
1118 968 1325 1026 conunrum
1350 969 1515 1026 rananrsr

724 1119 776 1188 Lo
800 1134 949 1208 corona
980 1115 1104 1211 regale
1128 1114 1309 1210 diadema,
1326 1117 1495 1210 stilocone
1518 1104 1579 1207 pot
1604 1118 1642 1189 in
1663 1119 1794 1209 fronte,
1815 1115 1899 1189 licet

724 1236 873 1332 quidam
898 1234 1120 1310 dndreasius
1145 1232 1192 1310 de
1217 1237 1331 1330 stirpe
1355 1235 1553 1332 Hungariae
1575 1236 1811 1333 occupaverit
1837 1254 1897 1309 re-

723 1378 850 1454 gnum,
877 1358 916 1431 di
940 1358 1053 1447 quella
1079 1362 1191 1446 terra,
1209 1356 1356 1451 scilicet,
1373 1356 1581 1451 hungariae,
1602 1358 1661 1430 che
1683 1359 1713 1430 il
1736 1355 1899 1429 oamuo

724 1480 819 1572 ripa,
852 1477 916 1572 qui
949 1477 1022 1551 alio
1059 1476 1209 1551 nomine
1240 1476 1373 1551 dicitur
1409 1476 1510 1570 ister,
1542 1479 1639 1568 meo,
1676 1476 1780 1571 idest,
1819 1475 1898 1551 bal·

725 1605 822 1693 neat‚
842 1600 907 1690 poc¹
930 1598 991 1670 che
1016 1599 1048 1669 le
1070 1598 1148 1688 ripe
1173 1599 1334 1689 tedescho,
1358 1595 1582 1671 Alamanniae
1603 1596 1812 1692 superioris,
1833 1596 1898 1668 ab·

724 1720 962 1793 handenu-
974 1724 1007 1790 d
1019 1721 1057 1790 Io
1072 1718 1172 1789 bello.
1191 1716 1256 1791 llic
1273 1716 1458 1792 hlartellus
1478 1715 1648 1791 describit
1668 1725 1844 1810 quartum
1858 1708 1895 1808 (¹)

582 1922 590 1935 ,
728 1860 897 1937 regnum,
912 1838 1010 1933 quod
1031 1836 1096 1911 sihi
1123 1835 1170 1911 dc
1190 1838 1278 1932 jure
1302 1837 1507 1911 debebatur
1524 1844 1562 1911 et
1582 1837 1787 1911 heredibus
1807 1836 1895 1929 suis,

725 1960 792 2035 nisi
818 1966 987 2054 ereptum
1013 1958 1139 2031 luisset
1164 1958 1210 2031 de
1236 1958 1334 2031 lurto
1349 1949 1386 2051 (²)
1405 1957 1536 2032 Carolc
1553 1959 1567 2030 l
1584 1977 1655 2031 aro
1676 1962 1754 2031 suo.
1773 1956 1816 2030 Et
1832 1956 1897 2031 de-

725 2078 1897 2174 scribitartificioseinsulamSiciliaeamirabiliantiquomonte,

724 2208 763 2276 et
796 2200 951 2274 mirabili
964 2192 1002 2292 (ἢ
1036 2200 1235 2275 rebellione
1269 2220 1375 2273 nova.
1409 2198 1463 2273 dd
1497 2198 1657 2294 primum
1690 2204 1746 2274 est
1779 2198 1897 2293 primo

722 2321 923 2416 sciendum,
950 2320 1049 2415 quod
1074 2321 1182 2396 AEtna
1210 2341 1316 2394 mons
1346 2321 1382 2394 in
1415 2319 1536 2394 medio
1566 2319 1695 2394 Siciliae
1720 2325 1775 2393 est
1800 2318 1897 2393 cele-

724 2441 908 2518 berrimus
934 2441 1032 2516 lama
1057 2440 1093 2514 in
1121 2445 1197 2514 toto
1223 2440 1330 2535 orhe3
1350 2438 1413 2534 qui
1434 2438 1521 2515 olim
1540 2458 1686 2533 semper
1702 2437 1834 2513 ardens
1851 2437 1897 2511 de

724 2562 797 2637 alto
823 2562 1018 2637 cacumine
1051 2582 1119 2635 suo
1155 2562 1345 2637 emittebat
1375 2560 1503 2657 globos
1533 2560 1660 2657 igneos
1690 2580 1787 2634 nnnc
1816 2561 1897 2654 plns

726 2704 823 2757 nunc
850 2684 982 2757 minus.
1013 2684 1090 2757 lloc
1119 2690 1247 2757 autem
1273 2688 1353 2756 erat
1382 2702 1427 2756 en
1459 2682 1611 2756 materia
1646 2681 1829 2776 sulphuris
1858 2680 1896 2753 in

726 2803 927 2878 visceribus
952 2804 1045 2898 eine,
1072 2810 1114 2877 ut
1138 2802 1263 2877 scribit
1286 2801 1436 2877 Ovidius
1466 2802 1503 2875 in
1527 2801 1591 2875 xv
1620 2800 1775 2893 Maioris,
1801 2805 1839 2874 et
1857 2789 1894 2890 (⁴)

726 2922 918 2998 videbatur
939 2923 988 2997 ihi
1015 2923 1247 3017 prophetare,
1279 2922 1365 3016 quia
1390 2920 1475 2995 dicit
1501 2919 1599 3015 qood
1625 2920 1747 2995 veniet
1775 2919 1896 2993 adhuc

726 3050 871 3138 tempus
896 3064 972 3138 quo
996 3043 1106 3117 AEtna
1132 3062 1206 3116 non
1231 3041 1373 3117 ardebit
1398 3047 1614 3137 consumpta
1640 3040 1793 3115 materia
1820 3041 1896 3113 sul-

725 3162 863 3258 phuris.
883 3164 984 3239 Unde
1000 3164 1139 3239 Seneca
1157 3163 1281 3237 scribit
1297 3161 1434 3237 Lucilio
1452 3162 1550 3257 quod
1569 3161 1648 3237 vult
1668 3160 1763 3235 scire
1782 3160 1829 3234 ab
1847 3180 1893 3235 eo

723 3280 771 3357 de
794 3282 940 3357 duobus
966 3282 1194 3357 mirabilibus
1212 3282 1351 3375 Sicilia,
1366 3281 1501 3356 scilicet
1520 3280 1700 3376 Charybdi
1718 3285 1755 3355 et
1771 3280 1890 3375 AEtna‚

724 3422 836 3497 quam
862 3401 947 3478 dicit
972 3403 1139 3477 consumi
1165 3408 1203 3477 et
1227 3402 1385 3477 delicere
1410 3422 1457 3477 ex
1483 3402 1552 3475 hoc
1577 3401 1676 3495 quod
1700 3400 1896 3496 aliquando

723 3521 981 3618 navigantibus
1005 3524 1242 3619 longinquius
1260 3523 1400 3598 solebat
1416 3522 1574 3615 ostendi;
1593 3528 1631 3596 et
1648 3522 1699 3595 sic
1716 3542 1782 3616 per
1801 3528 1895 3597 tem-

723 3664 814 3737 pora
831 3644 1019 3738 paullatim
1040 3643 1207 3738 cessavit,
1233 3644 1283 3718 ita
1308 3644 1417 3737 qnod·
1434 3642 1541 3717 hodie
1558 3663 1630 3717 non
1651 3648 1803 3737 apparet
1829 3641 1894 3715 nisi

722 3762 920 3857 aliquando
944 3765 1088 3858 lunius3
1109 3772 1146 3839 et
1163 3772 1219 3839 est
1237 3764 1404 3839 mirabile
1424 3764 1524 3858 qnod
1544 3764 1641 3839 circa
1659 3763 1799 3839 radices
1816 3762 1894 3839 cius

724 3903 831 3958 mons
847 3892 903 3959 eat
918 3886 1188 3960 amoenissimus
1205 3885 1366 3979 floribus,
1386 3884 1556 3978 lontibus,
1570 3884 1758 3958 viridariis.
1773 3886 1897 3959 Poetae

722 4008 848 4077 antem
881 4005 996 4079 marita
1023 4006 1234 4080 fabulantur
1259 3984 1306 4080 de
1340 4005 1409 4079 hoc
1443 4012 1590 4078 monte:
1622 4003 1763 4100 fingunt
1795 4004 1892 4079 enim

723 4122 823 4218 quod
849 4124 1035 4200 Vulcanus
1068 4127 1159 4201 deus
1185 4124 1278 4221 ignis
1302 4124 1351 4199 ibi
1378 4125 1531 4199 lubricat
1560 4124 1712 4199 iulmina
1738 4124 1829 4218 Iovi,
1856 4132 1893 4199 et

722 4244 822 4335 qood
835 4244 1020 4340 Typhoeus
1035 4245 1140 4343 gigas
1157 4246 1371 4320 fulminatus
1388 4245 1596 4340 suppositus
1614 4252 1668 4319 est
1686 4246 1812 4340 monti,
1831 4246 1893 4340 qui
1916 4284 1919 4291 Δ

722 4365 861 4440 evomit
886 4372 1030 4442 tantum
1056 4366 1276 4441 incendium.
1303 4368 1374 4440 Per
1398 4367 1469 4440 hoc
1493 4367 1627 4441 Dantes'
1653 4366 1841 4442 moraliter
1856 4358 1891 4459 (⁵)

722 4485 784 4559 dat
808 4485 960 4583 intelligi
988 4486 1089 4580 quod
1118 4486 1234 4583 gigas,
1264 4485 1356 4561 idest
1387 4507 1544 4581 magnus
1573 4487 1766 4581 superbus,
1795 4492 1895 4561 recte

723 4606 824 4682 velut
849 4607 958 4681 AEtna
982 4608 1116 4682 ardens
1141 4607 1269 4682 lurore
1294 4606 1426 4682 emittit
1452 4608 1619 4682 dammas
1645 4628 1730 4682 cum
1759 4626 1893 4703 magno

721 4728 857 4803 damno
882 4727 940 4802 sui
959 4734 997 4802 et
1013 4727 1186 4820 aliorum,
1202 4727 1297 4802 sicut
1314 4734 1414 4802 recte
1432 4727 1548 4822 patuit
1569 4727 1604 4801 in
1625 4726 1796 4823 Dionysio
1815 4746 1894 4801 ma-

722 4868 796 4944 gno
813 4854 970 4945 tyranno
987 4848 1082 4923 illius
1099 4848 1239 4922 insulae.
1259 4847 1312 4921 dd
1329 4847 1472 4922 literam
1490 4867 1599 4944 erg05
1617 4848 1701 4922 dicit
1718 4847 1890 4922 Carolus:

785 5036 812 5097 (¹)
828 5039 851 5094 t,
868 5037 939 5086 allud
956 5050 1075 5102 regnum.
1237 5035 1264 5097 (¹)
1282 5036 1311 5085 it
1328 5036 1453 5086 delacio.
1546 5034 1573 5098 (⁸)
1589 5036 1620 5086 E.
1636 5041 1662 5086 et
1680 5035 1831 5087 admirabili.

787 5112 814 5175 θ)
829 5112 860 5163 B.
876 5127 893 5164 a
909 5118 932 5175 t,
949 5115 1154 5167 stitueretur.
1237 5114 1264 5177 (¹)
1281 5114 1312 5165 li.
1328 5113 1464 5165 moraliter
1479 5112 1600 5178 inlelligit
1616 5114 1694 5178 qood.
