4575 6842
722 964 793 1031 tat
1113 970 1318 1027 conuunuu
1342 971 1510 1025 rananrsr

719 1120 802 1195 lieet
827 1118 1077 1193 narrationem
1102 1138 1228 1192 suam:
1255 1124 1291 1191 tu
1314 1120 1383 1208 sol,
1408 1124 1600 1211 tamquam
1631 1116 1750 1191 bonus
1782 1117 1894 1192 histo-

720 1242 830 1335 ricus,
855 1243 942 1314 elr'et
950 1244 1038 1335 fece,
1066 1239 1155 1313 illud
1181 1240 1326 1337 signum
1345 1238 1491 1332 aquilae,
1507 1242 1545 1311 tn
1561 1238 1652 1311 Alto
1667 1260 1734 1313 suo
1750 1242 1893 1313 dimora

713 1384 783 1455 per
807 1362 1066 1453 aeneatorum
1094 1358 1192 1434 unde
1212 1358 1402 1455 Virgilius:
1429 1362 1497 1431 Hic
1511 1358 1594 1449 jam
1614 1364 1783 1433 memma
1807 1366 1895 1433 totos

719 1482 943 1574 remittimus
968 1500 1102 1573 aaaron
1126 1481 1211 1553 doit
1225 1498 1293 1551 ora
1309 1480 1369 1551 cte
1387 1481 1547 1551 Pallante
1571 1471 1663 1551 morl
1682 1480 1898 1573 perclaruit

718 1622 843 1695 roano,
863 1600 1030 1693 initalia,
1048 1599 1143 1673 siout
1168 1606 1206 1673 et
1230 1598 1383 1675 Camilla
1400 1605 1439 1673 et
1455 1597 1561 1671 Nisus
1585 1604 1622 1673 et
1643 1599 1894 1695 Euryalus.—

720 1727 766 1797 Et
787 1724 886 1795 ultre.
916 1720 980 1794 llio
1015 1718 1240 1793 lastinianus
1275 1718 1392 1813 tangit
1424 1718 1523 1793 aliud
1557 1718 1795 1793 memorabile
1827 1738 1894 1814 ge-

721 1848 832 1935 stum,
857 1841 992 1915 seilicet
1018 1858 1138 1933 quare
1163 1844 1199 1913 et
1225 1838 1413 1932 quomodo
1429 1838 1524 1913 dicta
1545 1838 1671 1913 civitas
1692 1858 1821 1915 eversa
1838 1844 1895 1913 est

721 1969 758 2037 et
775 1962 949 2037 translata
967 1962 1137 2034 Romam.
1152 1958 1205 2034 Ad
1221 1960 1320 2053 quod
1336 1960 1525 2034 sciendum
1544 1960 1644 2054 quod
1661 1960 1782 2034 Livius
1799 1962 1893 2035 hane

721 2082 880 2156 nobilem
898 2080 1087 2154 historiam
1106 2079 1256 2176 egregie
1277 2080 1403 2154 scribit
1419 2080 1513 2154 libro
1534 2080 1662 2175 primo,
1681 2081 1788 2154 ouius
1805 2081 1891 2154 bre·

721 2204 814 2279 viter
839 2203 918 2275 lraec
942 2205 998 2275 est
1023 2221 1191 2275 summa:
1218 2200 1343 2274 Tullus
1373 2196 1545 2275 Hostilius
1576 2200 1704 2277 tertius
1739 2220 1805 2275 ren
1832 2219 1895 2273 ro·

721 2343 919 2399 manorum
933 2322 968 2394 vi
983 2327 1020 2395 et
1036 2320 1120 2395 dolo
1136 2328 1306 2396 armatus
1323 2322 1438 2395 movit
1456 2322 1592 2397 bellum
1613 2321 1764 2413 albanis,
1783 2341 1893 2416 penos

724 2464 818 2538 quos
844 2436 1001 2537 rognum
1026 2441 1225 2515 latinorum
1253 2460 1319 2535 per
1347 2442 1463 2515 multa
1488 2441 1623 2516 saecula
1650 2442 1790 2517 luerat:
1817 2440 1896 2515 bel·

722 2566 799 2639 lum
826 2562 973 2637 tandem
1007 2561 1150 2637 modico
1180 2562 1360 2659 sanguine
1390 2562 1627 2637 terminatum
1654 2569 1709 2639 est
1740 2563 1895 2637 mirabili

722 2704 846 2781 pugna
872 2683 1176 2779 tergeminorum.
1199 2684 1292 2757 Nam
1319 2688 1394 2759 tres
1419 2682 1551 2759 iratres
1578 2684 1722 2758 romani
1748 2683 1897 2759 nomine

722 2804 860 2880 Horatii
886 2815 924 2882 et
949 2812 1025 2878 tres
1049 2804 1109 2878 alii
1134 2805 1267 2879 iratres
1291 2804 1412 2879 albani
1430 2804 1579 2878 nomine
1598 2804 1747 2879 Curiatii
1771 2805 1897 2902 singu-

722 2926 790 3001 lari
815 2924 1017 2999 certamine
1042 2929 1301 3020 pugnaverunt
1326 2922 1421 2999 inter
1445 2944 1496 3018 se,
1522 2944 1608 2999 eum
1636 2930 1742 3020 pacto
1768 2934 1810 2998 ut
1836 2944 1896 2999 re-

722 3066 839 3142 gnum
858 3049 954 3121 esset
969 3064 1082 3139 penes
1098 3064 1163 3118 eos
1180 3062 1292 3138 penos
1308 3064 1402 3137 quos
1419 3052 1516 3119 esset
1532 3044 1695 3119 victoria.
1709 3045 1749 3118 ln
1766 3045 1896 3139 proelio

722 3166 835 3263 igitur
861 3170 935 3239 tres
961 3163 1111 3240 Curiatii
1129 3163 1311 3238 vulnerati
1337 3170 1484 3239 suntet
1509 3164 1583 3238 duo
1605 3165 1746 3239 romani
1767 3165 1894 3259 occisi3

723 3286 787 3360 sed
812 3284 942 3359 tertius
968 3303 1144 3358 romanus
1169 3282 1341 3357 Horatius
1365 3303 1489 3380 sospes
1510 3305 1644 3381 magna
1665 3284 1843 3360 industria
1860 3293 1897 3361 el

721 3414 803 3481 arte
828 3404 1008 3479 interiecit
1032 3424 1162 3479 omnes
1187 3410 1261 3477 tres
1280 3403 1462 3478 Curiatios
1487 3410 1524 3478 et
1550 3404 1739 3480 victoriam
1758 3413 1796 3481 et
1816 3407 1896 3503 glo·
2034 3425 2039 3435 ·

723 3528 816 3602 riam
841 3546 928 3599 oum
954 3524 1115 3598 dominio
1140 3523 1342 3620 reportavit
1366 3524 1535 3599 Romam.
1562 3525 1692 3601 Postea
1718 3526 1844 3601 Tullus
1856 3519 1893 3618 (¹)

723 3647 872 3723 lletium
898 3646 1029 3720 ducem
1056 3645 1288 3740 albanorum,
1315 3646 1400 3739 quia
1428 3646 1606 3721 lelellerat
1630 3648 1695 3721 sibi
1723 3647 1832 3722 tidem
1859 3648 1895 3721 in

722 3769 794 3845 alio
812 3760 942 3862 proe'lio
959 3772 1087 3854 eontra
1104 3766 1239 3861 hostes,
1256 3765 1351 3841 inter
1369 3786 1485 3859 equos
1502 3768 1655 3843 lacerari
1674 3768 1769 3862 lecit,
1783 3775 1820 3843 et
1837 3768 1898 3843 ΑΙ·

724 3890 809 3964 bam
836 3885 980 3980 evertit,
997 3892 1035 3961 et
1054 3885 1179 3961 omnia
1205 3886 1390 3960 transtulit
1413 3886 1588 3962 Romam:
1605 3894 1642 3961 et
1654 3878 1691 3979 (¹)
1709 3886 1808 3962 illam
1829 3908 1897 3961 an·

726 4010 866 4102 tiquam
891 4012 1049 4082 matrem
1079 4006 1207 4080 Romae
1232 4006 1270 4080 in
1295 4012 1462 4081 ventrem
1495 4007 1577 4083 liliae
1608 4008 1765 4104 reduxit,
1791 3999 1894 4102 sio(³)

725 4129 810 4202 viris
835 4134 874 4203 ot
898 4128 1037 4201 viribus
1061 4126 1180 4201 Roma
1206 4126 1332 4201 crevit.
1360 4127 1451 4202 Dicit
1476 4148 1566 4225 ergo
1590 4129 1638 4203 ad
1663 4130 1825 4205 literam:
1853 4136 1897 4205 Et

725 4250 826 4342 otae,
854 4248 990 4324 scilicet
1013 4248 1136 4341 aquila
1164 4246 1248 4323 lecit
1273 4268 1418 4323 moram
1444 4248 1481 4322 in
1507 4249 1609 4342 alta,
1634 4252 1743 4343 miluo
1768 4254 1807 4325 al
1826 4253 1897 4344 fine

724 4372 786 4444 cte
809 4372 824 4443 i
846 4376 912 4463 tre,
940 4368 1089 4461 scilicet,
1112 4365 1251 4442 Horatii
1277 4367 1351 4441 nati
1373 4366 1504 4443 eodem
1522 4374 1679 4463 partae
1701 4372 1717 4443 i
1740 4378 1806 4463 tre,
1827 4371 1897 4446 sci·

725 4491 820 4585 lieet,
846 4488 996 4564 Curiatii
1030 4489 1197 4563 similiter
1228 4488 1302 4563 nati
1336 4508 1411 4563 uno
1441 4495 1562 4583 partu,
1588 4510 1734 4582 paonar-
1756 4512 1823 4583 per
1849 4493 1899 4565 lai

724 4630 875 4701 errrore,
901 4608 1046 4702 scilieet,
1072 4629 1140 4704 pro
1165 4608 1226 4682 illo
1252 4607 1356 4705 signo
1381 4608 1525 4703 aquilae.
1539 4648 1589 4663 —
1602 4615 1635 4683 E
1655 4614 1721 4685 sol.
1742 4611 1807 4687 llio
1832 4611 1898 4685 lu·

724 4730 901 4805 stinianus
934 4727 1151 4803 mirabiliter
1190 4717 1398 4825 perstringit
1438 4728 1532 4805 lacta
1571 4730 1641 4803 sul)
1674 4730 1797 4824 aquila
1832 4750 1897 4826 per

725 4858 845 4925 totum
871 4860 1017 4945 tempus
1044 4870 1195 4946 regum3
1216 4855 1254 4924 et
1274 4849 1389 4945 tangit
1413 4850 1488 4924 duo
1513 4850 1671 4925 notanda
1688 4858 1802 4947 gesta,
1824 4850 1898 4947 pri-

740 5012 831 5023 *—

789 5110 816 5171 (¹)
833 5108 864 5159 B.
880 5108 975 5160 Tullus
990 5122 1037 5161 m
1051 5110 1171 5162 Helium.
1264 5108 1292 5170 θ)
1308 5112 1323 5159 l
1338 5120 1355 5159 ο
1370 5108 1402 5159 E.
1417 5114 1444 5161 el
1459 5110 1496 5161 alo
1512 5110 1593 5161 illam.
1692 5110 1719 5173 (Ἴ
1735 5110 1767 5162 B.
1781 5115 1810 5161 el
1824 5110 1869 5161 ale
