4575 6842
716 930 791 999 234
1075 944 1279 1001 commun
1303 945 1525 1001 nuncanouu

712 1088 883 1165 didissent
908 1089 974 1165 sibi
1000 1089 1088 1164 satis
1111 1090 1276 1166 audaciae
1301 1097 1339 1167 et
1363 1091 1440 1187 spei
1464 1112 1550 1167 cum
1577 1092 1705 1170 lavore
1724 1117 1805 1189 suo,
1831 1100 1885 1171 oi·

711 1210 778 1283 der
801 1212 960 1285 Baetice
984 1213 1079 1285 uoltu
1103 1213 1143 1285 in
1164 1232 1207 1283 su
1230 1214 1268 1285 ta
1288 1214 1393 1303 fiere,
1418 1211 1568 1306 scilicet,
1585 1216 1783 1309 gryphum,
1801 1213 1888 1291 cb'd

710 1332 788 1403 selo
812 1352 886 1405 urta
904 1350 1075 1425 persono,
1100 1330 1247 1425 scilicet,
1273 1331 1448 1426 cbristus,
1476 1336 1515 1407 io
1539 1336 1607 1407 date
1629 1342 1769 1427 nature,
1789 1335 1885 1410 scili-

710 1456 781 1543 cet,
798 1452 961 1527 bumana
986 1455 1023 1527 et
1040 1450 1172 1526 divina.
1190 1452 1235 1525 Et
1250 1452 1422 1529 describit
1438 1454 1643 1529 beatricem
1663 1474 1775 1550 quam
1795 1462 1884 1530 tunc

711 1570 799 1647 vidit
823 1572 871 1646 ab
896 1572 1111 1647 excellentia
1143 1572 1398 1667 pulcritudinis
1427 1573 1528 1668 eius3
1553 1580 1590 1649 et
1620 1574 1883 1649 sententialiter

711 1692 792 1767 vult
816 1692 938 1767 dicere
963 1691 1063 1787 quod
1078 1692 1226 1767 Beatrix
1252 1713 1353 1768 nunc
1377 1693 1533 1769 ostendit
1557 1694 1675 1790 magis
1700 1695 1884 1769 excellere

710 1833 752 1889 se
776 1813 891 1908 ipsam
917 1812 955 1887 in
979 1811 1224 1907 pulcritudine
1247 1813 1546 1909 nonnumquam
1572 1814 1769 1889 excelleret
1793 1814 1882 1889 alias

711 1932 877 2007 dominas
905 1931 995 2005 dum
1025 1931 1167 2007 viveret
1195 1933 1233 2007 in
1262 1934 1418 2008 mundo:
1447 1939 1587 2029 quanto
1618 1954 1708 2030 ergo
1739 1934 1775 2007 in
1809 1933 1881 2005 vita

712 2051 912 2127 excellebat
940 2051 1224 2146 pulcritudinem
1254 2058 1486 2148 ceterarum,
1512 2060 1615 2127 tanto
1643 2072 1742 2127 nunc
1772 2072 1881 2127 exce-

710 2171 820 2247 debat
844 2172 1126 2266 pulcritudinem
1153 2172 1252 2249 illam
1277 2174 1478 2269 antiquam.
1500 2174 1682 2247 Construe
1704 2194 1795 2270 ergo
1811 2172 1880 2249 sic:

709 2290 768 2365 illa
794 2292 954 2386 Beatrix,
969 2296 1132 2385 pureemt'
1147 2296 1265 2368 concor
1281 2290 1343 2387 pul
1359 2316 1397 2369 se
1411 2303 1521 2369 stema
1541 2298 1672 2388 ondca,
1689 2315 1775 2370 cum
1793 2295 1879 2368 olim

711 2416 791 2486 erat
822 2411 860 2483 in
889 2412 1038 2507 mundo,
1065 2417 1124 2487 clu
1155 2417 1273 2487 vincor
1306 2418 1328 2489 ἴ
1341 2418 1431 2489 ultre
1461 2418 1533 2507 qui,
1558 2414 1596 2489 in
1629 2415 1768 2489 mundo
1799 2415 1880 2509 isto,

712 2534 842 2623 pund
855 2535 922 2606 clla
946 2536 979 2605 ci
1001 2555 1079 2625 cra,
1104 2534 1208 2627 idest,
1235 2542 1317 2610 erat
1340 2534 1399 2609 bic
1424 2534 1461 2609 in
1486 2534 1573 2628 vita,
1595 2542 1684 2608 sotto
1706 2556 1770 2608 suo
1787 2538 1875 2629 veto,

709 2649 814 2744 quasi
839 2651 951 2727 dicat:
979 2652 1061 2729 licet
1087 2659 1184 2728 esset
1208 2655 1324 2729 latens
1348 2655 1418 2729 sub
1442 2655 1503 2729 illo
1521 2655 1603 2729 velo
1619 2654 1715 2747 albo,
1739 2661 1771 2727 et
1785 2658 1879 2727 oltra

709 2774 746 2844 lo
770 2774 904 2864 livera,
922 2772 1023 2867 idest,
1042 2781 1081 2849 et
1099 2774 1269 2867 quamvis
1294 2782 1390 2849 esset
1415 2775 1511 2851 ultra
1536 2775 1677 2849 llumen
1702 2775 1738 2848 in
1764 2775 1880 2849 altera

708 2890 798 2987 ripa.
814 2932 863 2947 -
875 2895 924 2967 ot
941 2898 1069 2987 penti.
1093 2895 1158 2969 liic
1183 2902 1291 2991 poeta
1308 2896 1407 2991 ponit
1430 2894 1604 2971 ellectum
1622 2896 1768 2969 visionis
1787 2896 1882 2971 Bea-

710 3011 819 3105 tricis,
846 3034 929 3108 quae
955 3014 1022 3088 luit
1048 3021 1157 3090 tantae
1184 3015 1329 3091 virtutis
1358 3023 1396 3090 et
1425 3016 1608 3110 efficacia),
1635 3016 1733 3110 quod
1759 3016 1880 3094 subito

708 3134 889 3209 convertit
922 3156 1089 3212 amorem
1124 3157 1235 3232 quem
1268 3138 1427 3215 babebat
1459 3138 1506 3213 ad
1536 3138 1626 3213 alias
1659 3138 1696 3211 in
1730 3138 1881 3216 crudele

708 3255 845 3330 odium.
881 3254 974 3331 llicit
1006 3276 1117 3354 ergo:
1145 3261 1308 3333 L'orttcu
1332 3262 1370 3333 di
1393 3262 1526 3351 pentir,
1554 3258 1655 3353 idest,
1688 3259 1878 3335 stimulum

708 3375 955 3471 poeuitudinis,
981 3380 1030 3451 mi
1049 3400 1161 3473 punse
1185 3371 1228 3470 si,
1245 3378 1347 3472 idest,
1368 3380 1419 3453 ita
1435 3379 1641 3474 penetravit
1657 3400 1721 3454 cor
1739 3400 1878 3473 meum,

706 3500 767 3587 toi,
793 3495 895 3591 idest,
922 3498 958 3571 in
984 3498 1044 3573 illa
1070 3498 1148 3594 ripa
1174 3519 1270 3592 mea,
1295 3502 1356 3573 cle
1380 3503 1476 3594 qual,
1504 3500 1606 3594 idest,
1631 3518 1880 3593 quaecumque

709 3638 779 3712 res,
804 3619 842 3692 dt
866 3624 945 3692 tutte
968 3621 1058 3692 ultre
1076 3614 1141 3711 pici
1157 3622 1207 3694 mi
1222 3627 1326 3713 urse,
1347 3620 1449 3714 idest,
1467 3620 1590 3713 traxit,
1606 3624 1665 3694 nel
1677 3641 1741 3693 suo
1757 3641 1875 3713 amor,

708 3744 856 3834 propter
880 3738 1176 3833 pulcritudinem,
1196 3735 1259 3832 pto
1279 3744 1328 3813 mi
1350 3744 1383 3815 si
1403 3744 1449 3835 [ε’
1468 3744 1617 3836 nimico,
1638 3749 1677 3816 et
1699 3761 1766 3836 per
1792 3760 1880 3815 con-

708 3878 876 3952 sequens,
908 3866 1006 3933 tantu
1043 3863 1318 3954 ricoooscenziu,
1358 3860 1461 3955 idest,
1497 3860 1697 3958 recognitio
1727 3860 1875 3952 erroris,

708 3982 757 4053 mi
772 3998 888 4053 morse
911 3982 939 4053 d
960 4000 1059 4073 cuor,
1086 3979 1190 4073 idest,
1208 3980 1385 4055 remordit
1399 3974 1436 4074 (¹)
1463 3980 1720 4056 conscientiam
1743 3999 1878 4072 meam,

707 4101 805 4173 clt'io
830 4102 936 4174 ceddi
960 4102 1068 4193 nno,
1095 4099 1200 4195 idest,
1224 4101 1414 4177 convictus
1438 4101 1641 4176 rationibus
1664 4100 1741 4174 suis
1766 4098 1877 4175 cecidi

707 4218 753 4295 ad
778 4225 938 4313 terram3
966 4240 1051 4293 nam
1077 4218 1156 4293 visa
1181 4225 1281 4295 tanta
1299 4222 1514 4297 excellentia
1539 4220 1791 4317 pulcritudinis
1815 4240 1880 4294 co·

707 4340 819 4437 gnovi
854 4340 952 4434 quod
981 4360 1113 4415 verum
1145 4340 1298 4417 dixerat.
1329 4344 1374 4415 Et
1401 4342 1498 4437 dicit,
1525 4342 1624 4438 quod
1658 4362 1731 4416 non
1760 4347 1880 4437 potest

707 4460 916 4537 describere
941 4466 1082 4535 tanum
1108 4460 1440 4537 consternationem
1468 4483 1586 4556 suam,
1614 4462 1700 4556 quia
1725 4460 1880 4556 perdidit

707 4598 857 4656 sensum
883 4587 920 4655 et
945 4580 1182 4656 intellectum.
1209 4581 1301 4657 llicit
1326 4602 1436 4679 ergo:
1462 4605 1481 4656 c
1506 4585 1591 4674 quat
1612 4586 1732 4656 altore
1744 4564 1876 4675 semoti,

706 4698 808 4794 idest,
834 4721 949 4795 quam
974 4701 1165 4797 alienatus,
1190 4706 1398 4798 subiectat,
1427 4703 1529 4797 idest,
1554 4702 1702 4777 Bealrix
1724 4703 1791 4777 scit
1811 4702 1877 4776 sibi

707 4820 776 4895 boc
802 4843 876 4897 non
901 4842 983 4918 ego,
1001 4822 1087 4916 quia
1105 4823 1182 4919 ipsa
1200 4843 1262 4898 me
1279 4822 1426 4899 videbat
1441 4845 1515 4898 non
1531 4844 1614 4919 ego,
1632 4826 1693 4896 cte
1708 4826 1760 4897 mi
1770 4844 1880 4917 porse

770 5078 798 5143 l'j
814 5078 844 5129 E.
860 5080 1009 5131 momordit.
