4575 6842
756 975 896 1030 carrus
919 977 1111 1032 vroasnros
1135 977 1281 1032 snxros.
1533 955 1601 1032 133

426 1121 620 1196 dioensze
652 1124 764 1195 andei
788 1143 938 1214 pensoro
970 1125 1079 1212 torpa
1107 1125 1209 1215 fieta,
1246 1123 1348 1216 idest,
1382 1123 1458 1217 diu,
1493 1143 1602 1197 senze

426 1247 528 1319 odiat²
547 1247 672 1334 edire,
690 1242 793 1336 idest,
811 1242 890 1316 sine
906 1243 1034 1334 verbo,
1052 1245 1253 1316 mandando
1271 1246 1331 1333 toi,
1350 1245 1448 1338 quod
1462 1236 1501 1337 (¹)
1520 1245 1602 1320 iue-

429 1364 476 1438 rit
500 1363 658 1437 soedatos
683 1367 758 1436 tarn
787 1363 882 1458 turpi
903 1363 990 1437 vitio
1011 1369 1048 1438 et
1069 1371 1195 1458 postea
1215 1364 1388 1459 salvatus,
1416 1371 1453 1440 et
1478 1371 1602 1440 tamen

430 1483 529 1559 nolui
548 1490 699 1579 tangere
716 1483 854 1578 ipsnm3
872 1482 972 1558 unde
988 1483 1092 1558 dicit:
1109 1481 1157 1584 nd
1170 1479 1232 1577 ptri
1252 1487 1288 1557 in
1306 1474 1342 1558 td
1359 1487 1406 1557 m'
1419 1489 1604 1577 oppressor·

286 1603 290 1617 ’
428 1626 493 1698 per
510 1608 544 1677 to
558 1607 675 1697 storo,
693 1603 826 1677 timens
841 1595 878 1696 (²)
906 1604 1036 1677 inuriri
1063 1602 1222 1678 infamia.
1247 1603 1371 1678 Simile
1396 1601 1481 1677 iecit
1506 1603 1602 1676 Bro-

430 1731 531 1801 netto
556 1725 694 1818 Latino,
719 1723 805 1818 qnia
830 1724 973 1819 sapiens
998 1724 1108 1798 debet
1133 1723 1336 1798 abhorrere
1361 1725 1434 1798 tale
1459 1723 1601 1818 vitium,

430 1846 541 1920 etiam
568 1845 605 1918 in
629 1852 733 1939 patre
758 1849 795 1919 et
820 1850 1056 1939 praeceptore.

504 1961 631 2038 rorone*
657 1967 695 2038 di
725 1967 934 2056 ripoardar.
971 1965 1041 2037 Ista
1071 1970 1126 2038 est
1152 1963 1259 2038 tertia
1284 1971 1322 2037 et
1354 1961 1480 2037 ultima
1507 1983 1602 2057 pars,

429 2088 567 2180 inqua
593 2090 699 2180 poeta
730 2085 966 2159 commendat
995 2084 1187 2179 prefatum
1218 2084 1423 2158 Guidonem
1450 2105 1472 2157 a
1498 2082 1603 2156 nobi·

430 2208 530 2281 litate
555 2204 708 2298 dicendi,
727 2210 763 2278 et
788 2205 905 2300 gratia
927 2204 1037 2277 huius
1063 2203 1264 2278 incidenter
1282 2205 1447 2279 nominat
1463 2203 1603 2297 aliquot

429 2327 599 2424 egregios
617 2326 826 2399 inventores
843 2329 919 2398 tam
937 2324 1085 2420 gallicos
1102 2345 1215 2418 quam
1234 2323 1382 2398 itatioos.
1402 2323 1494 2398 Dicit
1512 2341 1602 2419 ergo

430 2448 647 2523 continuans
679 2452 822 2541 partem
855 2445 969 2540 parti:
997 2439 1124 2518 rotant
1159 2448 1198 2518 dt
1224 2447 1424 2536 nonan-aar
1445 2447 1604 2538 pasdnto

428 2572 494 2664 sni,
520 2567 621 2660 idest,
646 2573 760 2659 satur,
779 2565 866 2659 quia
892 2565 978 2638 satis
999 2564 1119 2660 primo
1137 2567 1281 2639 locutus
1299 2565 1443 2639 sueram
1462 2583 1601 2657 seeum,

432 2689 563 2763 deinde
596 2687 681 2762 satis
714 2706 948 2781 respexerant
984 2706 1070 2759 eum
1102 2685 1356 2779 admiratione,
1382 2691 1465 2758 totto
1491 2685 1535 2755 m’
1548 2683 1604 2775 os-

430 2811 519 2903 serst
537 2814 670 2899 prooto
694 2809 734 2878 at
755 2825 821 2877 sno
852 2807 1019 2896 saraipta,
1052 2804 1088 2877 in
1114 2803 1233 2878 dando
1265 2804 1330 2878 sibi
1357 2803 1504 2897 samam,
1537 2821 1604 2874 con

432 2931 655 3020 toffmmor,
683 2927 787 3019 idest,
809 2925 1033 3021 juramento,
1060 2927 1121 2998 cte
1148 2929 1189 3018 [a
1218 2927 1342 2998 creater
1372 2927 1492 3016 aton,
1518 2922 1602 3017 qnia

288 3131 293 3139 ‚
433 3049 469 3122 in
495 3055 726 3151 sacramento
752 3047 863 3120 homo
887 3047 1034 3120 invocat
1056 3046 1174 3120 Deum
1201 3045 1238 3118 in
1263 3066 1372 3119 suum
1397 3051 1537 3119 testem.
1561 3041 1604 3114 Et
1709 3049 1716 3066 ·

434 3169 554 3243 subdit
579 3168 852 3263 responsionem
878 3165 1063 3260 Gnidonis‚
1082 3166 1147 3258 qui
1173 3165 1258 3240 dicit
1283 3165 1319 3238 in
1346 3165 1477 3239 eiieetu
1504 3161 1603 3257 quod

433 3311 507 3364 non
531 3296 675 3383 oportet
700 3289 819 3384 ipsum
846 3285 1003 3381 amplius
1033 3286 1205 3360 laborare
1236 3285 1272 3358 in
1304 3286 1384 3379 hoc,
1412 3285 1498 3379 qnia
1523 3283 1602 3378 jam

432 3409 530 3484 dedit
561 3408 627 3482 sibi
655 3413 871 3503 perpetuam
903 3407 1051 3480 famam.
1084 3405 1177 3479 Dicit
1206 3424 1318 3501 ergo:
1345 3412 1377 3477 et
1403 3408 1508 3478 etita
1533 3425 1599 3498 mo,

432 3529 578 3623 seilicet,
595 3529 713 3603 Guido
738 3527 942 3622 respondit:
968 3535 1003 3599 to
1029 3529 1115 3599 tarci
1132 3529 1171 3598 io
1187 3547 1240 3597 nze
1258 3528 1309 3599 tat
1325 3529 1478 3618 oestipto,
1497 3525 1599 3622 idest,

433 3651 578 3746 signum
605 3649 753 3742 amoris,
778 3671 797 3721 e
822 3655 918 3722 tanto
942 3650 1076 3739 ctiaro,
1098 3646 1199 3739 idest,
1221 3645 1423 3742 gloriosum
1450 3647 1513 3720 ubi
1537 3648 1603 3723 de-

434 3770 514 3844 disti
541 3769 628 3841 mihi
654 3769 809 3865 gloriam
845 3768 989 3863 tingue,
1016 3750 1098 3840 licet
1129 3766 1335 3860 praetuleris
1366 3765 1508 3860 aliquos
1539 3789 1608 3862 pos

435 3891 617 3983 steriores‚
651 3891 711 3962 cte
745 3895 833 3982 Lete,
866 3889 968 3982 idest,
998 3887 1145 3980 oblivio,
1171 3889 1233 3960 not
1258 3880 1330 3980 pud
1363 3895 1471 3979 torre,
1504 3889 1605 3984 idest,

435 4010 583 4086 auferre
608 4010 770 4104 omnino,
795 4007 841 4085 oe*
860 4014 924 4104 sor
943 4010 1048 4100 inpio,
1065 4007 1168 4100 idest,
1187 4007 1399 4100 obscurum,
1418 4008 1504 4102 quia
1526 4029 1606 4085 me-

438 4131 552 4205 moria
571 4150 716 4226 semper
742 4131 812 4205 erit
836 4130 882 4205 de
908 4151 970 4204 me
989 4129 1105 4203 doner
1124 4126 1216 4202 iiber
1237 4131 1323 4201 tuus
1345 4128 1413 4202 erit
1431 4129 1466 4202 in
1488 4129 1603 4205 sama:

436 4257 473 4327 et
498 4251 601 4326 dicit:
623 4255 794 4345 per'pnet
816 4253 903 4324 ct’i'
920 4253 1011 4343 odo;
1036 4248 1229 4324 audiverat
1245 4247 1343 4323 enim
1362 4245 1479 4323 Guido
1496 4240 1532 4342 (ἢ
1560 4249 1607 4325 ab

436 4372 559 4466 atiquo
585 4371 710 4465 spiritu
738 4370 896 4464 qrraiiter
921 4370 1056 4444 Dantes
1081 4367 1219 4443 iecerat
1249 4368 1604 4444 commendationem

436 4493 483 4567 de
499 4513 563 4586 eo;
581 4492 663 4568 ideo
681 4491 767 4587 petit
784 4490 903 4565 Guido
920 4512 941 4565 a
961 4495 1066 4585 poeta
1083 4489 1130 4564 de
1147 4509 1258 4564 eausa
1276 4487 1476 4564 affectionis
1494 4509 1605 4583 quam

438 4611 582 4686 videtur
607 4611 745 4685 habere
770 4611 815 4685 ad
842 4631 942 4704 eum,
969 4609 1111 4683 dicens:
1132 4627 1193 4682 ma
1216 4630 1254 4681 re
1278 4611 1309 4682 te
1334 4615 1389 4682 tae
1411 4611 1539 4701 parote
1564 4593 1608 4683 or

438 4753 500 4804 oer
520 4734 682 4821 murdro,
701 4730 805 4824 quasi
822 4730 937 4804 dieat:
954 4729 983 4802 si
1004 4749 1136 4803 verum
1159 4728 1330 4823 estquod
1351 4729 1398 4803 sis
1416 4729 1464 4804 ita
1483 4751 1608 4825 prom·

499 4961 526 5018 Γ)
543 4957 574 5008 Ε.
589 4957 635 5021 qni
651 4958 700 5008 tuit
716 4957 827 5008 ioedatm
843 4958 889 5008 tait
903 4959 976 5010 nitio.

500 5033 527 5098 (¹)
544 5035 573 5085 F..
590 5037 683 5084 timens
698 5035 795 5085 irretiri
810 5035 1025 5098 infamia—117,
1042 5037 1136 5088 timens
1151 5037 1219 5088 inuri
1236 5037 1349 5088 infamia.

501 5110 527 5174 (¹)
543 5109 574 5161 B.
590 5111 638 5160 iste
653 5109 744 5161 Gnido.
1444 5108 1446 5112 ⁴
