4575 6842
714 946 787 1015 tal
1105 958 1310 1014 couuuruu
1334 959 1506 1013 cunnum

711 1126 823 1205 gnam
849 1105 986 1179 lamam
1013 1104 1145 1180 merui.
1161 1110 1322 1179 —Esso
1345 1106 1411 1180 llic
1436 1106 1661 1181 lastinianus
1683 1107 1798 1203 tangit
1814 1127 1890 1181 uno

711 1227 826 1302 verbo
858 1226 998 1302 bellum
1030 1225 1238 1301 maximum
1271 1234 1308 1303 et
1338 1227 1689 1323 periculosissimum
1722 1228 1887 1304 omnium

710 1370 794 1443 quae
818 1354 923 1446 gesta
948 1354 1036 1421 suut
1059 1368 1127 1441 per
1153 1369 1338 1440 romanos,
1358 1347 1495 1423 scilicet
1518 1349 1721 1423 secundum
1750 1349 1886 1425 bellum

709 1468 900 1564 punicum,
927 1468 1026 1563 quod
1051 1468 1175 1541 Livius
1201 1467 1470 1565 elegantissime
1499 1468 1670 1543 describit
1696 1470 1886 1545 indecem

709 1590 828 1685 libris3
854 1590 953 1684 quod
977 1588 1097 1685 Scipio
1127 1588 1345 1664 mirabiliter
1370 1589 1525 1665 confecit
1550 1589 1647 1664 victo
1674 1590 1887 1683 Hannibale,

708 1710 847 1787 domita
872 1710 1103 1806 Carthagine,
1129 1710 1230 1785 ltalia
1257 1709 1421 1803 liberata,
1439 1710 1534 1785 sicut
1554 1710 1728 1805 scriptum
1754 1718 1809 1787 est
1825 1712 1886 1786 ln-

709 1831 802 1908 ierni
827 1830 987 1924 Cantica,
1012 1829 1094 1904 ideo
1124 1850 1200 1903 noo
1231 1830 1313 1925 plus
1350 1830 1397 1904 ad
1432 1851 1603 1925 praesens.
1638 1832 1730 1907 Dicit
1767 1852 1884 1929 ergo:

710 1958 811 2043 uso,
832 1952 978 2044 scilicet,
998 1949 1144 2046 signum
1172 1950 1305 2044 aquilae
1330 1950 1583 2027 crudelissime
1608 1952 1816 2027 intestatum
1835 1954 1883 2027 ab

707 2071 920 2163 Hannibale,
936 2064 1083 2164 ottcrrn
1105 2070 1207 2165 idest,
1226 2072 1423 2165 prostravit
1442 2072 1490 2145 ad
1508 2078 1646 2147 terram
1670 2078 1708 2147 et
1732 2074 1884 2148 concul-

707 2188 804 2264 cavit
829 2188 965 2261 virtute
989 2186 1166 2281 Scipionis
1183 2186 1340 2262 Africani
1360 2188 1520 2281 maioriS,
1542 2188 1606 2283 qui
1626 2190 1712 2264 iecit
1729 2190 1885 2265 Cartha·

707 2309 832 2407 ginem
858 2308 1101 2402 tributariam,
1127 2313 1166 2383 et
1192 2308 1328 2383 virtute
1352 2308 1503 2385 alterius
1529 2309 1705 2404 Scipionis
1732 2310 1882 2385 minoris

707 2430 771 2525 qui
796 2428 895 2503 illam
922 2427 1065 2523 evertit,
1090 2431 1289 2521 torpoplto
1313 2432 1406 2520 deplt'
1430 2430 1548 2521 arabi,
1573 2429 1676 2524 idest,
1703 2450 1884 2527 arrogan-

708 2548 797 2624 tiam
814 2548 1077 2642 airicauorum,
1094 2551 1155 2621 cbo
1167 2567 1325 2641 passuro
1343 2552 1524 2642 l’olpestre
1539 2570 1653 2640 rocco,
1670 2548 1774 2644 idest,
1787 2549 1883 2644 ripas

706 2668 846 2763 alpium
880 2686 965 2762 quae
996 2667 1162 2742 dividunt
1186 2667 1326 2742 ltaliam
1356 2689 1380 2743 a
1408 2668 1534 2763 Gallia,
1560 2671 1673 2742 dietro
1698 2671 1748 2741 ad
1772 2671 1883 2742 Acut-

706 2790 806 2883 tou,-
831 2788 918 2862 istas
943 2788 1043 2883 alpes
1059 2788 1238 2863 Hannibal
1261 2788 1426 2863 transivit
1450 2810 1537 2863 cum
1566 2788 1728 2863 maximo
1746 2789 1881 2864 damno

706 2915 745 2985 ot
768 2909 907 3002 labore,
932 2908 1169 2983 intestatusa
1200 2908 1371 3005 gentibus
1404 2908 1596 3001 montanis,
1630 2908 1728 2983 unde
1759 2908 1881 2984 amisit

706 3048 880 3126 magnam
900 3033 1040 3123 partem
1068 3028 1125 3101 sui
1151 3027 1337 3103 exercitus
1357 3034 1394 3103 et
1411 3028 1716 3123 elephantorum
1738 3028 1800 3102 ubi
1819 3048 1879 3103 sa-

707 3171 798 3225 xum
823 3149 1070 3224 inaccessibile
1095 3155 1303 3223 crematum
1330 3148 1431 3242 prius
1457 3148 1554 3245 igne,
1574 3148 1706 3224 deinde
1732 3168 1880 3244 resper-

706 3292 789 3347 sum
814 3275 920 3345 aceto
945 3269 1029 3344 iecit
1053 3268 1181 3343 incidi:
1212 3276 1249 3343 et
1275 3268 1325 3343 sic
1351 3268 1450 3344 lerro
1480 3276 1517 3345 et
1548 3269 1634 3365 igne
1660 3270 1758 3345 viam
1784 3268 1877 3345 lecit.

704 3394 853 3487 Magnas
869 3390 996 3465 landes
1015 3389 1224 3464 Hannibalis
1242 3388 1326 3464 lacit
1343 3389 1477 3483 Livius,
1491 3390 1586 3465 inter
1599 3412 1692 3483 quas
1705 3392 1783 3465 baec
1801 3410 1876 3465 una

705 3509 1151 3606 videturmirabilis,quod
1165 3531 1251 3584 cnm
1266 3511 1408 3585 steterit
1421 3511 1720 3587 sexdecimannis
1729 3512 1877 3587 initalia

702 3653 789 3708 cum
808 3630 1014 3706 colluvione
1026 3636 1080 3704 tot
1096 3630 1262 3727 gentium
1281 3630 1540 3724 barbararum,
1554 3652 1638 3725 quae
1656 3638 1767 3707 erant
1779 3632 1874 3708 inter

703 3773 744 3827 se
769 3751 923 3826 diversae
948 3750 1085 3847 lingua,
1112 3749 1289 3844 moribus,
1309 3750 1447 3845 babitu,
1466 3772 1671 3845 numquam
1696 3752 1793 3827 iacta
1816 3758 1870 3827 est

702 3870 907 3947 coniuratio
932 3876 1059 3944 contra
1085 3890 1173 3944 eum
1199 3890 1222 3944 a
1247 3870 1460 3965 suis;quod
1484 3877 1698 3945 tamennon
1723 3871 1873 3969 contigit

702 3992 871 4087 Scipioni,
898 4010 966 4065 nec
990 3990 1135 4065 Caesari.
1162 3990 1207 4065 Et
1231 3989 1319 4084 quia
1337 3990 1582 4065 nobilissimus
1601 3991 1733 4065 fluvius
1754 3991 1873 4066 Padus

702 4112 822 4188 oritur
846 4132 893 4185 ex
917 4110 1060 4204 alpibus
1086 4108 1278 4204 praedictis,
1296 4109 1378 4184 ideo
1404 4110 1604 4186 incidenter
1622 4111 1737 4207 tangit
1761 4110 1875 4207 origi-

702 4254 787 4309 nem
814 4232 913 4326 eius3
944 4230 1042 4305 unde
1072 4234 1291 4304 convertens
1321 4249 1531 4305 sermonem
1561 4231 1608 4305 ad
1638 4250 1737 4324 eum,
1769 4230 1872 4304 dicit:

700 4358 767 4447 Po,
796 4356 834 4427 di
857 4355 917 4425 clu
941 4357 978 4423 tu
1002 4350 1085 4442 labi,
1114 4349 1216 4439 idest,
1242 4368 1289 4422 ex
1315 4348 1450 4443 quibus
1475 4350 1617 4443 alpibus
1635 4356 1689 4441 tu,
1715 4370 1738 4424 o
1764 4349 1871 4443 Pado,

700 4473 844 4549 laberis.
858 4474 901 4546 Et
918 4470 976 4546 bic
990 4476 1074 4545 nota
1088 4469 1187 4563 quod
1203 4476 1313 4544 autor
1327 4470 1410 4545 iecit
1423 4470 1510 4545 satis
1527 4491 1705 4567 magnum
1723 4471 1871 4565 saltum,

699 4594 785 4689 quia
818 4592 905 4667 nibil
939 4591 1055 4687 tetigit
1080 4590 1125 4664 de
1152 4590 1271 4684 primo
1296 4590 1392 4665 bello
1422 4590 1567 4685 punico,
1594 4588 1693 4684 quod
1724 4589 1872 4664 duravit

700 4713 826 4810 viginti
854 4720 1016 4807 quatuor
1041 4710 1266 4805 annis31quo
1292 4718 1460 4805 tempore
1485 4711 1617 4784 claruit
1637 4710 1694 4785 vir
1712 4710 1874 4806 integer-

699 4834 817 4908 rimus
833 4835 979 4908 Marcus
999 4832 1422 4928 Regulus-Sottesso.
1442 4830 1508 4905 Hic
1519 4830 1744 4905 lastinianus
1758 4831 1873 4929 tangit

698 4955 904 5049 triumphos
941 4953 1103 5028 duorum
1142 4952 1431 5026 clarissimorum
1462 4950 1666 5047 principum
1699 4970 1872 5026 romano-

700 5095 806 5168 rum;
827 5093 989 5169 quorum
1016 5072 1158 5167 primns
1176 5093 1248 5146 non
1266 5072 1394 5147 babuit
1409 5092 1536 5167 parem
1555 5071 1590 5145 in
1610 5072 1758 5168 virtute,
1777 5074 1870 5149 alter
