4575 6842
705 973 774 1041 180
1037 981 1243 1038 oounurunr
1267 983 1489 1038 wnnnronu

701 1130 799 1202 nbc'l
821 1129 891 1201 mio
907 1129 967 1200 dt'r
984 1128 1078 1200 lisia
1094 1147 1174 1201 men
1190 1147 1292 1220 coro,
1317 1127 1421 1221 quasi
1438 1127 1554 1202 dicat:
1572 1127 1649 1202 imo
1670 1149 1754 1202 sum
1771 1133 1873 1204 certa

699 1247 801 1350 quod
830 1248 968 1322 dictum
1000 1267 1126 1322 meum
1159 1247 1229 1322 erit
1261 1247 1321 1320 tibi
1351 1247 1485 1342 carius,
1517 1269 1554 1321 se
1585 1251 1708 1321 nonu
1735 1251 1874 1340 spuria,

699 1369 804 1463 idest,
830 1375 936 1444 extra
964 1373 1132 1465 vagatur,
1159 1371 1247 1442 oltre
1266 1370 1495 1460 promissione,
1513 1368 1599 1463 quia
1626 1390 1699 1444 non
1725 1369 1872 1464 promisi

701 1489 766 1563 tibi
791 1489 856 1562 nisi
875 1509 936 1564 me
954 1507 1212 1583 responsuram
1231 1489 1278 1564 de
1294 1495 1405 1564 rento
1423 1495 1460 1563 et
1481 1509 1591 1582 aqua.
1604 1529 1654 1543 -
1671 1492 1789 1579 (loelli
1809 1489 1873 1564 Hic

699 1610 876 1684 blatbildis
905 1609 1061 1704 explicat
1091 1610 1210 1704 ipsum
1242 1611 1503 1704 corollarium3
1536 1618 1574 1686 et
1603 1611 1682 1685 vult
1711 1611 1872 1686 brevitor

700 1730 824 1805 dicere
848 1730 946 1823 quod
966 1736 1082 1824 poetae
1099 1729 1251 1823 antiqui,
1274 1730 1338 1823 qui
1356 1729 1542 1804 linxerunt
1559 1730 1644 1805 olim
1663 1730 1763 1804 illam
1782 1736 1872 1805 aeta-

700 1857 813 1926 tatem
833 1851 973 1925 felicem
992 1871 1104 1944 quarn
1122 1870 1276 1924 auream
1294 1857 1533 1944 rocaverunt,
1559 1851 1756 1926 voluerunt
1782 1852 1871 1926 dare

700 1971 849 2067 intelligi
875 1977 1011 2044 statum
1038 1969 1178 2045 felicem
1198 1970 1369 2065 perleclae
1387 1971 1530 2044 virtutis
1552 1971 1615 2064 qui
1632 1969 1815 2066 liguratur
1832 1971 1869 2044 in

700 2091 768 2165 isto
794 2091 884 2164 loco.
911 2091 1030 2165 llomo
1050 2090 1148 2164 enim
1172 2089 1307 2185 positus
1324 2090 1360 2163 iu
1378 2090 1600 2185 perlectione
1617 2091 1796 2165 virtutum
1814 2096 1869 2164 est

698 2210 971 2305 quodammodo
1001 2211 1086 2286 lelir
1121 2219 1287 2285 remotus
1312 2211 1359 2285 ab
1384 2211 1669 2306 elimationibus,
1688 2211 1773 2305 quia
1796 2233 1869 2285 nou

698 2332 890 2407 subiicitur
902 2331 1140 2427 passionibus
1154 2331 1254 2407 Unde
1267 2332 1313 2406 ad
1327 2352 1455 2406 reram
1469 2332 1752 2408 declarationem
1767 2331 1870 2405 istius

699 2453 814 2528 literae
831 2453 916 2526 volo
942 2459 978 2526 te
1004 2457 1141 2526 attente
1159 2457 1300 2546 notare,
1319 2451 1416 2546 quod
1435 2453 1528 2526 banc
1546 2459 1692 2526 aetatem
1714 2472 1868 2526 auream

696 2574 828 2669 pulcre
843 2573 1014 2647 describit
1026 2573 1165 2648 Seneca
1183 2580 1220 2648 et
1236 2573 1471 2648 commendat
1491 2573 1527 2646 in
1555 2594 1628 2647 una
1645 2573 1815 2668 epistola3
1833 2580 1870 2648 ot

699 2697 792 2769 alter
811 2694 949 2768 Seneca
975 2693 1010 2766 in
1039 2715 1111 2768 una
1137 2694 1328 2792 tragoedia,
1355 2700 1392 2768 et
1417 2714 1546 2770 omnes
1575 2701 1692 2789 poetae
1717 2701 1803 2768 aute
1833 2699 1870 2768 et

698 2821 780 2911 post
804 2835 887 2907 eos3
905 2814 968 2888 sed
996 2814 1057 2887 ubi
1084 2815 1142 2888 vel
1168 2813 1316 2908 quando
1342 2813 1452 2888 luerit
1478 2815 1555 2888 haec
1580 2819 1669 2887 aetas
1693 2813 1867 2888 invidiosa

699 2957 772 3010 non
798 2934 944 3009 invenio
968 2934 998 3007 si
1031 2933 1199 3007 discurro
1230 2954 1296 3028 per
1321 2953 1450 3008 omnes
1481 2939 1608 3008 aetates
1637 2939 1675 3008 el
1705 2933 1869 3008 nationes

698 3055 836 3128 mundi.
866 3055 909 3127 Et
940 3060 981 3126 ut
1011 3053 1179 3127 omittam
1211 3054 1389 3128 barbaros
1418 3054 1497 3128 sine
1522 3073 1639 3148 more,
1666 3055 1744 3129 sine
1772 3054 1865 3150 lege,

698 3194 902 3270 numquam
929 3174 1025 3268 apud
1051 3194 1192 3278 graecos
1223 3173 1517 3269 sapientissimos,
1544 3195 1749 3270 numquam
1771 3174 1866 3271 apud

698 3316 871 3370 romanos
895 3294 1064 3388 optimos,
1089 3295 1165 3368 imo
1191 3314 1259 3369 uec
1284 3294 1381 3389 apud
1408 3295 1575 3369 bebraeos
1604 3294 1765 3369 cultores
1790 3294 1868 3369 veri

697 3417 762 3491 Ilei
789 3414 951 3490 invenies
975 3415 1080 3488 istam
1107 3421 1267 3489 aetatem.
1293 3414 1386 3503 Quid
1413 3414 1520 3510 primi
1547 3416 1677 3490 iratres
1703 3416 1739 3489 in
1765 3415 1867 3510 orbe,

697 3537 783 3631 quid
811 3535 917 3630 primi
942 3535 982 3608 in
1008 3535 1121 3628 urbe3
1140 3534 1175 3608 iu
1202 3556 1275 3628 qua
1303 3535 1454 3630 regione
1471 3535 1530 3609 vel
1548 3535 1584 3608 in
1606 3555 1681 3630 quo
1703 3541 1867 3630 tempore

696 3657 763 3731 luit
791 3677 953 3750 unquam
980 3676 1071 3752 gens
1096 3676 1182 3750 quae
1213 3655 1354 3730 viveret
1379 3676 1466 3730 cum
1499 3655 1705 3730 innocentia
1739 3662 1776 3731 et
1806 3677 1867 3729 so-

697 3776 863 3869 brietate,
883 3776 962 3851 sine
982 3777 1190 3871 cupiditate,
1208 3775 1286 3852 sine
1303 3776 1606 3871 concupiscentia,
1625 3777 1703 3851 sine
1728 3776 1865 3870 labore,

697 3898 776 3973 sine
799 3919 901 3992 cura,
916 3917 1050 3973 vacans
1074 3897 1286 3992 simpliciter
1311 3897 1388 3971 Deo
1413 3917 1494 3991 suo,
1515 3903 1581 3971 aut
1606 3916 1758 3973 servans
1779 3899 1866 3992 jura

697 4021 866 4093 naturae?
891 4017 956 4090 nisi
975 4018 1076 4092 lorle
1095 4037 1228 4092 verum
1255 4017 1300 4091 sit
1317 4017 1416 4111 quod
1434 4016 1606 4092 scribitur
1624 4018 1671 4092 de
1687 4019 1867 4115 Bragma-

697 4140 752 4214 uis
776 4140 812 4211 in
835 4138 946 4230 ludia,
966 4158 1127 4230 quorum
1147 4137 1219 4212 vita
1242 4137 1386 4212 videtur
1402 4157 1492 4213 vere
1508 4138 1604 4233 lelix,
1624 4158 1724 4213 mors
1743 4146 1865 4215 tamen

697 4260 942 4352 miserantum
957 4258 1188 4352 sospontein
1203 4258 1410 4333 incendium
1428 4251 1626 4352 mutant(¹).
1645 4259 1762 4334 Credo
1775 4281 1866 4358 ergo

698 4380 794 4474 quod
827 4389 944 4475 poetae
974 4380 1173 4475 loquantur
1205 4401 1277 4454 non
1310 4381 1531 4476 simpliciter,
1564 4383 1628 4458 sod
1661 4383 1863 4458 secundum

697 4500 796 4594 quid,
822 4501 967 4595 scilicet,
994 4500 1091 4594 quod
1119 4500 1199 4575 talis
1216 4506 1304 4574 aetas
1325 4500 1433 4575 luerit
1456 4523 1555 4576 nuuc
1576 4502 1612 4574 iu
1632 4524 1707 4577 uno
1731 4503 1812 4578 loco
1829 4511 1866 4579 e‘t

697 4627 876 4715 tempore,
901 4642 1000 4694 nunc
1025 4620 1060 4694 in
1086 4622 1169 4714 alio,
1196 4629 1234 4696 et
1258 4621 1471 4716 respective,
1493 4622 1587 4697 sicut
1611 4624 1681 4697 sub
1707 4623 1866 4700 Saturno

697 4741 734 4815 in
759 4742 879 4831 Creta,
905 4747 942 4815 et
967 4741 1062 4816 sicut
1086 4742 1156 4815 sub
1181 4743 1348 4838 Augusto
1374 4742 1410 4816 in
1428 4743 1540 4836 ltalia,
1558 4744 1627 4817 sub
1644 4745 1778 4838 quibus
1798 4745 1866 4819 luit

698 4883 832 4957 magna
861 4883 945 4956 par,
973 4861 1112 4957 iustitia
1142 4867 1180 4952 et
1211 4862 1380 4938 libertas:
1407 4871 1445 4938 et
1477 4865 1528 4938 sio
1558 4863 1705 4938 ridetur
1734 4865 1866 4940 intelli-

760 5117 788 5181 (¹)
803 5117 834 5168 n.
849 5117 962 5169 miltant.
