4575 6842
838 972 976 1029 caurus
1000 973 1146 1029 sursus.
1507 965 1574 1031 lul

403 1117 580 1193 stiuiauns
603 1117 774 1193 describit
798 1138 905 1193 suam
926 1116 1197 1213 dispositionem
1215 1118 1261 1193 ad
1279 1120 1379 1217 leges
1396 1141 1462 1216 per
1479 1140 1520 1196 se
1540 1127 1579 1197 et

403 1238 450 1313 ad
472 1237 566 1312 bella
583 1237 791 1332 paralium.
810 1237 853 1310 Et
874 1258 942 1333 pro
967 1237 1082 1312 litera
1107 1237 1352 1315 declaratione
1378 1248 1433 1317 est
1458 1243 1577 1338 primo

402 1357 592 1434 sciendum
629 1358 729 1461 quod
760 1357 970 1434 Bellisarius
1003 1357 1060 1432 vir
1094 1359 1268 1454 patricius
1302 1363 1578 1437 strenuissimus

403 1482 575 1554 multa'et
591 1500 725 1575 magna
737 1478 833 1554 bella
848 1479 1196 1576 felicissimegessit3
1211 1480 1274 1556 sed
1288 1481 1473 1575 potissime
1496 1485 1576 1579 tria,

403 1599 539 1676 scilicet
554 1600 591 1673 iu
609 1598 691 1674 Asia
717 1607 846 1674 contra
870 1620 1008 1695 persas,
1025 1599 1063 1674 in
1088 1599 1209 1675 Africa
1235 1608 1364 1676 contra
1380 1602 1576 1698 candelos,

403 1721 442 1795 in
457 1722 604 1816 Europa
620 1726 749 1795 contra
769 1722 910 1817 gothos.
929 1721 1054 1795 Primo
1072 1740 1164 1817 ergo
1183 1720 1315 1795 missus
1334 1742 1357 1796 a
1374 1723 1577 1799 iustiniano

403 1848 531 1916 contra
549 1860 686 1935 persas,
699 1840 761 1934 qui
776 1840 995 1917 excedentes
1012 1840 1190 1915 terminos
1203 1841 1367 1937 graviter
1385 1844 1578 1918 vastabant

403 1959 608 2057 provincias
629 1959 772 2037 romani
798 1960 956 2056 imperii:
975 1960 1043 2034 illis
1063 1960 1216 2035 feliciter
1236 1960 1424 2035 debellatis
1445 1962 1491 2037 de
1511 1982 1578 2038 vo-

403 2083 542 2157 luntate
571 2081 741 2177 principis
770 2080 1118 2176 Constantinopolim
1155 2080 1385 2176 triumphans
1416 2082 1574 2157 intravit.

402 2204 540 2279 Deinde
554 2195 590 2296 (¹)
618 2204 751 2277 missus
775 2202 814 2277 in
838 2202 999 2277 Africam
1024 2209 1153 2277 contra
1180 2202 1354 2277 vandalos
1379 2202 1575 2278 commisso

400 2325 532 2422 proelio
567 2344 720 2420 magnas
754 2322 876 2418 copias
909 2342 1043 2397 eorum
1073 2322 1171 2417 vicit,
1201 2329 1239 2398 et
1277 2343 1403 2419 regem
1442 2344 1572 2398 eorum

401 2448 552 2524 nomine
584 2446 831 2521 Gelismerum
869 2443 996 2520 vivum
1036 2451 1184 2539 captum
1225 2444 1574 2539 Constantinopolim

317 2563 319 2566 ’
401 2568 499 2643 misit
522 2567 570 2641 ad
594 2566 868 2660 imperatorem.
894 2564 952 2639 Sic
978 2565 1162 2661 Carthago
1183 2572 1263 2660 post
1288 2587 1428 2639 annum
1457 2588 1574 2642 noua-

402 2688 586 2785 gesimam
611 2693 758 2762 sertum
784 2693 979 2780 postquam
1004 2705 1028 2758 a
1048 2683 1212 2758 vandalis
1234 2692 1337 2779 capta
1361 2684 1482 2760 iuerat
1508 2708 1574 2782 per

402 2828 530 2905 regem
556 2806 808 2899 Genssricum‚
828 2811 974 2899 recepta
1000 2808 1057 2879 est
1079 2804 1129 2878 ab
1155 2802 1377 2899 imperatore
1404 2826 1571 2883 romano.

402 2929 486 3003 Post
504 2929 582 3002 bec
599 2927 823 3001 lastinianus
841 2924 938 2999 misit
955 2924 1184 2999 Bellisarium
1203 2924 1327 2999 multis
1345 2926 1480 3021 proeliis
1493 2928 1574 3024 glo·

401 3049 541 3123 riosum
566 3053 695 3123 contra
720 3045 948 3120 Theodotum
982 3050 1024 3118 ut
1052 3043 1192 3119 ltaliam
1222 3065 1245 3119 a
1270 3047 1468 3141 gothorum
1495 3068 1574 3123 ser-

400 3168 489 3243 vitio
509 3168 697 3242 liberaret:
725 3164 891 3259 quicum
912 3164 1076 3239 traberet
1097 3184 1240 3240 moram
1261 3165 1297 3239 in
1315 3166 1432 3241 Sicilia
1454 3168 1573 3243 Tbeo·

400 3288 509 3364 datus
534 3294 704 3361 mortuus
728 3291 804 3380 est3
829 3285 867 3359 in
896 3285 1002 3361 cuius
1032 3286 1157 3360 locum
1175 3286 1300 3383 Viligis
1324 3288 1509 3382 successit,
1536 3293 1573 3363 et

399 3408 574 3483 continuo
598 3413 749 3503 accepto
775 3427 891 3503 regno
917 3408 1131 3481 Ravennam
1158 3407 1277 3483 veuit:
1304 3417 1433 3483 contra
1459 3428 1570 3502 quem

399 3527 609 3604 Bellisarius
633 3527 814 3601 convertit
840 3526 948 3620 vires,
974 3532 1012 3600 et
1037 3526 1083 3601 de
1106 3526 1226 3601 Sicilia
1259 3528 1356 3602 venit
1381 3528 1570 3624 Neapolim

399 3654 648 3743 receptantem
667 3647 810 3745 gotbos,
830 3652 868 3720 et
887 3644 987 3720 illam
1005 3645 1189 3721 civitatem
1210 3647 1352 3743 magnis
1372 3647 1511 3722 viribus
1535 3647 1572 3721 in

400 3789 536 3865 magno
561 3768 688 3842 lurore
711 3766 806 3861 cepit
830 3785 917 3841 cum
943 3765 1044 3872 omni
1068 3786 1209 3861 genere
1228 3766 1469 3841 crudelitatis:
1489 3768 1573 3843 iude

400 3889 551 3966 veniens
566 3888 724 3962 Romam
750 3886 849 3960 illam
876 3884 1024 3959 intravit
1040 3885 1161 3981 gotbis
1179 3885 1403 3982 fugientibus
1426 3888 1572 3963 Raven-

400 4030 498 4083 nam.
524 4008 569 4081 lit
597 4006 773 4083 contiuuo
799 4005 924 4101 llitigis
948 4025 1035 4081 cum
1067 4026 1202 4101 magno
1232 4006 1396 4081 exercitu
1432 4007 1573 4084 obsedit

400 4128 629 4205 Bellisarium
667 4127 762 4202 intra
801 4126 932 4201 urbem
971 4130 1077 4199 extra
1114 4126 1312 4201 crudeliter
1347 4128 1470 4203 omnia
1507 4150 1573 4203 va-

400 4256 499 4325 stans
529 4255 568 4325 et
600 4254 681 4345 post
713 4268 854 4323 aunum
886 4246 992 4322 rediit
1023 4247 1249 4343 Ravennam,
1276 4254 1313 4323 et
1347 4257 1572 4346 congregato

400 4390 536 4465 magno
560 4368 727 4444 exercitu
751 4366 913 4442 condixit
937 4388 1024 4443 cum
1042 4369 1241 4464 Bellisario,
1258 4370 1323 4446 sed
1350 4372 1467 4447 victus
1484 4394 1571 4449 cum

400 4510 534 4585 magna
559 4495 684 4585 strage
707 4508 864 4563 suorum
889 4489 1034 4584 lugiens
1059 4501 1189 4586 captus
1213 4498 1278 4566 est.
1310 4490 1519 4567 Bellisarius
1534 4483 1571 4586 (²)

399 4609 517 4686 victor
533 4608 781 4695 illumsecum
797 4607 903 4684 duait
922 4608 1282 4707 Constantinopolim.
1302 4612 1407 4686 Nunc
1427 4612 1474 4687 ad
1491 4613 1572 4689 lite-

399 4750 480 4803 ram
507 4727 591 4801 dicit
615 4726 859 4802 iustinianus:
896 4733 998 4803 Toeto
1026 4732 1087 4803 cle
1114 4752 1181 4804 con
1211 4733 1247 4804 lu
1278 4734 1393 4806 cliesu
1422 4738 1529 4807 mosot
1559 4738 1574 4808 i

250 4874 257 4887 ·
398 4852 504 4946 pierii,
516 4849 618 4941 idest,
632 4867 744 4942 quam
763 4848 836 4924 cito
853 4848 971 4922 lactus
987 4870 1070 4922 sum
1089 4870 1202 4926 verus
1218 4850 1448 4946 christianus,
1462 4874 1487 4925 u
1503 4856 1572 4927 Dio
1632 4854 1637 4865 '

463 5102 492 5168 (¹)
508 5104 539 5157 R.
555 5104 654 5157 Deinde
668 5105 800 5169 lupum
812 5104 941 5157 Mum.
1095 5106 1122 5169 l‘l
1137 5107 1169 5159 Ε.
1185 5108 1230 5159 ssd
1245 5108 1403 5159 lielllsurim.
