4575 6842
723 961 769 1028 62
1079 971 1283 1027 conserunt
1307 973 1530 1028 eunonronn

718 1137 846 1208 cnosso
870 1120 1047 1210 discipline
1078 1139 1100 1190 ο
1132 1120 1294 1210 spirituli,
1325 1116 1431 1212 idest,
1457 1118 1515 1193 vel
1546 1115 1765 1212 spirituales,
1797 1115 1893 1191 sicut

608 1299 615 1312 .
717 1237 1068 1333 excommunicati03
1096 1240 1155 1312 vel
1180 1238 1326 1312 babitus
1351 1239 1482 1332 bonus,
1502 1237 1653 1331 qualem
1679 1237 1778 1312 dedit
1802 1238 1892 1313 bea-

718 1362 778 1430 tus
803 1357 1003 1455 Gregorius
1030 1359 1247 1434 mulieribus
1274 1359 1446 1452 romanis,
1469 1358 1538 1432 sub
1563 1379 1638 1452 quo
1665 1359 1818 1434 honeste
1836 1358 1890 1433 la-

717 1482 813 1571 tent3
847 1501 869 1552 ο
900 1483 1001 1570 altre,
1035 1479 1180 1572 seilicet,
1216 1480 1274 1554 vel
1305 1477 1500 1573 disciplinae
1533 1477 1764 1572 temporales,
1797 1478 1891 1553 sicut
1970 1481 1976 1489 '

718 1603 893 1672 statutum
921 1599 1085 1693 civitatis,
1104 1600 1162 1673 vel
1185 1617 1293 1694 poena
1310 1597 1485 1691 officialis,
1502 1615 1587 1690 quae
1612 1602 1711 1670 vetat
1736 1596 1891 1673 inhone-

719 1726 812 1794 stam
838 1725 876 1794 et
900 1739 1091 1794 enormem
1122 1718 1342 1794 decisionem
1369 1737 1575 1813 pannorum
1608 1717 1706 1792 circa
1736 1717 1889 1814 collum3

719 1838 812 1913 sicut
836 1839 1031 1932 aliquando
1057 1840 1194 1913 iactum
1220 1846 1276 1913 est
1300 1837 1493 1912 Florentiae
1518 1843 1667 1932 propter
1688 1838 1775 1948 istas
1800 1837 1889 1912 bar·

719 1959 919 2055 bagienses
949 1959 993 2032 Et
1023 1959 1080 2033 hic
1115 1965 1211 2051 nota,
1237 1959 1336 2052 quod
1364 1965 1469 2053 poeta
1502 1963 1625 2032 noster
1656 1957 1888 2033 meritissime

719 2078 803 2151 lacit
828 2079 1045 2153 invectivam
1059 2071 1095 2170 (¹)
1124 2085 1252 2153 contra
1286 2077 1383 2152 istae.
1417 2079 1509 2152 Nam
1544 2076 1634 2150 nulli
1663 2077 1821 2153 artifices
1852 2078 1889 2151 in

718 2199 856 2272 mundo
883 2198 1016 2273 habent
1042 2205 1116 2272 tam
1144 2197 1245 2272 varia
1271 2219 1410 2294 organa
1428 2206 1466 2273 ot
1482 2197 1626 2272 diversa
1644 2197 1886 2273 instrumenta
2019 2273 2023 2279 ,

718 2324 755 2392 et
792 2318 935 2393 subtilia
973 2325 1193 2415 argumenta
1229 2339 1297 2414 pro
1334 2319 1509 2393 exercitio
1546 2337 1625 2391 suae
1661 2318 1762 2410 artis,
1795 2317 1890 2418 sicut

719 2439 896 2526 mulieres¹
918 2440 1119 2514 llorentinae
1145 2461 1213 2534 pro
1238 2439 1339 2514 cultu
1370 2459 1448 2513 suae
1480 2459 1656 2533 personae.
1683 2439 1762 2512 Non
1788 2439 1887 2513 enim

717 2565 897 2633 contentae
923 2560 1080 2634 naturali
1106 2559 1362 2655 pulcritudine,
1379 2579 1525 2653 semper
1542 2563 1723 2632 conantur
1740 2558 1887 2654 addere,

718 2685 754 2752 et
779 2685 906 2753 contra
932 2698 1059 2753 omnes
1093 2679 1257 2754 deiectus
1291 2679 1490 2754 incredibili
1521 2685 1601 2752 arte
1635 2679 1814 2775 sagaciter
1847 2699 1888 2754 se

718 2777 876 2874 armant
892 2801 984 2874 Nam
1003 2800 1218 2894 parvitatem
1238 2800 1413 2874 adiuvant
1430 2819 1516 2874 crim
1535 2799 1680 2894 planula
1699 2799 1790 2893 alta3
1803 2819 1887 2872 car·

719 2939 802 2992 nem
831 2919 973 3015 nigram
999 2919 1189 3012 dealbant3
1208 2920 1338 2994 taciem
1357 2919 1526 3014 pallidam
1547 2918 1684 2992 iaciunt
1711 2918 1887 2992 rubicun-

717 3038 821 3132 dam3
848 3038 995 3133 capillos
1022 3039 1159 3112 iaciunt
1184 3039 1315 3133 ssavos,
1341 3038 1468 3112 dentes
1485 3036 1687 3130 eburneos3
1709 3033 1887 3112 mamillas

718 3158 849 3232 breves
874 3166 911 3233 et
935 3158 1064 3232 duras:
1091 3165 1129 3232 et
1156 3164 1197 3231 ut
1221 3157 1382 3234 breviter
1406 3156 1538 3250 dicam,
1564 3157 1688 3231 omnia
1719 3157 1887 3232 membra

718 3277 911 3352 artificiose
937 3284 1174 3372 componunt.
1200 3277 1293 3366 Quid
1319 3277 1517 3352 mulierum
1544 3284 1735 3352 tuscarum
1764 3299 1886 3353 mores

718 3398 889 3490 referam,
916 3397 1119 3491 dequibus
1145 3397 1277 3471 Gerius
1306 3397 1352 3472 de
1380 3398 1505 3472 Aratio
1536 3405 1696 3494 satyram
1728 3397 1812 3473 iecit
1841 3399 1887 3473 ad

717 3515 955 3591 imitationem
982 3516 1149 3610 Apuleii‘l
1174 3518 1253 3591 Non
1279 3518 1399 3593 solum
1425 3525 1550 3592 autem
1570 3517 1744 3592 mulieres
1762 3524 1886 3613 tusca,

718 3636 781 3710 sed
807 3636 945 3729 ubique
962 3642 1147 3710 terrerum
1167 3636 1452 3732 intemperantes
1472 3638 1577 3711 iactae
1596 3645 1694 3732 sunt,
1711 3639 1806 3712 sicut
1821 3637 1888 3714 Se-

718 3777 807 3830 neca
833 3757 988 3832 ostendit
1005 3757 1051 3830 de
1070 3759 1286 3832 mulieribus
1306 3758 1478 3833 romanis.
1496 3758 1656 3832 Feminae
1676 3766 1801 3833 autem
1821 3759 1888 3833 llo·
1968 3772 1971 3777 “

719 3877 871 3951 rentinae
909 3878 967 3950 vel
1004 3876 1198 3952 Florentiae
1230 3878 1430 3953 comedunt
1458 3883 1495 3953 et
1520 3877 1660 3973 bibunt,
1686 3886 1885 3973 antequam

719 3996 853 4070 vadant
869 3996 914 4070 ad
937 3997 1080 4094 nuptias
1098 3998 1157 4072 vel
1180 3997 1226 4072 ad
1251 3998 1578 4072 ecclesiam-lla
1594 4020 1641 4072 se.
1668 3999 1733 4073 llic
1757 3999 1887 4075 ultimo

717 4115 887 4191 Foresius
912 4117 1132 4212 praenunliat
1157 4117 1253 4192 mala
1275 4123 1455 4192 eventura
1480 4117 1517 4191 in
1544 4118 1647 4192 brevi
1667 4138 1778 4213 super
1803 4117 1887 4193 lilo-

717 4235 886 4330 rentiam,
912 4258 996 4330 quae
1022 4236 1196 4312 mulieres
1221 4237 1423 4311 florentinae
1455 4236 1645 4312 habebunt
1668 4235 1886 4333 deplorare3

717 4358 815 4432 unde
840 4357 944 4431 dicit:
975 4363 1038 4431 Mo
1062 4379 1099 4430 se
1131 4361 1162 4430 le
1191 4365 1436 4448 compugnante,
1466 4356 1681 4452 benedicit,
1708 4358 1794 4452 quia
1822 4378 1886 4433 vo·

580 4469 582 4476 ’
718 4478 893 4552 recundia
920 4483 974 4552 est
1000 4479 1157 4551 lraenum
1185 4477 1395 4570 mulierum,
1422 4484 1459 4551 et
1484 4477 1668 4552 silentium
1694 4484 1749 4553 est
1773 4499 1886 4553 orna·

717 4605 884 4672 mentum
910 4619 1053 4691 earum,
1079 4617 1164 4692 quae
1202 4598 1277 4673 duo
1309 4618 1396 4673 raro
1424 4596 1664 4673 inveniuntur
1689 4599 1726 4672 in
1752 4600 1886 4675 mulie·

717 4717 817 4791 ribus
851 4719 1060 4813 florentinis,
1092 4723 1209 4812 [osser
1240 4726 1344 4808 certe,
1378 4717 1473 4792 sicut
1505 4739 1577 4814 ego
1612 4741 1708 4812 sum,
1744 4723 1782 4793 di
1810 4723 1890 4812 quel

716 4841 776 4912 clte
791 4841 817 4912 'l
840 4841 904 4912 ciel
927 4842 1039 4911 veloce
1063 4842 1143 4912 toro
1173 4859 1380 4929 ammonita,
1397 4837 1500 4932 idest,
1531 4839 1602 4913 cito
1640 4847 1823 4935 praeparat
1848 4845 1887 4916 et

779 5093 805 5157 (¹)
823 5097 874 5154 117,
890 5095 1042 5146 invectivam
1058 5093 1289 5146 mordacissimam.
