4575 6842
718 975 857 1030 esurus
881 977 1072 1032 morsruus
1097 976 1277 1043 ousurus
1534 965 1581 1033 89

411 1119 723 1213 comparationem
751 1119 1009 1194 nobilissimam
1034 1119 1177 1194 dicens:
1199 1121 1259 1193 cle
1271 1125 1308 1215 se
1324 1125 1431 1196 senti
1449 1125 1583 1196 t’orez·

409 1259 471 1330 zu,
505 1239 608 1334 idest,
640 1238 825 1332 umbram,
857 1241 892 1312 rt
904 1240 1094 1313 ambrosio.
1133 1240 1197 1313 ttst
1233 1245 1358 1314 eutem
1397 1240 1582 1317 ambrosia

411 1360 627 1455 herboque
655 1359 827 1434 dicuutur
856 1359 955 1454 posci
986 1359 1072 1455 equi
1101 1361 1240 1436 solares
1256 1352 1292 1453 (¹)
1323 1382 1346 1437 e
1380 1361 1504 1456 poetis.
1538 1362 1583 1440 Et

411 1486 498 1556 notu
523 1481 634 1575 quod,
659 1480 754 1554 sicut
777 1478 864 1556 ttett
888 1481 1036 1574 Plinius,
1052 1480 1245 1556 Ambrosia
1269 1481 1503 1556 denominate
1528 1489 1582 1557 est

411 1603 604 1677 Artemisia
628 1601 677 1676 ab
703 1621 821 1676 uxore
837 1601 1008 1676 Manseoli
1024 1593 1060 1695 (²)
1080 1601 1189 1698 regis,
1209 1601 1403 1676 fructicosa
1428 1602 1474 1676 ad
1500 1623 1583 1678 mo·

410 1720 502 1794 dum
518 1721 709 1816 absynthii,
727 1741 813 1795 eum
832 1721 925 1795 loliis
941 1722 1142 1796 maioribus
1160 1728 1196 1796 et
1214 1721 1478 1819 pinguioribus,
1497 1742 1582 1815 quae

410 1843 573 1917 nuscitur
593 1843 630 1916 in
647 1841 893 1937 eappauoeta3
912 1844 1010 1918 unde
1029 1843 1127 1938 nteit,
1146 1843 1245 1936 quod
1270 1843 1455 1917 ambrosia
1472 1863 1582 1918 coro·

411 1969 545 2036 uantur
562 1964 804 2059 cappadoces:
825 1964 871 2038 de
887 1965 956 2039 huo
981 1965 1066 2039 dicit
1085 1965 1334 2060 llyascorides,
1353 1964 1452 2059 quod
1471 1964 1583 2039 hahet

411 2085 545 2158 multas
571 2085 692 2181 virgus
717 2085 845 2182 longas
870 2085 1000 2181 palmis
1024 2086 1153 2180 tribus,
1171 2091 1208 2159 et
1234 2084 1317 2159 lolia
1336 2085 1372 2159 in
1393 2083 1493 2159 initio
1511 2085 1582 2158 mi·

410 2212 500 2280 nuta
526 2206 656 2280 similia
687 2211 799 2300 rutae3
832 2214 870 2281 et
899 2207 1012 2303 virgae
1045 2212 1130 2280 sunt
1160 2207 1277 2302 pleoae
1308 2205 1448 2280 semine
1477 2205 1582 2300 quasi

409 2325 533 2420 acinis,
559 2327 710 2402 odorem
737 2327 811 2400 vini
837 2327 958 2422 habet,
976 2348 1060 2421 quae
1082 2349 1156 2401 non
1182 2327 1348 2422 florescit,
1371 2327 1474 2401 radix
1501 2326 1582 2402 eius

410 2448 550 2521 subtilis
575 2453 612 2523 et
637 2447 746 2543 longa
778 2446 924 2521 duobus
952 2448 1092 2543 palmis,
1124 2446 1235 2522 latine
1263 2447 1468 2543 appellatur
1499 2445 1582 2520 mil-

411 2566 585 2662 lelolinm,
612 2574 650 2642 et
675 2574 730 2643 est
755 2568 869 2642 calida
896 2574 933 2642 et
958 2568 1054 2642 sicca
1080 2569 1172 2642 siout
1189 2567 1330 2642 ambre.
1348 2567 1392 2640 Et
1412 2565 1507 2641 dicta
1526 2573 1582 2641 est
1729 2593 1732 2600 ’

411 2687 607 2782 ambrosia,
633 2688 738 2782 quasi
763 2688 935 2762 aurosis:
961 2689 1104 2762 aurosis
1121 2687 1220 2762 enirn
1238 2707 1360 2784 graece
1379 2685 1512 2760 dicitur
1528 2685 1581 2760 ci-

411 2808 482 2882 bus
507 2808 566 2883 vel
591 2829 695 2902 esca,
720 2807 802 2883 ideo
834 2808 920 2902 equi
951 2808 1036 2884 solis
1065 2809 1255 2906 linguntur
1284 2807 1381 2904 pasci
1411 2829 1466 2882 eu.
1492 2806 1582 2894 Quis

410 2949 510 3003 nuno
529 2949 601 3002 non
618 2929 739 3003 videet
756 2936 936 3022 quantum
954 2928 1152 3002 similitudo
1170 2928 1215 3000 sit
1232 2927 1395 3023 propria5
1410 2926 1496 3021 quia
1512 2947 1581 3001 un-

410 3047 516 3144 gelus
542 3069 640 3122 nuno
665 3048 872 3123 ventilando
893 3049 1060 3144 propinat
1084 3047 1270 3122 coelestem
1298 3068 1419 3121 escam
1446 3045 1580 3139 autori,

408 3188 483 3262 qua
509 3177 723 3263 pasceretur
752 3169 858 3244 aliter
889 3179 1001 3263 quam
1033 3169 1089 3242 isti
1120 3167 1239 3265 gulosi
1268 3168 1382 3243 odore
1414 3167 1513 3262 pomi
1544 3173 1580 3242 et

407 3307 527 3381 oqnae,
553 3309 628 3382 quo
653 3288 702 3363 ita
728 3289 942 3363 cruciantur
966 3308 1105 3362 amare.
1126 3289 1171 3361 Et
1196 3287 1316 3362 subdit
1343 3294 1449 3382 poeta
1474 3287 1579 3362 olau-

407 3404 497 3481 dens
513 3408 735 3503 capitulum:
753 3430 772 3482 e
791 3412 886 3482 senti
900 3412 989 3499 dire,
1006 3407 1110 3481 illum
1126 3407 1313 3505 angelum,
1332 3407 1432 3500 beati,
1451 3407 1580 3503 supple

407 3534 493 3600 sunt
513 3527 574 3622 illi,
591 3531 647 3600 cui
661 3532 806 3623 ultuma,
826 3529 929 3622 idest,
948 3549 1041 3622 quos
1057 3527 1248 3622 illuminat,
1268 3535 1364 3602 tanto
1384 3531 1422 3602 di
1436 3531 1580 3618 pruzia,

407 3652 445 3722 et
470 3667 558 3722 vere
582 3648 690 3743 beati,
712 3649 798 3743 quia
820 3647 938 3742 pauci,
955 3650 1015 3720 clu
1034 3650 1165 3721 tamor
1181 3650 1239 3721 det
1252 3655 1366 3740 posto,
1388 3647 1491 3741 idest,
1512 3669 1580 3742 up-

407 3767 541 3863 petitus
566 3768 694 3842 edendi
721 3775 758 3843 et
783 3768 940 3862 bibendi,
964 3790 1037 3842 non
1066 3772 1180 3863 sumo,
1206 3767 1309 3862 idest,
1337 3789 1410 3842 non
1436 3767 1579 3863 emittit,

408 3894 533 3980 troppo
548 3889 651 3980 distr,
664 3887 767 3982 idest,
780 3888 1065 3962 immoderatum
1082 3887 1317 3983 desiderium,
1330 3891 1388 3961 nel
1399 3893 1491 3982 petto
1509 3891 1579 3980 lor,

407 4007 467 4082 cui
481 4007 641 4082 vicinum
655 4017 710 4083 est
721 4015 862 4105 guttur,
871 4011 1067 4099 esuriendo,
1080 4008 1183 4102 idest,
1197 4007 1435 4083 desiderando
1454 4009 1577 4104 edere,

406 4149 542 4221 sernpre
566 4137 697 4222 quanto
713 4125 735 4203 e*
746 4133 870 4222 piusto.
888 4131 1021 4204 Tantas
1046 4129 1144 4203 enirn
1171 4149 1273 4204 oscus
1293 4149 1443 4204 sumere
1467 4129 1580 4204 debe·

407 4269 492 4323 mus
526 4251 659 4344 quibus
685 4271 757 4324 non
783 4255 960 4324 oneretur
993 4269 1139 4344 corpus,
1166 4269 1234 4324 neo
1266 4247 1414 4324 libertas
1446 4249 1581 4322 anime

407 4377 672 4466 praegravetur,
698 4378 741 4443 ut
773 4369 824 4444 uit
848 4369 1105 4464 Hieronymus,
1132 4367 1195 4462 qui
1220 4367 1357 4464 optime
1382 4369 1419 4443 in
1444 4389 1484 4444 se
1509 4369 1579 4443 hoc

406 4489 592 4584 probavit:
618 4491 682 4566 sed
707 4497 744 4566 el
769 4491 849 4586 plus
875 4489 1045 4587 fugienda
1071 4496 1125 4565 est
1151 4489 1308 4565 ebrietas
1334 4511 1447 4584 quam
1474 4509 1578 4583 esea,

406 4630 493 4684 nam
525 4619 658 4686 natura
687 4611 785 4684 dedit
825 4610 871 4685 ad
909 4617 1038 4705 potum
1076 4609 1362 4685 saluberrimum
1394 4609 1577 4705 liquorem

405 4751 526 4824 aqum,
552 4751 627 4826 quo
651 4737 786 4805 cetera
810 4729 981 4803 animalia
1009 4735 1176 4824 utuntur,
1199 4736 1241 4802 ut
1265 4729 1350 4804 dicit
1367 4729 1515 4804 Plinius
1534 4729 1578 4803 Et

404 4851 510 4944 Loth,
523 4853 586 4944 qui
603 4856 772 4926 evaserat
790 4851 893 4943 liber,
907 4871 954 4925 ex
976 4849 1153 4924 ebrietate
1170 4850 1310 4924 corruit
1326 4849 1363 4924 in
1382 4851 1573 4925 incestum.

447 5025 496 5086 ’l¹)
513 5028 568 5089 ¹¹⁷,
584 5025 646 5076 ⁸⁰1ss
661 5039 676 5074 ⁸
692 5026 782 5090 poetio-
1031 5023 1058 5086 (Ἴ
1075 5024 1106 5073 Ε.
1121 5023 1258 5077 lluusooli.
