4575 6842
685 964 763 1031 452
1076 972 1282 1031 comm
1306 974 1474 1031 rantum

683 1126 851 1213 testatur,
868 1118 1042 1195 omuibus
1067 1118 1180 1195 rebus
1204 1118 1316 1217 gentis
1334 1118 1382 1194 ab
1398 1138 1445 1195 co
1470 1121 1729 1216 presumunt,
1747 1122 1862 1199 Garun

683 1242 742 1315 ius
766 1241 879 1337 Pipiui
900 1242 992 1317 Noui
1016 1240 1123 1335 iilius,
1145 1262 1219 1317 nnn
1236 1243 1356 1338 impar
1380 1242 1496 1339 gioria
1522 1244 1616 1338 patri
1637 1264 1709 1321 suo
1724 1246 1789 1323 noo
1806 1247 1861 1325 viu

557 1349 561 1357 ’
682 1363 874 1439 ctoriosior
891 1369 928 1437 et
944 1362 1166 1458 praeclarior,
1180 1370 1333 1460 rogatus
1350 1370 1388 1439 et
1398 1362 1603 1457 .requisiius
1616 1366 1665 1441 ab
1677 1366 1862 1441 iindriano

682 1504 831 1559 summo
856 1482 1038 1579 pontifice,
1056 1489 1280 1581 congregata
1303 1483 1406 1580 regni
1424 1483 1481 1557 sui
1499 1484 1734 1561 multitudine
1759 1488 1861 1582 prino

682 1604 805 1699 cipum
824 1611 862 1679 ei
877 1602 1161 1679 fortissimorum
1182 1604 1416 1695 bellatorum,
1430 1603 1617 1700 ingressus
1633 1604 1773 1681 italiam
1792 1628 1860 1702 pcr

682 1732 847 1801 montem
872 1724 1054 1800 Sonisium
1075 1723 1306 1798 Desiderium
1324 1742 1451 1820 regem
1469 1724 1783 1822 longobardorum
1800 1727 1858 1801 iu«

682 1846 876 1923 instantem
901 1844 1093 1921 ecclesiam
1119 1843 1239 1940 primo
1265 1844 1405 1919 rictum
1430 1866 1565 1943 magrm
1592 1846 1691 1921 cande
1715 1848 1868 1923 obsedit¹
1936 1890 1940 1899 ι

682 1967 776 2043 intra
793 1966 973 2059 Ticinum,
997 1985 1083 2059 que
1108 1964 1217 2040 hodie
1242 1972 1397 2040 vocatur
1414 1965 1547 2060 Papia;
1564 1974 1603 2041 ei
1622 1966 1772 2043 taudem
1789 1966 1869 2047 du·

680 2087 778 2161 cimo
803 2105 930 2160 mense
954 2084 1152 2159 obsidionis
1176 2083 1405 2159 Desiderium
1438 2090 1586 2179 captum
1612 2105 1699 2161 cum
1738 2105 1867 2163 uxore·

680 2213 719 2281 ct
741 2205 823 2283 iiiiis
846 2224 975 2281 secum
1000 2204 1105 2279 duxit
1130 2205 1167 2278 in
1193 2204 1397 2299 limoniam,
1421 2206 1485 2299 qui
1510 2205 1708 2300 aliquando
1734 2208 1871 2283 iuerat*

680 2348 785 2403 socer
810 2326 909 2419 eius3
934 2331 972 2400 ei
996 2324 1183 2401 constituit
1207 2324 1376 2421 Pipinum
1403 2346 1530 2423 mern
1551 2347 1675 2422 -super
1701 2328 1852 2403 ltaliam.

680 2448 738 2523 Sic
763 2446 906 2522 finitum
933 2452 989 2521 est
1014 2466 1171 2542 regnum
1198 2444 1510 2541 longobardorum
1531 2446 1632 2541 quod
1653 2446 1867 2523 duraverat·

679 2570 777 2643 uitra
795 2567 973 2643 ducentos
988 2586 1105 2641 annos
1121 2566 1171 2641 ab
1185 2565 1347 2641 adventu
1366 2566 1507 2642 omnini
1524 2567 1633 2663 regis,
1651 2568 1715 2662 qui
1732 2568 1854 2663 primo

683 2689 781 2763 venit
807 2689 990 2765 Veronam
1015 2687 1063 2762 de
1087 2687 1252 2783 paribus
1268 2686 1546 2781 septemtrionis
1565 2688 1719 2763 carmus
1735 2690 1867 2765 riotor'

682 2809 832 2887 veniens
856 2809 1013 2884 Romam
1039 2808 1242 2904 appellatus
1266 2814 1322 2882 est
1347 2808 1469 2883 Caesar
1486 2814 1523 2883 et
1542 2809 1769 2906 Aumrstusu
1787 2830 1853 2904 po-

679 2931 778 3024 puio,
791 2936 829 3005 ct
842 2935 1040 3004 coronatus
1056 2934 1111 3003 est
1128 2928 1330 3022 imperator
1346 2947 1413 3023 por
1431 2928 1731 3004 manum’lnonis
1747 2948 1855 3023 papae

682 3050 799 3142 tertii3
825 3056 862 3124 et
885 3048 1009 3125 sedem
1036 3047 1270 3144 apostolicam
1298 3047 1480 3125 ordinarii
1504 3048 1635 3125 coliata
1656 3048 1724 3123 sibi
1750 3055 1853 3143 pote·

678 3176 772 3245 stato
796 3170 964 3245 omnium
990 3168 1227 3267 dignitatum:
1255 3176 1292 3243 ei
1317 3174 1407 3242 tuuc
1430 3188 1627 3243 romanum
1654 3170 1868 3265 imperium>

679 3290 835 3366 divisum
860 3298 917 3365 est
934 3290 983 3365 ab
1000 3289 1156 3384 imperio
1176 3287 1575 3383 constantinopolitano,
1588 3309 1665 3365 nec
1687 3310 1851 3383 unquam

680 3412 890 3505 reunitum3
916 3431 984 3486 nec
1009 3430 1177 3503 unquam
1203 3408 1271 3484 init
1295 3408 1389 3483 aiius
1414 3408 1617 3504 imperator
1637 3410 1674 3483 in
1699 3408 1867 3506 imperio·

677 3530 889 3607 occidentali
914 3537 995 3625 post
1019 3529 1193 3605 carolum
1218 3536 1328 3603 tantae
1343 3527 1489 3603 virtutis
1504 3535 1544 3605 ct
1560 3528 1748 3606 felicitatis
1768 3530 1853 3606 Ideo

609 3738 613 3745 ,
677 3652 773 3727 irene
797 3649 1022 3725 lastinianus
1039 3649 1170 3723 finitio
1188 3668 1235 3723 eo
1252 3650 1501 3725 narrationem
1519 3670 1639 3745 suam,
1658 3670 1725 3725 nec
1741 3658 1864 3727 antor·

676 3771 820 3847 curavit
843 3770 1067 3847 descendere
1091 3769 1139 3845 ad
1155 3770 1316 3845 urhunes
1336 3776 1375 3845 et
1392 3770 1483 3846 alios
1503 3770 1745 3866 impemiorco
1764 3790 1865 3869 pur*-

678 3912 887 3985 manorum,
912 3891 976 3985 qui
1000 3891 1198 3985 aliquando
1230 3899 1497 3967 succurrerunt
1528 3892 1691 3967 ecciusiae
1719 3898 1866 3968 conitar

675 4034 808 4108 papam
837 4019 876 4087 et
906 4019 1033 4087 contra
1063 4012 1337 4107 imperatorum
1368 4012 1473 4085 Nunc
1497 4011 1544 4087 ad
1569 4012 1738 4105 literam3
1765 4012 1862 4088 dicio

675 4133 910 4226 iustinianus,
935 4156 955 4206 e
978 4136 1121 4226 muodo
1144 4136 1173 4207 ii
1195 4136 1295 4207 dere
1319 4132 1553 4224 onmium,
1580 4132 1681 4227 idest,
1712 4133 1865 4209 saevum

674 4254 860 4348 Desidecii,
885 4276 1002 4328 morse
1017 4257 1055 4327 iu
1069 4260 1177 4328 sautu
1192 4256 1320 4347 ciam,
1341 4254 1539 4329 lacerando
1550 4254 1637 4348 jura
1654 4254 1735 4329 cius
1754 4255 1849 4329 sicut

675 4374 812 4451 iecerat
836 4380 942 4469 pater
974 4394 1064 4447 suus
1095 4374 1305 4468 astulphus,
1333 4373 1396 4467 qni
1431 4373 1555 4448 vietus
1582 4380 1637 4449 est
1670 4394 1697 4448 o·
1723 4372 1849 4469 Pipino

677 4502 973 4589 vocatuapapa
998 4494 1184 4588 honoria,
1209 4497 1316 4569 Curio
1337 4514 1483 4587 mapao,
1502 4498 1682 4586 vincendo,
1708 4498 1864 4570 icum--

675 4636 789 4707 corae,
808 4615 872 4708 qui
883 4620 926 4691 ¹ct
942 4621 1081 4690 terram
1099 4621 1263 4689 sanctam
1291 4613 1525 4691 immanita·
1542 4616 1723 4691 aerumma
1745 4634 1850 4691 sara·

675 4754 881 4828 cenorum·
900 4734 994 4809 siout
1028 4733 1181 4810 dicetur,
1210 4733 1325 4830 inira.
1341 4742 1429 4811 sotto
1458 4738 1530 4809 uiis
1553 4754 1617 4807 sue
1642 4736 1704 4825 aii,
1734 4734 1865 4829 ipsius¹

676 4854 810 4947 aquiiae
835 4853 1043 4950 imperialis.
1057 4894 1106 4909 -
1123 4858 1238 4929 Omni.
1259 4854 1326 4930 Hic
1346 4854 1474 4930 ultimo
1499 4854 1728 4933 rusticianus
1750 4876 1846 4951 prin-

676 4972 785 5047 missa
819 4974 927 5070 ionga
958 4974 1183 5070 digressione
1217 4974 1416 5050 revertitur
1450 4975 1497 5052 ad
1531 4975 1729 5072 principale
1761 4997 1847 5071 pro-

674 5093 845 5192 positum,
871 5100 909 5167 ot
934 5094 1058 5190 arguit
1081 5094 1221 5170 italicos
1245 5096 1309 5189 qui
1339 5095 1613 5195 iniminaguni
1628 5098 1846 5193 scontroju-
