4575 6842
757 987 895 1042 caurus
920 987 1112 1044 mersimus
1136 989 1281 1044 sunaus
1524 975 1593 1044 137

422 1127 629 1226 Purgatorii
655 1129 814 1226 capitulo
830 1129 889 1203 xl.
906 1131 951 1204 la
977 1129 1120 1206 breviat
1144 1133 1239 1206 hanc
1264 1133 1466 1208 orationem
1489 1131 1535 1208 de
1553 1152 1595 1207 se

422 1249 588 1344 brevem,
613 1249 759 1325 diceus:
786 1260 917 1350 quanto
939 1252 1086 1344 tisamna
1110 1273 1135 1324 a
1160 1255 1222 1326 nai
1245 1256 1282 1327 di
1306 1263 1424 1348 questa
1450 1257 1594 1346 marma,

422 1368 568 1464 scilicet,
595 1371 830 1466 purgaturi03
849 1371 953 1464 quasi
978 1372 1085 1467 dicat,
1104 1393 1224 1467 usquo
1243 1373 1290 1447 ad
1316 1372 1414 1448 illam
1433 1375 1595 1469 particu-

423 1489 510 1584 lam,
534 1497 568 1564 ct
589 1511 635 1564 nc
658 1510 724 1564 nos
746 1494 894 1565 mmaas
925 1496 965 1566 ia
990 1496 1221 1584 tentationem,
1247 1493 1334 1587 quia
1365 1514 1437 1569 nou
1464 1516 1593 1590 possu-

424 1630 509 1684 mus
532 1611 688 1707 amplius
715 1612 846 1689 tentari
874 1633 942 1688 nec
964 1633 1137 1708 poccare;
1155 1612 1238 1688 ideo
1263 1614 1366 1688 dicit:
1388 1618 1476 1688 dove
1492 1623 1594 1708 poor

421 1751 551 1824 pecaar
574 1753 647 1806 non
671 1728 773 1826 apd
792 1742 938 1827 aarum·
955 1742 992 1808 et
1012 1741 1136 1810 tamen
1157 1755 1268 1830 supra
1296 1736 1331 1808 in
1357 1736 1593 1832 praeallcgato
1713 1807 1715 1812 .

424 1853 582 1949 capitulo
608 1853 754 1948 spiritus
779 1852 843 1946 qui
866 1862 1072 1950 purgantur
1096 1875 1119 1928 a
1144 1855 1315 1950 superbia
1333 1855 1459 1930 dicunt
1478 1861 1592 1930 totam

425 1974 519 2048 hanc
542 1973 747 2047 orationem
765 1973 1000 2069 integraliter.
1019 1975 1063 2048 Et
1079 1975 1262 2049 concludit
1279 1981 1385 2069 poeta
1405 1997 1592 2051 recessum

423 2093 597 2168 Gnidonis
622 2113 688 2189 per
715 2113 826 2168 unam
854 2096 1165 2191 comparationem
1188 2097 1340 2191 claram,
1359 2097 1499 2171 dicens:
1517 2099 1592 2190 poi,

422 2213 483 2290 ille
508 2214 638 2308 Guido,
663 2217 828 2308 disparat
844 2236 910 2307 per
926 2217 961 2288 lo
975 2219 1091 2309 snoca,
1118 2217 1204 2310 quia
1233 2217 1386 2292 retraxit
1411 2237 1451 2292 sc
1478 2217 1594 2314 magis

423 2334 517 2416 inira
543 2336 665 2433 ignem
692 2336 756 2408 ubi
781 2343 861 2410 erat
886 2335 1078 2429 tiroaldus,
1105 2337 1164 2410 cui
1193 2335 1301 2410 dixit:
1327 2336 1420 2411 vade
1435 2328 1471 2430 (¹)
1493 2343 1593 2430 tunc,

422 2477 518 2530 came
537 2478 606 2550 per
630 2459 653 2530 t
665 2477 792 2549 acqua,
817 2457 956 2553 supple,
982 2457 1153 2552 disparet,
1177 2459 1205 2530 il
1228 2479 1329 2550 pesco
1359 2459 1528 2531 analatida
1557 2459 1597 2530 al

422 2581 545 2671 sendo,
570 2577 717 2671 scilicet,
745 2586 819 2652 tam
845 2578 996 2652 faciliter
1022 2585 1059 2652 et
1079 2584 1154 2650 tam
1173 2577 1261 2651 cito:
1288 2583 1326 2652 el
1351 2596 1438 2652 ecce
1464 2597 1592 2673 quare,

422 2701 521 2791 forsa
539 2720 608 2792 per
631 2701 702 2771 dar
728 2702 803 2771 loca
828 2701 948 2789 alani,
967 2697 1114 2791 scilicet,
1131 2697 1291 2771 Arnaldo
1309 2717 1420 2791 quem
1448 2703 1592 2771 mnium

424 2819 649 2912 laudaverat,
671 2821 821 2892 secando
846 2821 905 2890 cte
924 2839 1051 2910 praem
1075 2839 1177 2907 anea,
1196 2818 1281 2910 quia
1308 2817 1487 2891 Arnaldus
1512 2823 1594 2892 erat

424 2938 607 3014 secundus
637 2946 718 3034 post
748 2959 836 3012 eum
862 2938 1199 3014 immediate-lo
1231 2942 1280 3012 mi
1307 2941 1383 3034 [eoi.
1406 2938 1510 3013 Nunc
1536 2937 1594 3011 ul·

424 3059 515 3132 timo
540 3065 646 3153 pocta
667 3058 804 3132 inducit
833 3059 1005 3132 ultimum
1036 3058 1266 3134 inventorem
1297 3057 1511 3153 praedictum
1532 3059 1592 3133 cui

425 3179 600 3276 promittit
625 3178 780 3272 tamam3
806 3184 843 3252 et
867 3178 929 3253 ille
952 3177 1040 3274 petit
1065 3199 1203 3273 preces.
1230 3179 1322 3252 Dicit
1348 3199 1459 3275 ergo:
1487 3184 1528 3253 la
1546 3183 1595 3252 mi

421 3304 489 3394 feti
511 3320 560 3372 nn
582 3319 671 3391 poco
695 3301 843 3371 innanzi
858 3301 898 3371 al
919 3305 1101 3389 moserata,
1118 3297 1253 3372 scilicet
1278 3298 1447 3392 arnaldo,
1467 3298 1593 3373 volens

424 3421 569 3496 deterre
593 3418 660 3493 sibi
685 3419 876 3514 honorem,
903 3419 989 3512 quia
1017 3424 1160 3492 tautum
1190 3417 1311 3491 iuerat
1342 3418 1430 3490 mihi
1465 3417 1594 3491 lauda-

423 3548 482 3614 tus
507 3561 574 3636 per
598 3537 823 3613 Guido'uem:
849 3561 868 3612 e
891 3542 977 3612 dissi
1000 3541 1100 3611 ct’at
1122 3558 1186 3610 sno
1211 3558 1326 3628 nome,
1343 3537 1495 3632 famoso,
1515 3536 1592 3612 sive

422 3659 520 3734 lama
544 3659 666 3756 digno,
689 3661 718 3731 il
740 3663 810 3732 mio
835 3662 961 3751 dedra,
994 3657 1097 3751 idest,
1123 3657 1288 3750 aviditas,
1313 3660 1593 3750 appareretiaoa

422 3783 590 3872 aratiam
615 3782 704 3869 loca,
730 3778 876 3871 scilicet,
901 3776 1080 3852 scribendi
1107 3777 1244 3870 aliquid
1270 3776 1316 3850 de
1341 3797 1386 3850 ea
1419 3796 1505 3850 cum
1534 3795 1593 3850 re-

422 3899 555 3974 dissem
574 3899 622 3972 ad
643 3898 823 3972 muudum
841 3897 1055 3972 viventium.
1073 3897 1117 3971 Et
1137 3897 1258 3971 subdit
1275 3907 1419 3992 gratam
1440 3916 1592 3990 respon-

424 4018 562 4094 sionem
590 4019 681 4113 eius‚
707 4019 849 4093 dicens:
876 4021 922 4092 at
943 4011 1123 4110 nominoio,
1150 4017 1295 4110 scilicet,
1314 4017 1374 4091 ille
1399 4017 1590 4110 arnaldus,

424 4143 644 4214 liberamento
676 4159 701 4212 a
738 4142 826 4231 dira
868 4139 904 4212 in
937 4159 1005 4212 suu
1038 4138 1211 4212 idiomate
1244 4137 1476 4232 provinciali:
1518 4143 1590 4210 Tan

424 4261 611 4348 n’aoetots,
629 4259 732 4354 idest,
751 4265 894 4334 tautum
916 4260 1034 4354 placet
1052 4258 1151 4351 milri,
1171 4266 1285 4331 oostm
1309 4265 1422 4330 cortes
1450 4259 1591 4350 deuiam

423 4379 525 4473 idest,
552 4386 674 4454 vestra
703 4379 850 4453 curialis
880 4379 1017 4474 petitio,
1049 4377 1152 4472 quasi
1185 4377 1280 4452 dicat
1311 4377 1445 4452 latine:
1482 4383 1592 4452 Tanto

422 4499 656 4590 m’aoaeauce,
676 4502 713 4572 la
732 4507 854 4572 matra
870 4505 1001 4572 corase
1019 4499 1222 4590 annonam
1241 4500 1356 4586 Qn'ieu
1368 4517 1416 4570 na
1429 4519 1464 4570 m
1473 4519 1590 4590 puero,

420 4621 459 4692 ni
478 4640 513 4691 tn
530 4622 615 4692 aoilt
630 4641 653 4691 a
671 4641 733 4692 uos
750 4620 910 4713 ooomre5
926 4619 1027 4712 idest,
1046 4617 1144 4713 quod
1163 4638 1236 4692 nou
1253 4638 1401 4713 possum
1419 4639 1487 4694 uec
1508 4621 1592 4694 volo

422 4739 524 4815 vobis
541 4740 663 4815 celare
677 4741 733 4814 vel
750 4751 876 4836 tegere
888 4760 969 4833 mc;
984 4746 1021 4812 et
1041 4737 1122 4813 idea
1139 4738 1239 4812 dico:
1257 4743 1321 4812 am
1334 4743 1405 4814 suis
1418 4747 1590 4831 Arnantz,

421 4864 480 4935 cte
493 4863 576 4953 plor
593 4882 611 4932 e
629 4864 688 4933 vai
704 4863 870 4950 etantan,
884 4859 986 4952 idest,
1005 4879 1075 4954 ego
1095 4880 1179 4932 sum
1196 4858 1389 4954 Arualdus,
1406 4861 1469 4954 qui
1488 4861 1591 4956 ploro

483 5122 512 5186 (¹)
531 5121 560 5172 li.
574 5134 591 5172 a
607 5125 661 5181 tlt,
678 5121 742 5173 rode
757 5127 787 5172 tu
804 5135 881 5172 nunc.
