4575 6842
695 937 763 1004 150
1050 947 1254 1006 couunruu
1279 950 1499 1006 runerronu

690 1098 794 1167 strue
818 1093 888 1167 sic:
915 1094 990 1166 aelli
1020 1098 1073 1164 tre
1101 1096 1238 1184 ollodq
1269 1094 1415 1188 scilicet,
1447 1093 1630 1190 Virgilius,
1662 1096 1798 1172 Statius
1828 1104 1866 1172 et

690 1232 760 1308 ego
785 1213 932 1307 Dentes,
957 1217 1058 1307 tunc,
1084 1235 1255 1288 coenoso
1281 1217 1355 1305 tuli,
1384 1214 1462 1289 redi
1487 1235 1610 1309 supra,
1629 1220 1725 1308 quali
1749 1220 1781 1292 le
1805 1239 1866 1292 cu-

686 1354 754 1426 pre
776 1340 864 1407 stole
887 1336 1014 1426 rapide
1037 1356 1057 1406 e
1077 1341 1256 1428 proterve,
1277 1335 1379 1429 idest,
1405 1355 1556 1430 rapaces
1581 1342 1619 1410 et
1644 1337 1863 1431 temerariae,

689 1473 800 1546 sopra
825 1456 856 1528 le
881 1456 978 1545 orne,
1012 1475 1096 1548 quae
1129 1455 1210 1549 plus
1244 1454 1389 1549 placent
1417 1454 1498 1548 sibi,
1533 1463 1660 1528 ovante
1693 1458 1754 1529 cire
1785 1458 1866 1530 duo

685 1594 833 1666 mense,
859 1573 963 1667 idest,
982 1579 1184 1668 antequam
1205 1573 1275 1648 sint
1292 1574 1432 1668 cibatae,
1451 1573 1538 1668 quia
1556 1581 1645 1648 tunc
1662 1580 1748 1648 sunt
1766 1575 1865 1652 mul-

691 1700 771 1768 tum
797 1693 914 1768 avidae
940 1699 977 1767 et
1003 1696 1215 1787 veruesca
1236 1699 1349 1789 sunno
1375 1716 1509 1784 marne,
1527 1694 1630 1789 idest,
1649 1701 1863 1790 mansuete,

688 1817 917 1906 ruminmtdl),
929 1814 1032 1908 idest,
1047 1815 1255 1890 revocando
1268 1815 1391 1891 cibum
1409 1836 1432 1890 a
1449 1816 1639 1914 stomacho
1652 1815 1699 1920 ad
1712 1823 1863 1914 guttur3

689 1955 822 2030 caprae,
847 1934 939 2027 dico,
966 1938 1064 2007 tacite
1089 1938 1149 2009 olt'
1163 1936 1301 2026 embra,
1319 1942 1451 2010 mentre
1467 1937 1564 2008 clre'l
1586 1939 1642 2009 sol
1661 1940 1772 2030 fove,
1793 1935 1864 2011 sei·

689 2054 785 2149 licet,
810 2054 907 2130 circa
933 2054 1125 2130 meridiem
1158 2055 1313 2130 ardente
1343 2057 1431 2150 sole,
1456 2059 1631 2147 puurdote
1654 2059 1718 2131 dcl
1735 2064 1863 2150 postor
1943 2137 1946 2156 ¹
1997 2077 2000 2084 ·

688 2178 797 2248 clre’n
820 2195 862 2248 su
887 2177 924 2246 lo
948 2196 1061 2266 vergo
1080 2178 1251 2268 poppleto
1275 2167 1341 2269 s'c*,
1362 2176 1468 2270 quasi
1492 2175 1607 2250 dicat:
1625 2176 1689 2270 qui
1710 2177 1863 2271 quiescit

689 2294 961 2388 quiescentibus
987 2295 1074 2391 illis3
1101 2297 1200 2371 unde
1224 2295 1327 2371 dicit:
1345 2317 1364 2368 e
1380 2299 1438 2368 lor
1462 2299 1500 2370 di
1520 2318 1613 2389 poso
1636 2317 1757 2392 servm
1778 2319 1863 2393 quae

689 2415 775 2490 satis
800 2415 1063 2491 laboraverunt
1087 2416 1248 2492 saliendo
1280 2437 1390 2510 sara3
1416 2438 1435 2489 e
1466 2420 1568 2508 quote
1599 2420 1626 2490 il
1658 2421 1862 2510 manduco,

689 2535 791 2631 idest,
810 2542 944 2631 pastor,
965 2538 1024 2610 clre
1040 2540 1141 2632 fuori
1157 2538 1316 2628 adona,
1334 2535 1371 2610 in
1391 2535 1669 2631 campestribus,
1684 2544 1862 2630 pernocta,

690 2656 792 2751 idest,
810 2656 857 2730 de
879 2662 988 2732 nocte
1012 2657 1149 2754 vigilat,
1167 2663 1266 2749 quoto
1291 2659 1397 2748 lungo
1414 2659 1440 2729 'l
1458 2658 1607 2749 peculio,
1624 2656 1727 2762 idest,
1749 2678 1863 2754 prope

691 2797 844 2875 gregem
871 2798 995 2868 suum,
1021 2777 1073 2852 sic
1098 2777 1235 2852 dictum
1262 2798 1286 2852 a
1311 2777 1512 2873 pecudibus
1529 2797 1616 2852 cum
1638 2777 1771 2872 quibus
1796 2799 1863 2874 pa-

689 2904 767 2972 stor
790 2918 887 2992 saepe
913 2898 1023 2973 habet
1047 2898 1188 2993 aliquot
1212 2919 1352 2993 capras,
1370 2900 1587 2990 querelando
1609 2895 1737 2991 percite
1757 2901 1861 2990 fios,

689 3019 784 3094 sicut
809 3020 929 3115 lupus,
955 3039 1028 3092 non
1052 3022 1087 3092 lo
1110 3039 1254 3112 spongo,
1280 3018 1382 3112 idest,
1408 3019 1602 3116 dispergat.
1633 3018 1772 3094 Deinde
1796 3018 1862 3094 de-

689 3140 806 3215 clarat
829 3139 991 3233 aliquam
1027 3144 1169 3234 portem
1203 3137 1496 3233 comparationis,
1533 3137 1688 3213 reddens
1717 3137 1862 3234 singula

690 3260 852 3358 siugulis,
872 3265 912 3361 ut
933 3257 1074 3334 lacilius
1091 3257 1206 3334 lector
1224 3257 1335 3352 possit
1350 3256 1525 3352 adaptare
1547 3256 1860 3352 comparationem

689 3401 763 3456 non
788 3380 883 3455 bene
907 3379 1058 3455 claram.
1085 3378 1188 3454 Unde
1212 3378 1316 3453 dicit:
1341 3381 1377 3452 io
1401 3399 1498 3452 come
1515 3399 1642 3470 capro,
1661 3378 1709 3452 ita
1728 3384 1861 3453 acutus

688 3506 726 3576 et
759 3506 952 3595 promptus
990 3500 1117 3574 volens
1154 3499 1414 3574 transcendere
1446 3517 1625 3572 cacumen
1657 3498 1790 3572 montis
1824 3503 1862 3572 et

688 3619 982 3715 superexcellere
1007 3624 1272 3714 praeceptorem
1307 3637 1435 3692 meum
1466 3617 1656 3726 Virgilium
1692 3623 1729 3692 et
1763 3617 1860 3690 illius

687 3740 909 3816 imitatorem
935 3739 1111 3832 Statium3
1141 3745 1175 3812 el
1201 3741 1246 3830 ei,
1272 3738 1418 3832 scilicet,
1444 3737 1615 3834 Virgilius
1645 3742 1682 3812 et
1712 3736 1860 3831 Statius,

687 3882 784 3936 come
802 3862 956 3953 pastori,
974 3868 1164 3953 tamquam
1186 3859 1261 3934 duo
1279 3857 1403 3955 magni
1423 3864 1601 3954 pastores,
1621 3857 1725 3952 idest,
1743 3865 1861 3953 poetae

688 3980 838 4075 antiqui.
865 3981 987 4054 Poetae
1012 3979 1109 4054 enim
1142 3978 1372 4074 appellantur
1401 3983 1577 4073 pastores
1606 3984 1645 4050 ut
1670 3983 1770 4072 patet
1794 3997 1860 4073 per

687 4100 806 4195 ipsum
833 4099 1025 4196 Virgilium
1051 4098 1145 4172 libro
1166 4097 1435 4172 Bucolicorum.
1462 4097 1506 4170 Et
1531 4096 1611 4170 vult
1635 4096 1758 4172 dicere
1784 4118 1859 4170 uno

688 4221 819 4295 verbo:
841 4219 914 4293 dixi
941 4219 1040 4314 quod
1057 4240 1124 4292 nos
1144 4224 1219 4292 tres
1240 4237 1390 4292 eramus
1411 4217 1505 4292 sicut
1521 4237 1643 4313 caprae
1660 4225 1698 4292 et
1715 4224 1857 4313 pastor3

687 4340 751 4416 sed
777 4342 861 4416 volo
885 4340 985 4435 quod
1010 4338 1199 4435 intelligas,
1217 4337 1316 4432 quod
1333 4338 1559 4434 comparatio
1576 4358 1773 4432 caprarum
1797 4358 1857 4413 re·

687 4460 790 4555 spicit
815 4479 887 4554 me,
912 4459 1138 4554 comparatio
1164 4477 1254 4532 vero
1272 4457 1427 4553 pastoris
1445 4457 1589 4553 respicit
1614 4457 1743 4532 ambos
1768 4477 1858 4553 poe-

688 4587 763 4675 tas3
788 4587 827 4654 et
857 4579 962 4655 dicit:
985 4581 1128 4674 [canuti
1152 4579 1268 4670 quinci
1296 4598 1315 4650 e
1346 4579 1467 4669 quodi
1490 4579 1589 4650 dallo
1612 4583 1745 4668 prolto,
1770 4577 1856 4671 quia

688 4699 746 4774 via
772 4699 832 4775 illa
857 4709 938 4777 erat
963 4699 1086 4774 excisa
1111 4698 1208 4772 intra
1233 4702 1409 4792 montem,
1431 4697 1481 4771 ita
1498 4695 1595 4791 quod
1616 4703 1697 4772 erat
1715 4703 1793 4772 tuta
1811 4718 1856 4772 ex

689 4828 848 4914 utraque
867 4827 972 4916 parte
989 4821 1125 4914 clausa,
1145 4819 1194 4893 ita
1214 4817 1312 4912 quod
1332 4838 1406 4892 nou
1424 4823 1592 4912 poterant
1608 4815 1743 4891 cadere
1764 4817 1859 4892 sicut

688 4941 725 5014 in
750 4941 908 5036 cornice,
935 4961 1018 5036 quae
1039 4946 1120 5016 erat
1144 4945 1271 5034 aperta
1289 4936 1337 5012 ab
1360 4959 1434 5012 una
1452 4944 1572 5033 parte3
1590 4936 1641 5010 ita
1659 4937 1757 5031 quod
1776 4943 1858 5012 ten-

687 5061 778 5136 dens
802 5061 849 5135 ad
873 5061 1047 5136 virtutem
1073 5066 1192 5156 potest
1215 5057 1335 5134 adhuc
1359 5057 1493 5132 cadere
1527 5057 1554 5130 si
1587 5055 1700 5132 tendit
1725 5077 1857 5132 versus
