4575 6842
734 991 873 1046 usurus
899 991 1089 1046 vrunsurus
1113 989 1274 1044 ruamus.
1530 978 1574 1044 51

405 1146 528 1216 tentus
552 1160 647 1236 pane
672 1146 709 1215 et
734 1139 819 1213 vino
836 1144 874 1212 et
891 1137 969 1212 aliis
987 1137 1167 1212 fructibus
1184 1145 1294 1211 terrae
1308 1131 1345 1229 (¹)
1369 1137 1500 1232 quaerit
1516 1158 1577 1210 sa·
1620 1127 1624 1134 ’

404 1259 487 1356 pida
504 1283 651 1336 summo
668 1259 820 1335 artificio
834 1239 1057 1354 praeparata3
1070 1257 1152 1332 ideo
1167 1255 1324 1332 vindicta
1341 1257 1462 1332 debita
1475 1259 1576 1354 justo

400 1380 537 1476 judicio
562 1381 627 1456 Dei
653 1386 779 1477 parata
813 1384 878 1472 est,
904 1377 992 1471 quia
1022 1377 1138 1452 tames
1170 1377 1281 1450 intrat
1312 1398 1447 1472 corpus
1478 1378 1575 1473 eius;

405 1521 491 1574 nam
516 1501 546 1574 si
572 1502 666 1576 bene
691 1498 854 1596 prandet,
881 1497 961 1571 vult
993 1497 1123 1571 melius
1155 1516 1324 1590 coeuare3
1354 1497 1383 1569 si
1416 1498 1576 1572 multum

405 1619 505 1716 bibit,
532 1639 677 1716 semper
702 1619 784 1714 plus
809 1617 964 1713 appetit:
991 1621 1027 1692 et
1053 1615 1104 1692 sic
1129 1616 1305 1693 continuo
1329 1617 1447 1712 magis
1471 1617 1577 1692 ardet

404 1741 585 1837 appetitus
610 1745 819 1834 corruptus,
845 1737 894 1811 ita
921 1737 1019 1831 quod
1046 1736 1081 1810 in
1108 1743 1216 1810 nocte
1236 1735 1451 1810 somniando
1477 1736 1578 1811 ducit

405 1859 500 1934 labia
526 1865 562 1934 et
587 1859 725 1952 dentes,
751 1863 789 1932 et
822 1857 922 1932 velut
955 1856 1046 1952 ignis
1079 1855 1262 1930 consumit
1295 1856 1394 1951 illud,
1426 1856 1473 1931 dc
1502 1878 1577 1952 quo

406 1986 552 2075 possent
575 1978 701 2054 rivere
728 1967 900 2084 mille(²);
927 1975 1014 2071 quid
1040 1975 1162 2049 ultra?
1188 1975 1296 2049 bodie
1327 1976 1449 2050 vendit
1474 1998 1577 2051 cam-

406 2119 507 2194 pum,
534 2119 615 2174 cras
641 2098 800 2191 vineam,
827 2102 868 2171 ut
892 2095 1087 2170 satisfaciat
1113 2095 1231 2169 ventri
1265 2095 1577 2189 importunissimo

405 2219 588 2294 creditori.
615 2220 838 2312 Consumpta
857 2216 1022 2312 pecunia,
1041 2215 1167 2290 vendit
1183 2214 1349 2309 domum,
1370 2235 1510 2309 equum
1527 2207 1576 2311 (³),

407 2344 559 2432 vestem,
584 2337 765 2431 ancillam,
792 2341 830 2411 et
859 2335 1031 2411 absorbet
1060 2340 1098 2409 et
1126 2334 1280 2430 deglutit
1309 2355 1457 2409 omnem
1489 2337 1577 2410 sub-

406 2459 575 2533 stantiam
602 2479 731 2551 suam,
749 2456 899 2531 demum
919 2456 1041 2530 vendit
1059 2455 1169 2529 liliam
1193 2454 1389 2550 propriam,
1409 2477 1577 2549 uxorem,

405 2599 592 2671 sororem;
619 2576 766 2672 quaudo
792 2575 975 2671 prostituit
1002 2574 1210 2671 pudicitiam
1237 2575 1343 2650 alteri
1369 2597 1436 2669 pro
1462 2577 1578 2671 pretio

408 2705 450 2774 ut
475 2697 706 2794 'respondeat
743 2697 919 2791 improbae
957 2696 1065 2792 gulae.
1101 2697 1291 2769 Postremo
1328 2694 1578 2771 deficientibus

397 2819 579 2906 ‚omnibus
606 2818 715 2894 vertit
740 2817 904 2892 lurorem
931 2815 967 2891 in
992 2835 1033 2892 se
1058 2816 1192 2912 ipsum,
1217 2836 1303 2889 cum
1325 2817 1484 2890 efficitur
1500 2837 1579 2892 ser-

406 2961 476 3016 vus
501 2937 662 3031 alterius,
688 2937 899 3030 famulator,
924 2935 1104 3028 adulator,
1123 2936 1218 3029 leno,
1237 2939 1274 3009 et
1299 2935 1397 3029 quod
1418 2942 1472 3010 est
1493 2937 1580 3009 bor·

409 3059 513 3134 ribile
546 3057 658 3150 dictu,
683 3053 841 3130 comedit
865 3075 906 3130 se
931 3055 1050 3151 ipsum
1076 3054 1165 3128 dum
1197 3055 1295 3128 vadit
1319 3054 1365 3129 ad
1391 3055 1577 3150 hospitale,

407 3179 483 3252 imo
508 3177 553 3253 ad
579 3177 775 3269 lossatum3
792 3181 829 3250 et
848 3175 909 3248 ubi
930 3174 1089 3250 eomedit
1106 3175 1229 3248 omnia
1250 3196 1318 3249 sua
1340 3177 1494 3271 pediculi
1515 3197 1579 3251 co·

408 3298 563 3373 medunt
578 3317 678 3390 eum,
697 3301 733 3370 et
751 3315 897 3371 vermes
914 3295 1089 3390 paulatim
1108 3295 1227 3390 ipsum
1248 3295 1369 3370 adbuc
1393 3297 1579 3372 viventem

408 3418 607 3494 comedunt
630 3425 668 3492 et
693 3416 828 3491 rodunt
842 3404 892 3508 (⁴).
912 3416 1009 3512 Ergo
1026 3415 1077 3490 sic
1095 3415 1286 3490 maledicta
1311 3417 1398 3512 gula
1424 3416 1580 3493 damno·

406 3537 591 3612 sissimum
618 3537 759 3632 vitium,
778 3535 1048 3611 irremediabile
1067 3537 1220 3609 malum.
1238 3536 1342 3610 Nunc
1359 3537 1406 3610 ad
1423 3537 1578 3614 literam.

407 3658 499 3734 llicit
527 3663 654 3753 poeta:
682 3661 762 3732 Non
786 3660 891 3731 medo
916 3659 975 3730 ode
992 3659 1165 3730 Erisitom
1187 3659 1220 3729 si
1241 3661 1336 3751 fosse
1356 3661 1446 3751 sotto
1469 3680 1580 3752 socco,

408 3777 510 3873 idest,
539 3777 756 3852 macilentus
780 3782 1015 3869 extenuatus,
1049 3795 1073 3848 o
1098 3777 1219 3849 mocio
1242 3784 1387 3868 somno,
1413 3777 1491 3854 sine
1514 3779 1582 3853 ali-

409 3919 483 3992 qua
518 3897 748 3991 carnositate,
782 3919 850 3990 per
887 3898 1068 3988 dipimtor,
1103 3895 1207 3990 idest,
1245 3903 1395 3992 propter
1432 3899 1581 3994 iamem,

409 4019 551 4111 quando
573 4014 635 4111 piri
659 4021 694 4091 η’
707 4019 786 4090 ebbe
815 4025 919 4108 mmo,
950 4016 1096 4111 scilicet,
1123 4038 1208 4091 curn
1241 4017 1352 4112 coepit
1383 4040 1517 4094 vorare
1541 4041 1582 4096 se

410 4139 540 4235 ipsum.
555 4143 669 4212 -10.
686 4138 752 4212 llic
769 4143 875 4232 poeta
898 4135 1125 4212 manifestata
1145 4136 1242 4213 lame
1268 4138 1429 4213 maxima
1455 4159 1583 4214 erem-

411 4259 469 4356 plo
499 4257 621 4351 unius,
654 4257 860 4352 manifestat
894 4256 1007 4351 ipsam
1043 4259 1213 4353 exemplo
1246 4259 1470 4352 multorum,
1501 4259 1582 4336 ideo

281 4427 284 4434 ι
411 4377 637 4474 comparatio
662 4377 729 4452 ista
756 4383 811 4452 est
836 4377 1082 4472 propriissime
1108 4378 1154 4452 ad
1180 4378 1329 4453 iactum.
1348 4379 1392 4452 Et
1407 4379 1453 4452 ad
1476 4380 1583 4454 intel-

410 4498 595 4596 ligentiam
622 4497 726 4572 istius
751 4497 865 4574 litera
891 4503 947 4573 est
971 4499 1172 4594 sciendum,
1190 4500 1291 4593 quod
1307 4499 1400 4574 sicut
1427 4500 1584 4575 babetur

409 4639 458 4694 er
485 4619 641 4714 losepbo
667 4626 704 4694 et
727 4618 806 4693 aliis
833 4619 957 4692 multis
981 4619 1174 4694 autoribus
1201 4625 1367 4715 tempore
1392 4620 1487 4695 illius
1512 4621 1583 4696 du-

411 4739 563 4815 rissimae
574 4731 611 4834 (⁸)
625 4739 832 4834 obsidionis,
847 4761 921 4834 qua
939 4738 1039 4814 Titus
1052 4739 1294 4833 Vespasianus
1313 4742 1504 4835 premebat
1522 4741 1583 4816 Je-

473 4960 502 5102 P)
517 4961 711 5099 ᾖτῒῗίἳῗείῒεῑ
726 5039 751 5089 in
769 5051 821 5090 uuo
838 5037 955 5090 convivio
971 5037 1036 5088 illud
1053 5038 1123 5102 qnod
1139 5037 1271 5090 sufficeret
1285 5040 1312 5090 iu
1328 5040 1415 5102 mille;
1430 5042 1492 5106 qnid
1504 5043 1583 5095 ultra.
1625 5084 1629 5092 ,

475 5113 502 5177 (¹)
519 5113 648 5178 emuna.
660 5115 911 5176 nomenmodo.
983 5114 1011 5178 ι’)
1027 5115 1058 5166 E·
1070 5120 1097 5166 a
1109 5115 1262 5168 corrodunt·
1332 5117 1361 5178 ι’)
1377 5117 1408 5168 F«
1426 5118 1584 5170 ainamma.
