4575 6842
732 965 805 1033 384
1124 973 1329 1030 contemnunt
1354 976 1521 1031 rnnnnrsr

728 1124 934 1198 machinam
960 1119 1141 1216 contrivit,
1160 1126 1198 1195 et
1222 1120 1312 1214 lapis
1336 1122 1454 1196 lactus
1472 1143 1580 1197 mons
1601 1143 1760 1220 magnus
1785 1123 1905 1218 reple-

727 1243 778 1318 vit
804 1242 1012 1318 universam
1040 1247 1190 1316 terram.
1222 1240 1366 1315 Aurum
1401 1241 1585 1338 figurabat
1617 1263 1776 1340 regnum
1800 1263 1904 1339 assy-

728 1365 871 1438 riorum
885 1361 1202 1458 opulentissimum
1216 1368 1254 1435 et
1270 1361 1510 1456 diuturnum3
1527 1370 1724 1460 argentum
1743 1383 1901 1460 reguum

728 1485 925 1559 medorum
952 1488 989 1557 et
1014 1472 1221 1578 persarum,
1243 1481 1330 1576 quia
1354 1482 1449 1556 sicut
1472 1481 1549 1557 duo
1574 1483 1723 1559 brachia
1748 1490 1903 1559 vertun-

729 1611 792 1678 tur
819 1604 916 1678 circa
949 1623 1065 1677 unum
1097 1622 1174 1694 cor,
1199 1601 1249 1675 ita
1288 1601 1356 1676 ista
1390 1602 1465 1676 duo
1501 1623 1616 1699 regna
1652 1603 1749 1679 circa
1784 1623 1904 1677 unum

731 1745 878 1822 regern:
905 1743 1052 1798 ramum
1080 1743 1236 1817 regnum
1263 1720 1458 1796 Alexandri
1476 1723 1607 1818 Magni,
1624 1721 1724 1816 quod
1742 1722 1826 1797 lecit
1841 1741 1904 1796 so·

731 1867 821 1923 num
851 1865 1030 1940 magnum
1065 1842 1159 1916 sicut
1194 1863 1358 1936 ramum3
1383 1863 1470 1916 naun
1501 1843 1613 1940 graeci
1642 1845 1794 1918 luerunt
1826 1840 1905 1916 elo-

730 1964 967 2062 quentissimi,
993 1969 1031 2038 et
1056 1963 1267 2037 habueruut
1292 1983 1467 2058 magnam
1493 1964 1637 2058 copiam
1661 1964 1902 2058 scriptorum,

729 2086 888 2178 ferrum,
930 2103 1086 2180 regnum
1125 2102 1342 2174 romanum,
1378 2081 1464 2176 quia
1499 2103 1606 2158 more
1641 2083 1729 2158 ierri
1762 2082 1905 2157 domuit

727 2205 851 2280 omnia
878 2225 1004 2300 regna,
1026 2203 1089 2278 sed
1115 2204 1151 2277 in
1178 2223 1218 2277 se
1243 2209 1503 2299 consumptum
1524 2211 1580 2279 est
1600 2204 1771 2301 rubigine
1789 2203 1904 2279 civilis

727 2325 934 2418 discordiae3
957 2324 1055 2400 uude
1072 2324 1182 2420 pedes
1207 2343 1449 2398 romanorum
1467 2323 1570 2399 divisi
1589 2333 1686 2418 sunt,
1704 2325 1790 2417 quia
1807 2324 1902 2399 sicut

729 2445 868 2522 serrum
897 2453 934 2520 et
964 2451 1063 2518 terra
1093 2463 1167 2518 uon
1201 2448 1352 2538 possunt
1382 2443 1479 2518 inter
1509 2463 1551 2519 se
1583 2445 1826 2538 commisceri,
1852 2445 1902 2518 ita

728 2566 907 2663 principes
934 2564 1076 2639 romani
1103 2585 1177 2638 non
1202 2569 1403 2659 potuerunt
1427 2563 1537 2637 simul
1562 2563 1771 2638 convenire.
1797 2563 1903 2657 Lapis

728 2687 790 2761 ille
807 2686 1010 2782 figuraliter
1032 2684 1099 2759 fuit
1111 2677 1149 2775 (⁴)
1166 2683 1343 2776 Christus,
1359 2685 1423 2778 qui
1441 2684 1592 2758 veniens
1611 2705 1634 2758 a
1654 2691 1792 2778 moute,
1810 2685 1903 2758 idest

727 2829 749 2882 n
777 2807 884 2901 ooelo,
910 2805 988 2880 sine
1014 2805 1196 2898 manibus,
1222 2804 1314 2878 idest
1333 2804 1413 2878 sine
1437 2824 1549 2900 opera
1577 2807 1750 2899 numana,
1771 2803 1903 2880 deiecit

728 2946 926 3002 romanum
953 2924 1163 3020 imperium,
1190 2925 1288 3018 quod
1315 2930 1395 3019 post
1415 2923 1622 3020 Augustum
1641 2925 1818 3021 paulatim
1834 2924 1901 2998 de-

727 3047 884 3140 clinavit,
898 3047 1014 3121 donec
1026 3045 1174 3120 devenit
1190 3045 1292 3139 quasi
1311 3044 1525 3139 annihilet
1544 3065 1700 3142 regnum
1712 3037 1750 3137 (²)
1770 3045 1900 3120 Christi

727 3174 782 3243 est
807 3174 1000 3242 aeteruum.
1027 3167 1106 3240 Rex
1132 3166 1168 3240 in
1196 3165 1269 3239 tine
1302 3184 1449 3239 summe
1479 3165 1672 3240 honorarit
1700 3165 1899 3240 Danielem.

727 3289 831 3364 Modo
855 3288 902 3362 ad
919 3288 1144 3382 propositum
1162 3285 1249 3360 dicit
1266 3292 1394 3381 poeta:
1412 3289 1570 3358 Beatrice
1582 3289 1629 3380 [θ’
1637 3277 1680 3376 sl,
1698 3284 1803 3379 idest,
1819 3285 1903 3360 lecit

726 3431 767 3486 se
801 3410 923 3503 talem,
959 3411 1043 3501 punt
1068 3410 1114 3502 [θ’
1132 3409 1309 3496 Damno,
1339 3406 1517 3501 propheta
1549 3426 1719 3502 magnus,
1752 3407 1901 3480 tonando

726 3531 1027 3605 Nolucodoaosor
1051 3530 1086 3601 d·
1099 3531 1171 3621 iro,
1206 3547 1281 3621 qua
1296 3516 1336 3618 θ)
1365 3535 1447 3601 erat
1476 3547 1654 3602 accensus
1685 3535 1812 3602 contra
1841 3547 1902 3600 sa·

725 3651 864 3747 pientes
889 3671 987 3743 suos,
1021 3652 1093 3740 cle,
1127 3648 1230 3742 ideot,
1255 3667 1341 3741 quae
1371 3648 1702 3742 ira,1’oveusctto
1732 3651 1920 3741 topiariu-¹

726 3780 836 3845 marte
848 3773 944 3865 scito,
967 3770 1068 3862 idest,
1087 3767 1256 3863 impium,
1275 3767 1456 3860 iniquum.
1479 3768 1523 3840 Et
1546 3768 1606 3843 iric
1630 3775 1717 3842 nota
1743 3767 1902 3862 qualiter

726 3893 936 3986 exemplum
964 3889 1120 3965 Danielis
1135 3890 1231 3963 bene
1252 3887 1337 3962 lacit
1354 3886 1401 3961 ad
1421 3887 1659 3982 propositum.
1678 3887 1780 3963 Siout
1800 3888 1900 3962 enim

725 4019 871 4086 sanctus
887 3999 923 4104 (⁸)
950 4010 1075 4085 Daniel
1105 4007 1279 4084 revelarit
1298 4008 1376 4103 regi
1395 4008 1481 4100 duo,
1502 4006 1639 4082 scilicet
1655 4008 1839 4082 somnium
1861 4015 1899 4083 et

724 4132 1074 4228 interpretationem,
1089 4151 1174 4225 quae
1187 4129 1378 4224 aequaliler
1392 4129 1487 4202 scire
1498 4127 1748 4223 desiDerabat3
1763 4129 1812 4203 ita
1831 4129 1898 4232 ista

726 4260 847 4328 sancta
874 4252 1021 4327 domina
1047 4271 1132 4344 quae
1158 4249 1258 4324 novit
1283 4256 1425 4324 secreta
1451 4248 1488 4322 in
1513 4247 1601 4342 Deo,
1623 4249 1801 4323 revelavit
1824 4247 1900 4322 (luo

725 4372 835 4449 dubia
860 4372 982 4448 autori
1008 4391 1093 4467 quae
1117 4369 1309 4465 equaliter
1333 4369 1527 4463 appetebat
1544 4367 1680 4462 quibus
1703 4367 1899 4464 perturba-

725 4494 836 4571 batur
861 4493 899 4567 in
925 4499 1059 4586 mente,
1078 4491 1173 4566 sicut
1195 4511 1259 4565 rer
1284 4489 1435 4583 iniuste3
1456 4494 1494 4564 et
1510 4488 1606 4562 sicut
1631 4508 1697 4562 rex
1725 4487 1819 4562 iacta
1842 4479 1903 4562 re-

725 4613 907 4690 velatione
933 4633 1081 4688 summe
1101 4611 1263 4686 laudavit
1279 4609 1479 4704 Danielem,
1496 4610 1559 4704 qni
1579 4616 1705 4704 postea
1725 4608 1902 4684 revelavit

724 4735 791 4808 sibi
817 4735 886 4810 alia
914 4734 1066 4827 somnia,
1088 4733 1136 4807 ita
1163 4734 1297 4806 Dantes
1323 4730 1418 4804 iacta
1437 4728 1683 4804 declaratione
1700 4727 1900 4803 dubiorum

790 4895 888 4902 --—-———
924 4895 973 4901 -—-
1000 4895 1009 4900 .

787 4965 814 5026 (¹)
830 4967 862 5018 E.
879 4966 929 5018 luit
945 4967 1015 5018 Deua
1029 4970 1118 5018 norter
1133 4969 1162 5016 et
1176 4964 1304 5015 Dominus
1319 4962 1395 5013 Jecur
1409 4960 1535 5019 Christus,
1552 4963 1604 5026 qut

699 5069 704 5084 ·
788 5039 818 5106 (¹)
834 5042 865 5092 li.
882 5056 991 5106 regnum
1008 5043 1113 5094 Domini
1128 5042 1211 5093 nostrl
1225 5041 1288 5089 loru
1303 5038 1398 5090 clarinti
1414 5045 1461 5089 ert.

789 5118 816 5180 (⁸)
832 5119 863 5170 E.
878 5120 940 5183 quin
955 5125 1012 5170 erat
1027 5131 1151 5170 accensus
1165 5119 1205 5168 lrn
1220 5123 1321 5168 contra.
1509 5115 1536 5176 (ι)
1551 5115 1583 5166 E.
1598 5115 1704 5180 m
1718 5115 1841 5168 mm
