4575 6842
739 881 813 947 mn
1131 891 1337 949 consensum
1362 892 1530 948 nnnsmsr

736 1038 834 1112 neus
859 1036 968 1134 elegit
994 1043 1194 1132 utramque
1221 1037 1318 1113 viam
1343 1057 1411 1133 pro
1438 1036 1593 1131 meliori,
1618 1037 1761 1113 dicens:
1788 1060 1849 1111 mo
1875 1043 1911 1113 ta

735 1159 856 1231 moino
881 1147 986 1231 noun
1011 1159 1071 1232 cte
1086 1160 1112 1233 't
1135 1161 1265 1234 mondo
1290 1160 1477 1253 imprento,
1501 1155 1604 1253 idest,
1626 1158 1799 1235 iniormat
1816 1164 1913 1234 tam·

735 1297 849 1372 qnam
875 1277 1030 1354 iormnle
1061 1279 1291 1375 principium,
1320 1281 1361 1374 fa
1392 1286 1551 1353 contento
1582 1281 1620 1353 di
1644 1283 1819 1373 proceder
1847 1302 1913 1372 per

735 1405 815 1474 tutte
840 1402 870 1472 te
894 1421 955 1473 sne
979 1402 1047 1492 oie,
1071 1399 1207 1475 scilicet
1226 1400 1406 1496 iustitiam
1425 1406 1462 1476 et
1480 1400 1768 1476 misericordiam
1793 1401 1912 1475 infini-

735 1526 823 1615 tam,
849 1542 874 1593 a
897 1523 1068 1595 mtenorni
1090 1542 1194 1616 saso;
1219 1526 1257 1595 et
1281 1540 1368 1595 ecce
1393 1540 1545 1595 causam
1572 1520 1761 1617 optimam,
1780 1518 1911 1615 percite

734 1643 863 1735 t'opra
888 1639 909 1715 e*
931 1647 1027 1715 tanto
1045 1636 1111 1733 piri
1134 1642 1293 1733 prodito,
1321 1640 1423 1734 idest,
1441 1639 1600 1715 habetur
1623 1640 1819 1737 gratiosior
1845 1642 1911 1716 ho-

736 1762 907 1856 minibus,
932 1764 1017 1836 dctt’
1029 1770 1209 1853 operante,
1235 1761 1337 1855 idest,
1363 1760 1411 1835 ab
1435 1769 1579 1859 agente,
1606 1758 1819 1859 montanici
1844 1782 1911 1855 op-

732 1890 909 1977 presentn,
937 1882 1041 1976 idest,
1066 1882 1305 1978 demonstrat,
1332 1885 1424 1957 detta
1449 1872 1554 1957 conto
1578 1884 1635 1956 det
1658 1904 1774 1979 cuore,
1802 1883 1908 1979 idest,

734 2003 859 2098 animi,
885 2006 1048 2077 ood’etto
1080 2000 1101 2077 e*
1129 2005 1252 2097 ascito,
1280 2004 1382 2098 idest,
1408 2024 1431 2079 a
1462 2024 1536 2098 quo
1562 2003 1748 2099 processit.
1778 2005 1823 2077 Et
1851 2005 1911 2079 hio

735 2129 821 2199 nota
847 2123 945 2218 qnod
971 2124 1000 2197 si
1026 2123 1110 2197 licet
1136 2143 1356 2219 comparare
1381 2125 1544 2199 humana
1569 2124 1699 2198 divinis
1725 2112 1911 2219 Galengus

632 2234 636 2240 ’
733 2252 861 2320 noster
886 2245 1029 2319 italicus
1055 2243 1280 2340 justissimus
1311 2245 1496 2341 legislator
1527 2245 1622 2319 hanc
1649 2244 1746 2319 viam
1774 2246 1908 2340 tennit3

734 2367 908 2461 qnoniam
932 2364 1147 2440 mirabiliter
1172 2370 1209 2440 et
1234 2364 1371 2460 pariter
1390 2386 1480 2439 usus
1500 2370 1557 2439 est
1570 2364 1711 2459 Justitia
1737 2371 1773 2440 et
1799 2366 1910 2440 mise-

735 2486 904 2580 ricordia,
929 2485 979 2561 ita
1004 2484 1103 2579 qnod
1131 2506 1203 2560 non
1230 2484 1378 2559 violavit
1397 2484 1576 2580 justitiam
1596 2489 1745 2580 propter
1766 2486 1910 2560 miseri-

733 2606 909 2700 cordiam,
924 2625 992 2680 nec
1010 2604 1297 2680 misericordiam
1317 2610 1465 2700 propter
1477 2603 1669 2700 justitiam.
1685 2605 1778 2680 Cum
1796 2605 1907 2698 enim,

733 2734 775 2801 ut
793 2734 919 2801 narrat
937 2726 1173 2823 philosophus
1192 2726 1312 2821 primo
1325 2725 1575 2820 Politicorum,
1589 2726 1769 2801 sanxisset
1789 2726 1908 2823 legem

734 2856 776 2923 ut
801 2848 947 2923 adulter
965 2853 1124 2942 utroque
1145 2847 1254 2921 oculo
1275 2846 1495 2942 privaretur,
1514 2846 1587 2921 nno
1605 2846 1752 2942 proprio
1771 2848 1834 2941 qui
1852 2847 1909 2921 in·

732 2969 871 3045 ciderat
896 2968 933 3042 in
959 2968 1090 3064 tegern,
1116 2987 1202 3042 cum
1234 2967 1296 3040 din
1327 2966 1364 3040 in
1400 2966 1522 3063 rigore
1556 2966 1789 3061 pertinaciter
1823 2988 1909 3063 per·
2003 2950 2006 2955 ’

734 3088 934 3183 mansisset,
951 3088 1098 3163 tandem
1117 3087 1282 3182 placatus
1299 3085 1469 3181 precibus
1486 3086 1654 3160 omnium
1673 3086 1770 3161 eruit
1788 3108 1906 3161 unum

731 3213 882 3286 oculum
908 3209 982 3283 filio
1006 3210 1164 3283 alterum
1191 3207 1279 3301 sibi3
1302 3207 1350 3280 ita
1376 3212 1536 3281 aeternus
1552 3206 1669 3303 judex
1682 3206 1907 3302 justissimus

731 3332 916 3429 legislator
940 3329 1003 3405 din
1030 3348 1161 3404 severe
1186 3327 1261 3425 egit
1286 3334 1413 3403 contra
1434 3348 1552 3424 genus
1569 3329 1776 3403 humanum
1801 3349 1907 3402 reum

732 3450 862 3526 mortis
887 3455 1036 3545 propter
1061 3454 1254 3544 peceatum
1281 3448 1389 3543 primi
1415 3448 1576 3543 parentis
1604 3470 1627 3523 a
1660 3448 1817 3523 muliere
1843 3449 1907 3523 de·

732 3571 844 3667 cepti3
871 3576 909 3645 et
926 3570 1082 3645 finaliter
1102 3569 1273 3665 precibus
1291 3568 1415 3643 multis
1427 3570 1616 3664 justorum
1638 3576 1676 3644 et
1692 3577 1906 3644 sanctorum

731 3700 879 3789 patrum
900 3712 988 3765 usus
1006 3697 1061 3765 est
1073 3689 1214 3785 justitia
1233 3696 1271 3764 et
1289 3690 1537 3765 misericordia
1551 3688 1683 3763 Filium
1701 3712 1811 3764 sunm
1836 3692 1906 3764 hu-

732 3811 904 3887 miliando
929 3811 976 3885 ad
1002 3810 1290 3885 incarnationem
1318 3816 1356 3885 et
1381 3810 1664 3906 passionem-
1678 3807 1739 3887 Nel
1761 3812 1825 3887 iiic
1848 3814 1908 3885 ui-

732 3932 822 4005 timo
847 3931 992 4007 Beatrix
1026 3929 1236 4028 magnificat
1267 3936 1305 4005 et
1337 3930 1589 4025 superextollit
1620 3931 1720 4006 hunc
1752 3930 1905 4005 modum

731 4051 932 4126 redimendi
953 4051 1183 4127 excludendo
1201 4069 1350 4124 omnem
1368 4050 1481 4123 aiinm
1502 4050 1665 4123 modum.
1685 4050 1775 4125 Dicit
1793 4072 1904 4149 ergo:

731 4169 786 4247 Ne*
807 4165 837 4246 si
864 4176 936 4247 otto
960 4194 980 4247 e
1003 4164 1034 4245 si
1058 4174 1245 4263 moynifico
1270 4191 1448 4263 processo,
1472 4191 1560 4246 cum
1587 4177 1686 4245 tanta
1713 4172 1903 4270 magnani-

731 4294 858 4369 mitate
882 4301 920 4368 et
945 4292 1174 4386 iiberalitate,
1192 4296 1247 4388 sn,
1265 4292 1310 4367 de
1328 4292 1524 4386 praeterito,
1543 4292 1679 4366 scilicet
1700 4312 1765 4387 per
1786 4300 1904 4369 totum

729 4419 875 4509 tempus
900 4412 991 4510 legis
1017 4419 1159 4487 naturae
1185 4418 1223 4485 et
1248 4411 1338 4508 legis
1364 4411 1569 4506 scripturae,
1587 4433 1608 4485 o
1622 4414 1680 4505 βε,
1701 4412 1848 4508 scilicet,
1868 4414 1905 4488 in

731 4533 856 4608 sutoro
881 4553 947 4629 per
973 4539 1094 4607 totum
1120 4539 1265 4627 tempus
1285 4532 1426 4628 gratiae,
1444 4554 1466 4605 o
1478 4554 1547 4626 per
1568 4534 1671 4607 torm
1696 4555 1718 4606 o
1738 4537 1907 4625 pertol-

730 4659 799 4745 trn,
829 4653 931 4749 idest,
958 4673 1024 4749 per
1049 4652 1148 4727 viam
1169 4652 1320 4748 justitiae
1344 4654 1404 4727 vei
1436 4652 1705 4747 misericordiae,
1732 4660 1789 4726 tro
1816 4658 1907 4728 t'al-

731 4775 816 4846 timc
835 4781 939 4865 nolte,
958 4774 994 4847 in
1008 4768 1046 4866 (¹)
1065 4773 1175 4847 tinem
1197 4771 1337 4866 mnndi,
1354 4794 1373 4846 e
1388 4775 1416 4846 tt
1427 4775 1545 4865 pmmo
1562 4775 1631 4867 dte,
1651 4772 1752 4868 idest,
1772 4774 1904 4869 princi-

732 5047 734 5052 ·
793 5036 820 5099 (¹)
836 5036 867 5085 B.
883 5050 898 5085 e
915 5042 938 5098 t,
955 5036 1020 5088 idest
1036 5036 1124 5089 finem
