4575 6842
719 963 858 1047 caurus
882 992 1073 1047 mensurus
1097 992 1264 1059 oumrus.
1509 981 1577 1047 107

406 1133 493 1209 fato.
518 1133 646 1210 Clotho
664 1155 755 1230 ergo
770 1133 903 1209 dicitur
919 1143 1069 1232 portare
1086 1137 1211 1210 coium
1231 1157 1317 1210 cum
1335 1137 1409 1212 lino
1429 1145 1578 1233 propter

405 1261 610 1330 tortuosam
637 1255 905 1331 revolutionem
923 1276 998 1350 qua
1018 1256 1238 1351 proveniunt
1256 1276 1300 1332 ea
1318 1278 1402 1352 quae
1422 1257 1579 1332 diversae

406 1383 551 1451 naturae
570 1382 693 1450 motus
713 1375 895 1470 importat.
922 1376 1091 1451 Lachesis
1107 1376 1240 1450 dicitur
1258 1377 1361 1471 quasi
1379 1378 1506 1451 sortita
1523 1376 1579 1450 oi-

406 1496 530 1571 ficium
543 1488 594 1589 (¹),
612 1501 654 1568 ut
670 1495 794 1569 omnia
810 1515 922 1589 opera
940 1503 979 1570 et
996 1494 1148 1571 effectus
1168 1496 1359 1592 suscipiat:
1377 1495 1459 1571 ideo
1484 1497 1579 1572 bene

405 1615 543 1690 inducit
575 1615 679 1690 titum
711 1616 748 1689 in
776 1615 927 1690 susum:
954 1620 1109 1711 Atropos
1142 1616 1329 1712 abrumpit
1362 1615 1465 1689 titum
1497 1622 1579 1711 post

407 1737 507 1832 quod
531 1756 605 1811 non
629 1741 685 1810 est
709 1736 799 1810 dare
823 1756 1048 1832 regressum.
1066 1736 1291 1811 Adveniente
1313 1736 1424 1832 igitur
1442 1735 1579 1831 Atropo

406 1857 466 1932 illa
483 1857 592 1950 alme,
609 1860 736 1930 sotoesv‘
751 1859 851 1930 doda
866 1877 989 1951 omne,
1008 1877 1096 1931 cum
1115 1877 1189 1951 qua
1206 1856 1326 1951 primo
1346 1861 1427 1932 erat
1453 1857 1575 1952 ligata,

405 1984 439 2052 ct
459 1980 499 2051 in
518 1981 655 2069 virtute
672 1977 774 2071 idest,
793 1977 830 2051 in
847 1976 1008 2072 potentia
1025 1996 1105 2071 sua,
1123 1997 1167 2050 ne
1180 1983 1287 2069 porta
1306 1979 1576 2067 :ceetomone

406 2095 552 2190 seilicet,
577 2096 823 2193 vegetativam
851 2105 888 2172 et
912 2097 1136 2188 sensitivam,
1156 2099 1217 2170 e't
1240 2099 1371 2189 divino,
1390 2096 1492 2191 idest,
1516 2117 1578 2172 ra-

405 2215 578 2291 tionalem
604 2217 778 2310 animam,
801 2237 886 2309 quae
911 2222 967 2292 est
991 2215 1079 2311 quid
1104 2215 1269 2291 divinum
1296 2221 1333 2290 et
1357 2237 1380 2290 a
1405 2216 1482 2290 Deo
1512 2215 1579 2291 da·

406 2342 498 2410 tum.
511 2375 561 2390 -
572 2338 611 2408 ι’
623 2339 724 2410 attre.
746 2336 811 2411 Hic
830 2337 966 2411 Statius
986 2335 1143 2411 ostendit
1160 2335 1247 2430 quid
1264 2336 1387 2411 anima
1409 2342 1577 2430 separata

405 2455 562 2531 retineat
586 2475 727 2550 secum,
744 2462 783 2530 et
803 2455 889 2551 quid
908 2476 992 2530 non.
1010 2457 1055 2532 Et
1073 2454 1120 2530 ad
1140 2455 1410 2552 intelligendam
1431 2457 1576 2530 literam

406 2582 462 2650 est
486 2575 607 2671 primo
632 2575 848 2670 notandum,
865 2562 965 2671 quod
984 2575 1233 2671 potentiarum
1255 2575 1388 2670 animae
1406 2575 1576 2669 quvedam

406 2704 492 2771 sunt
508 2696 667 2792 propriae
687 2697 872 2794 passiones
887 2696 966 2771 sine
981 2716 1148 2791 corpore,
1167 2695 1260 2770 sicut
1276 2695 1492 2790 intellectus,
1511 2716 1578 2769 vo-

405 2818 538 2911 luntas,
565 2824 602 2892 et
627 2819 721 2892 ratio
728 2841 739 2910 ;
765 2817 836 2892 alia
861 2815 1062 2892 accidentia
1090 2822 1176 2890 sunt
1206 2815 1417 2891 communia
1447 2815 1579 2889 sibiet

405 2938 571 3032 corpori:
597 2943 634 3012 et
657 2937 812 3012 istorum
838 2936 1080 3012 accidentium
1110 2936 1233 3031 aliqua
1259 2936 1377 3032 passio
1407 2946 1463 3012 est
1492 2955 1577 3030 quae

403 3057 526 3152 incipit
551 3057 599 3131 ab
623 3056 747 3131 anima
772 3063 810 3131 et
834 3055 1004 3150 expletur
1029 3076 1265 3151 percorpus,
1295 3055 1389 3130 sicut
1414 3055 1514 3130 visus
1539 3061 1577 3130 et

403 3177 563 3273 auditus,
587 3183 625 3254 et
648 3177 767 3252 omnis
791 3197 920 3252 sensus
937 3183 974 3252 et
993 3177 1192 3273 vegetatio:
1218 3177 1290 3253 alia
1310 3177 1434 3273 incipit
1453 3198 1475 3252 a
1492 3197 1577 3253 eor-

403 3317 494 3391 pore
519 3304 555 3372 et
581 3297 762 3372 redundat
785 3296 833 3371 ad
856 3297 1033 3387 animam,
1051 3302 1093 3370 ut
1109 3317 1261 3370 somnus
1282 3303 1319 3372 et
1340 3297 1577 3393 vigiliaque

403 3415 526 3512 incipit
550 3416 598 3492 ab
623 3417 884 3512 evaporatione
907 3416 990 3508 cibi,
1008 3424 1046 3492 et
1062 3416 1221 3492 efficitur
1242 3415 1497 3512 ligamentum,
1515 3418 1573 3492 vei

404 3535 536 3611 solutio
564 3537 742 3612 virtutum
767 3536 918 3631 animae:
945 3543 981 3610 et
1006 3557 1136 3611 omnes
1155 3538 1242 3612 tales
1260 3536 1445 3632 passiones
1470 3559 1574 3612 com-

404 3675 536 3731 munes
561 3662 786 3732 evanescunt
811 3677 897 3731 cum
924 3655 965 3730 fit
988 3655 1170 3751 separatio
1189 3655 1323 3730 animae
1348 3675 1371 3730 a
1397 3677 1572 3752 eorpore3

402 3774 531 3870 primae
557 3796 647 3851 vero
673 3797 758 3871 quae
781 3783 868 3850 sunt
894 3776 1050 3871 propriae
1071 3775 1164 3849 fiunt
1184 3776 1373 3851 liberiores
1391 3779 1520 3853 soluta
1534 3769 1572 3870 (¹)

402 3897 590 3993 ergastulo
621 3896 862 3972 amarissimae
893 3896 1090 3972 servitutis.
1116 3896 1209 3970 Dicit
1244 3916 1335 3993 ergo
1359 3897 1511 3972 Statius:
1537 3905 1575 3974 et

402 4016 462 4090 iila
487 4017 612 4092 anima
637 4018 813 4092 recedens
837 4038 861 4092 a
886 4036 1042 4111 corpore
1071 4021 1192 4111 portat
1218 4035 1357 4110 secum,
1390 4020 1573 4108 memmio,

402 4143 440 4212 et
464 4138 627 4234 loquitur
652 4139 788 4213 Statius
813 4137 871 4212 hic
894 4157 983 4212 sane
1006 4143 1198 4231 tamquam
1216 4143 1322 4230 poeta
1341 4137 1571 4232 christianus,

402 4277 477 4332 non
500 4263 694 4353 tamquam
723 4258 958 4354 philosophus
987 4277 1174 4354 paganus3
1200 4277 1284 4332 nam
1316 4255 1362 4332 de
1393 4257 1572 4333 memoria

403 4399 477 4452 non
501 4379 648 4454 videtur
673 4399 818 4473 verum,
845 4377 932 4472 quia
957 4384 1013 4452 est
1033 4377 1150 4451 virtus
1175 4376 1349 4473 organica
1374 4377 1574 4452 consistens

402 4497 441 4572 in
466 4499 659 4594 posteriori
683 4499 816 4575 cellula
840 4497 1004 4592 cerebri3
1030 4497 1095 4572 sed
1119 4497 1324 4572 secundum
1342 4495 1450 4572 tidem
1477 4498 1573 4572 bene

402 4618 508 4713 dicit:
533 4622 779 4712 noviome,
803 4617 908 4713 idest,
933 4618 1158 4693 intellectum
1185 4625 1223 4694 et
1248 4618 1439 4711 rationem,
1465 4639 1484 4690 c
1509 4639 1572 4692 oo-

401 4746 544 4833 tusae,
562 4762 645 4837 quae
671 4747 726 4816 est
750 4759 897 4835 semper
922 4739 1048 4833 libera,
1065 4742 1171 4813 modo
1186 4734 1247 4832 piri
1267 4746 1378 4830 mute,
1395 4739 1498 4832 idest,
1516 4738 1574 4812 in·

403 4849 580 4940 tensiones
605 4868 642 4938 et
667 4861 972 4953 vehementiores,
998 4861 1057 4932 cte
1083 4863 1217 4953 pomo,
1242 4865 1392 4957 propter
1419 4858 1572 4956 impedi·

465 5127 493 5191 Ρ)
508 5131 563 5189 117,
579 5125 710 5178 enectum.
958 5122 986 5188 (’)
1002 5124 1034 5176 E.
1049 5124 1145 5176 soluto.
