4575 6842
697 955 746 1026 dl
1058 966 1266 1024 cnunnnuu
1291 968 1511 1024 uunnnrnnu

645 1187 647 1193 ,
696 1111 858 1188 Paradisi
882 1111 1042 1207 capitulo
1068 1113 1192 1188 XXVI.
1218 1113 1263 1188 Et
1287 1113 1391 1189 dicit:
1424 1105 1456 1186 si
1486 1119 1545 1188 tra
1574 1116 1606 1187 le
1632 1115 1775 1207 [ruscha
1798 1135 1874 1190 uua

695 1255 736 1308 cu
761 1235 815 1306 cti
838 1235 972 1328 diacum
1007 1234 1112 1328 quasi
1137 1234 1251 1310 dicat:
1277 1234 1475 1310 audiebam
1500 1253 1643 1331 recem,
1663 1230 1781 1329 sed(¹)
1800 1257 1876 1312 nen

695 1353 890 1432 dicentem.
905 1353 1030 1429 Simile
1047 1354 1135 1430 dixit
1152 1355 1199 1430 de
1216 1375 1309 1431 voce
1325 1354 1454 1450 primae
1470 1355 1626 1451 arboris,
1640 1357 1739 1451 quud
1754 1349 1794 1450 (¹)
1814 1377 1876 1432 re·

696 1475 871 1570 spiciebat
896 1474 934 1549 in
959 1495 1097 1550 vanum
1114 1475 1198 1568 quis
1214 1481 1312 1550 esset
1328 1481 1439 1550 autor
1456 1476 1567 1570 vocis,
1585 1475 1650 1550 sed
1665 1483 1874 1571 paruerunt

696 1601 823 1671 sencio
848 1594 978 1670 edicte.
995 1594 1098 1670 Unde
1114 1594 1219 1670 dicit:
1231 1591 1362 1701 pache*
1389 1597 1545 1686 Vindia,
1562 1599 1684 1670 stazto
1699 1603 1734 1670 ct
1755 1600 1790 1670 io
1815 1599 1871 1670 ri-

694 1718 818 1807 strefti,
843 1714 890 1790 ad
915 1714 1125 1811 fugiendam
1151 1714 1365 1810 amplissimi
1381 1715 1520 1790 ventris
1537 1715 1766 1812 veraginem,
1783 1721 1874 1792 oltra

695 1839 877 1910 abducam
914 1838 978 1909 dul
1012 1839 1083 1908 fato
1120 1837 1182 1909 chc
1214 1837 1248 1908 si
1283 1839 1381 1927 keu,
1413 1834 1525 1930 idest,
1558 1835 1739 1931 ascendit,
1765 1837 1871 1932 quasi

695 1958 803 2052 dicat,
833 1958 941 2052 juxta
967 1956 1084 2052 ripam
1110 1957 1223 2031 altam
1249 1956 1394 2050 montis,
1419 1956 1507 2050 quia
1532 1955 1768 2033 adherebant
1793 1958 1871 2032 rir-

695 2078 1027 2152 tuti-nicordtct.
1052 2076 1118 2152 llic
1144 2082 1251 2172 poeta
1277 2077 1378 2173 punit
1401 2076 1601 2152 secundam
1628 2097 1758 2152 vocem
1784 2098 1869 2172 qum

695 2197 802 2273 ducet
832 2197 1031 2272 refraenare
1062 2197 1203 2292 gulam,
1237 2217 1450 2272 memorans
1481 2197 1678 2272 damnosus
1718 2196 1871 2272 effectus

695 2318 800 2412 eius;
827 2322 864 2392 et
889 2315 1009 2411 primu
1033 2338 1102 2413 per
1127 2317 1341 2413 exemplum
1367 2317 1652 2394 Centaurorum.
1684 2316 1738 2391 dd
1762 2317 1871 2392 cuius

695 2437 972 2534 intelligentiam
1009 2443 1064 2512 est
1097 2436 1287 2512 sciendum
1323 2436 1541 2512 brevissime
1577 2437 1676 2531 quud
1710 2437 1871 2512 Theseus

695 2556 919 2633 clarissimus
944 2556 1020 2630 dux
1045 2555 1288 2651 Athenarum,
1306 2557 1411 2651 quasi
1427 2557 1521 2631 alter
1541 2558 1718 2633 Hercules
1738 2556 1776 2630 in
1795 2556 1871 2632 vir-

696 2685 776 2754 tute
801 2678 1031 2772 fortitudinis,
1049 2678 1139 2753 dum
1161 2697 1322 2772 praesens
1342 2682 1441 2752 esset
1459 2677 1595 2772 nuptiis
1611 2677 1760 2752 Pirithoi
1777 2677 1871 2751 ami-

695 2801 829 2876 cissimi
853 2799 940 2874 socii
967 2799 1036 2894 sui,
1054 2806 1091 2874 et
1111 2798 1286 2874 Centauri
1310 2798 1473 2874 calefacti
1498 2798 1581 2874 cibo
1598 2805 1635 2874 et
1657 2798 1742 2874 vino
1757 2818 1869 2893 spun-

695 2942 774 2996 sam
812 2919 972 3016 superbe
1012 2939 1144 3014 rapere
1174 2925 1411 3013 conarentur,
1444 2939 1580 3014 magno
1618 2919 1761 3013 labere,
1802 2918 1870 2994 sed

695 3041 860 3116 maxime
884 3042 1026 3115 honore
1051 3039 1203 3114 feliciter
1227 3039 1435 3134 superavit:
1461 3041 1556 3114 hanc
1574 3061 1737 3136 pugnam
1758 3041 1865 3135 juce-

694 3183 773 3237 sam
787 3152 824 3253 (³)
852 3159 983 3235 diffuse
1000 3158 1124 3234 scribit
1140 3158 1290 3234 Ovidius
1306 3159 1344 3232 in
1360 3158 1501 3234 maiori.
1524 3159 1585 3233 lsti
1603 3159 1753 3254 quidem
1771 3161 1866 3235 Cen·

694 3282 793 3356 tauri
810 3302 878 3377 pro
900 3286 1004 3377 parte
1021 3280 1199 3375 homines,
1216 3300 1284 3375 pro
1301 3286 1407 3375 parte
1422 3280 1510 3374 equi
1525 3287 1613 3355 sunt
1635 3280 1868 3376 stipendiarii,

694 3407 795 3477 recte
820 3399 955 3476 similes
981 3400 1085 3494 equis
1116 3399 1191 3473 suis
1217 3400 1383 3474 moribus
1412 3405 1449 3474 et
1479 3399 1572 3495 vita3
1598 3400 1741 3475 nullum
1768 3402 1867 3476 euim

694 3522 831 3598 animal
865 3528 921 3596 est
958 3519 1144 3613 humilius
1183 3521 1327 3595 nullum
1362 3521 1558 3615 superbius
1591 3522 1740 3597 domino
1773 3543 1867 3597 suo:

694 3663 814 3736 equus
845 3640 943 3716 enim
977 3646 1076 3715 muta
1104 3639 1316 3715 fortitudine
1346 3647 1383 3716 et
1412 3641 1605 3717 velocitate
1640 3642 1766 3738 rigens
1800 3663 1868 3738 pru

694 3763 755 3840 vili
781 3762 863 3837 cibo
887 3761 966 3860 uult
986 3760 1247 3856 bertefredus,
1266 3761 1422 3856 domari,
1442 3762 1559 3860 ligari,
1580 3763 1681 3839 ferre
1707 3763 1867 3857 fraenari,

693 3881 850 3975 calciari,
875 3886 1062 3956 armatum
1088 3880 1252 3975 equitem
1283 3882 1393 3974 ferre,
1424 3883 1569 3958 stabulo
1598 3883 1803 3978 carcerari;
1829 3891 1867 3960 et

693 4011 817 4080 tamen
843 4022 917 4077 non
941 4002 1035 4078 sicut
1060 4022 1204 4096 servus,
1228 3989 1344 4095 sedl‘)
1370 4003 1553 4100 deminus,
1579 4004 1691 4079 bustis
1716 4011 1754 4079 et
1786 4005 1867 4080 inu-

691 4124 841 4200 bediens
866 4122 1015 4198 dominu
1034 4144 1122 4199 suu:
1141 4122 1242 4198 unde
1257 4123 1305 4198 de
1320 4144 1419 4218 equo
1436 4123 1506 4199 dici
1523 4132 1641 4221 petest
1659 4126 1749 4199 illud
1766 4124 1866 4218 quod

691 4245 888 4340 quaesitum
914 4251 969 4319 est
993 4244 1039 4319 de
1064 4245 1160 4318 lulio
1185 4245 1342 4340 (lesere,
1368 4245 1514 4341 scilicet,
1540 4268 1590 4321 an
1615 4246 1726 4322 fuerit
1750 4267 1864 4341 expe-

690 4365 793 4441 diens
826 4371 955 4440 ventos
989 4363 1089 4459 flare,
1115 4370 1154 4439 et
1186 4364 1370 4440 Caesarem
1405 4367 1515 4440 nasci.
1549 4366 1604 4442 dd
1638 4367 1865 4462 propesitum

691 4505 784 4582 ergo
809 4485 968 4560 ebrietas
993 4485 1198 4560 Centauros
1214 4484 1429 4561 fortissimus
1450 4479 1596 4561 tradidit
1612 4487 1751 4562 theseo
1777 4486 1866 4562 faci·

690 4605 775 4680 liter
800 4606 1036 4701 superandos.
1062 4605 1156 4680 Dicit
1181 4625 1271 4701 ergo
1298 4613 1426 4701 poeta:
1451 4615 1490 4682 et
1513 4608 1574 4682 illa
1600 4628 1674 4682 vox
1701 4606 1865 4683 dicebat:

691 4729 883 4819 Ricordici,
901 4747 924 4801 0
940 4726 1050 4802 amici
1068 4725 1179 4823 gulae,
1196 4731 1384 4801 amatores
1401 4726 1487 4821 riui,
1504 4730 1558 4802 dc
1570 4729 1755 4819 mulcdctfi,
1772 4727 1867 4802 Geu-

692 4846 819 4941 tauris,
842 4851 989 4943 formati
1015 4849 1072 4920 aci
1098 4849 1240 4941 auco&
1265 4848 1336 4922 huc
1363 4847 1449 4922 dicit
1473 4848 1561 4941 quia
1594 4847 1767 4922 Centauri
1796 4847 1866 4921 fin-

753 5031 779 5092 (¹)
797 5036 851 5092 117,
867 5031 912 5081 seu
928 5045 980 5082 non
996 5031 1115 5083 suetam
1130 5031 1269 5082 usoenem.
1363 5029 1392 5093 ρ)
1407 5030 1438 5081 n.
1455 5030 1556 5082 uuus
1569 5006 1640 5096 quen
1656 5029 1816 5095 muamus

707 5157 718 5171 ,
754 5104 780 5171 (⁸)
797 5107 829 5158 Ε.
841 5107 931 5171 jecnss
947 5108 1070 5159 describit
1084 5107 1198 5160 Oridina.
1363 5106 1391 5170 (⁸)
1406 5106 1439 5160 ll.
1453 5108 1500 5160 aad
1514 5108 1584 5160 dent
1598 5108 1728 5159 dominu.
