4575 6842
827 946 966 1003 mneos
990 946 1157 1013 pompos.
1505 937 1576 1004 lor

402 1100 505 1166 ctum
528 1098 618 1168 erat.
637 1093 731 1168 Nota
748 1092 859 1168 etiam
877 1091 976 1186 quod
994 1093 1091 1189 Papa
1116 1099 1235 1189 potest
1259 1094 1383 1171 omnia
1409 1100 1448 1171 et
1472 1116 1578 1192 qum·
1669 1178 1673 1184 ,

403 1210 490 1286 rlam
517 1212 598 1286 alia.
761 1233 763 1236 ·
1178 1289 1183 1298 ,
1368 1217 1371 1224 “
1507 1220 1510 1227 ·

479 1338 560 1408 Non
582 1335 780 1426 prensam.
807 1333 878 1407 Ista
903 1338 959 1407 est
985 1331 1092 1407 tertia
1117 1351 1203 1426 pars
1227 1334 1410 1429 generalis
1434 1334 1472 1408 in
1502 1356 1578 1429 qua

404 1454 550 1529 Beatrix
576 1453 640 1528 dat
661 1474 779 1527 unum
796 1452 977 1548 optimum
994 1452 1273 1546 documentum,
1291 1453 1494 1530 admonens
1511 1477 1581 1531 nos

405 1595 453 1650 ne
476 1574 591 1648 simus
617 1572 733 1648 lestioi
763 1573 823 1647 rel
853 1571 1046 1668 improvidi
1076 1571 1176 1647 circa
1209 1577 1338 1646 votum
1370 1573 1578 1650 laciendum

405 1692 536 1788 duplici
563 1694 743 1787 exemplo.
771 1690 824 1766 Ad
850 1690 957 1787 primi
982 1690 1258 1788 intelligentiam
1291 1697 1347 1766 est
1376 1691 1578 1788 sciendum,

406 1814 505 1910 quod
525 1813 619 1891 siout
635 1819 735 1909 patet
751 1813 844 1888 libro
862 1813 1045 1906 lodicum,
1064 1811 1220 1907 populos
1237 1812 1349 1887 lsrael
1368 1813 1415 1888 ad
1432 1818 1580 1908 tempus

404 1933 473 2008 luit
503 1933 731 2030 gubernatus
761 1953 827 2028 per
856 1932 1000 2028 jndices
1016 1924 1054 2025 (¹)
1086 1938 1249 2026 quatuor
1279 1939 1478 2026 antequam
1512 1953 1580 2029 per

405 2073 523 2152 reges.
549 2054 647 2128 lnter
671 2051 762 2128 alios
786 2058 913 2128 autern
939 2051 1014 2161 luit
1028 2073 1125 2126 onus
1144 2058 1299 2127 vocatus
1322 2051 1399 2126 Jair
1422 2053 1471 2128 ‹le
1489 2051 1581 2126 eivi-

405 2179 480 2249 tate
505 2171 652 2267 Galaad,
670 2171 734 2266 qui
754 2171 881 2246 habuit
901 2171 1049 2268 triginta
1067 2171 1160 2247 tilios
1184 2191 1233 2247 en
1258 2185 1389 2266 uxore,
1407 2179 1445 2246 et
1461 2173 1576 2248 alium

405 2315 451 2370 ex
465 2293 661 2369 meretrice
673 2292 822 2368 nomine
835 2292 1001 2388 lephthe,
1017 2311 1129 2386 quem
1144 2291 1278 2367 iratres
1290 2293 1479 2368 eiecerunt
1492 2292 1581 2388 quia

404 2435 478 2490 non
499 2421 579 2490 erat
604 2414 807 2510 legitimus3
826 2413 885 2488 vel
903 2412 1039 2506 verius,
1057 2412 1145 2506 quia
1170 2412 1348 2488 timebant
1372 2433 1474 2507 eum,
1492 2434 1580 2488 cum

404 2542 500 2610 esset
525 2535 581 2611 vir
606 2533 825 2608 fortissimus
850 2539 886 2609 et
919 2540 1114 2630 pugnator,
1141 2533 1206 2627 qui
1235 2533 1473 2630 congregavit
1499 2554 1580 2608 ma·
1666 2581 1669 2584 ι

405 2675 515 2752 gnam
548 2654 696 2728 turbam
731 2673 937 2749 pauperum
973 2659 1010 2728 et
1041 2654 1238 2728 latronum.
1273 2655 1418 2729 Mortuo
1451 2661 1578 2729 autem

406 2781 510 2871 patre
527 2775 588 2850 tilii
604 2775 727 2868 lsrael,
745 2780 893 2868 propter
911 2793 1007 2848 nova
1027 2780 1177 2867 peccata
1193 2773 1383 2866 idolatriae,
1400 2793 1487 2848 com
1504 2793 1579 2849 non

401 2901 553 2991 possent
569 2894 740 2970 resistere
756 2893 974 2968 adversariis
991 2893 1186 2989 elegerunt
1202 2892 1357 2987 lephthe
1377 2893 1577 2989 principem

406 3034 551 3090 eorum.
566 3014 719 3109 lephtlre
731 3033 821 3109 ergo
839 3013 958 3086 iturus
976 3021 1103 3088 eontra
1117 3014 1239 3088 hostes
1255 3013 1340 3088 lecit
1356 3020 1486 3088 votum
1503 3015 1578 3088 llo·

406 3135 507 3208 mino
533 3134 630 3229 quod
656 3133 687 3206 si
711 3132 893 3208 obtineret
918 3132 1120 3226 victoriam,
1147 3133 1185 3207 in
1211 3133 1329 3208 redito
1355 3133 1494 3209 laceret
1520 3154 1581 3208 sa-

375 3309 380 3318 -
406 3255 586 3331 orificium
617 3254 664 3329 de
693 3274 739 3329 eo
768 3253 869 3347 quod
900 3261 1115 3329 occurreret
1139 3253 1207 3328 sibi
1240 3254 1279 3328 in
1309 3259 1414 3349 porta
1445 3254 1580 3329 domos

406 3398 494 3452 suae.
509 3376 662 3470 leplrtlre
679 3393 770 3471 ergo
783 3373 900 3448 victor
918 3374 1079 3449 hostiurn
1097 3395 1259 3468 quorum
1274 3373 1400 3470 viginti
1415 3374 1581 3450 civitates

406 3502 636 3593 oppresserat
661 3515 708 3570 ex
735 3493 815 3568 filiis
839 3492 959 3567 Arnon
984 3513 1070 3568 oum
1098 3494 1235 3570 rediret
1262 3515 1349 3569 com
1379 3483 1598 3590 triumpho,¹

406 3616 568 3692 oecurrit
593 3615 713 3710 primo
738 3614 804 3690 sibi
832 3614 1018 3710 unigenita
1046 3612 1117 3688 tilia
1148 3634 1236 3688 oum
1267 3635 1359 3689 sono
1389 3620 1426 3689 et
1457 3620 1579 3688 cantu.

405 3738 486 3826 Qua
512 3735 588 3810 visa
613 3734 728 3809 doluit
746 3733 872 3827 nimis3
890 3733 954 3808 sed
970 3733 1092 3827 puella
1109 3752 1184 3806 non
1201 3733 1385 3809 recusavit
1401 3732 1481 3808 lieri
1499 3733 1578 3809 vie*

407 3858 517 3951 tima;
542 3855 644 3952 petiit
670 3862 794 3928 tamen
815 3860 856 3927 ut
872 3853 1018 3926 duobos
1039 3852 1227 3928 mensibus
1248 3854 1319 3928 iret
1343 3873 1411 3949 per
1437 3859 1581 3928 montes

406 3976 630 4074 deplorando
643 3995 749 4048 suam
766 3973 1008 4069 virginitatem
1020 3996 1029 4065 ;
1043 3994 1120 4067 quo
1140 3973 1237 4049 laeto
1250 3981 1355 4070 pater
1374 3974 1580 4049 immolavit

408 4119 502 4174 eam.
521 4098 565 4170 Et
584 4095 737 4191 lephtlre
752 4093 930 4189 iudicavit
946 4093 1056 4168 lsrael
1077 4113 1143 4168 sex
1164 4094 1280 4168 annis.
1297 4095 1402 4168 Nono
1421 4094 1468 4168 ad
1495 4093 1577 4168 lite·

408 4239 489 4295 ram
506 4217 591 4293 dicit
607 4214 774 4292 Beatrix:
793 4219 873 4288 Non
887 4216 1074 4307 preodono
1098 4217 1113 4287 i
1137 4216 1280 4288 mortali
1298 4215 1327 4288 tt
1341 4220 1422 4286 voto
1437 4233 1463 4284 o
1479 4215 1579 4286 don-

407 4341 476 4432 eto,
495 4338 598 4431 idest,
616 4357 683 4431 pro
701 4335 823 4428 trulla,
841 4335 929 4429 quia
945 4341 1001 4410 est
1019 4355 1078 4410 res
1094 4334 1232 4430 gravis,
1250 4334 1345 4408 imo:
1362 4337 1448 4408 stote
1461 4334 1579 4429 fedeli,

409 4477 474 4532 vos
499 4456 678 4549 homines,
703 4460 737 4527 et
759 4475 783 4526 o
807 4446 861 4527 oiri
883 4458 947 4548 sor
971 4475 1043 4528 non
1064 4455 1160 4545 ooo,
1178 4453 1279 4548 idest,
1298 4455 1490 4550 simplices,
1508 4454 1581 4527 im·

407 4575 561 4674 providi,
577 4596 673 4649 come
685 4578 727 4668 fu
741 4579 829 4668 leste
845 4576 919 4647 ailo
933 4595 998 4648 suo
1013 4577 1133 4667 primo
1150 4578 1305 4666 mocio,
1318 4575 1422 4668 idest,
1440 4574 1591 4670 primo-⁴

407 4697 539 4797 genltae
569 4697 663 4788 tiliae,
698 4715 784 4770 curn
816 4699 960 4769 careret
990 4695 1091 4769 omni
1120 4695 1192 4770 alia
1222 4695 1345 4791 prole;
1375 4699 1431 4769 eoi
1460 4691 1582 4788 piiss·

407 4821 577 4895 mnemia
600 4819 717 4890 dion:
743 4816 817 4887 moi
836 4817 917 4907 sect,
948 4813 1049 4907 idest,
1080 4814 1241 4916 peccavi,
1270 4814 1368 4889 male
1400 4815 1579 4908 vovendo,
1696 4799 1701 4808 ’

472 5081 499 5143 (¹)
515 5086 538 5138 t.
552 5076 660 5144 judiees,
676 5083 704 5130 et
719 5083 867 5144 antequam.
