4575 6842
692 945 739 1014 tt
1048 963 1252 1019 cousmun
1276 965 1494 1021 runcsroun

537 1113 541 1120 '
685 1111 749 1200 poi
765 1111 930 1200 parendo
956 1117 1052 1184 tanto
1075 1114 1182 1201 santi,
1208 1111 1255 1185 illi
1288 1110 1538 1206 predicantes,
1558 1111 1631 1200 che,
1655 1131 1766 1182 senza
1789 1113 1862 1184 mio

688 1231 864 1319 luqmmur
894 1251 968 1304 non
994 1235 1057 1325 sur
1086 1235 1143 1304 lor
1168 1235 1294 1324 plant,
1328 1251 1375 1306 ex
1406 1229 1658 1324 compassione
1686 1231 1861 1305 innocen·

688 1354 780 1443 turn,
806 1353 948 1442 quando
966 1355 1155 1425 Domizicn
1176 1355 1202 1426 ls‘
1214 1358 1437 1444 persequens.
1458 1351 1686 1423 Domitianus
1711 1351 1861 1443 quidem

688 1475 769 1564 post
793 1469 976 1546 Neronem
992 1465 1027 1564 (¹)
1056 1472 1349 1566 persecutionem
1371 1471 1455 1546 lecit
1479 1471 1516 1544 in
1542 1470 1767 1565 christianos,
1786 1471 1860 1544 imo

689 1589 885 1663 intantum
906 1591 1072 1687 llagravit
1093 1590 1176 1666 odio
1194 1591 1335 1684 Christi,
1352 1591 1463 1684 quod,
1481 1597 1574 1665 teste
1594 1590 1758 1684 Horosio,
1777 1590 1860 1665 iecit

690 1709 880 1806 diligenter
906 1713 1039 1806 inquiri
1065 1699 1110 1787 de
1131 1712 1263 1808 judaeis
1288 1711 1334 1786 de
1357 1712 1468 1807 stirpe
1488 1711 1614 1806 David,
1631 1718 1673 1784 ut
1690 1711 1861 1807 perderet

691 1851 755 1904 eos
780 1831 827 1906 de
851 1838 962 1928 terra,
981 1833 1066 1927 quia
1084 1833 1275 1908 audiverat
1291 1832 1476 1906 Christum
1496 1837 1623 1906 natum
1650 1833 1696 1906 de
1720 1832 1860 1906 semine

691 1953 815 2027 David.
842 1955 885 2026 Et
909 1953 1039 2048 subdit,
1058 1955 1158 2048 quod
1183 1974 1256 2027 non
1282 1954 1400 2026 solum
1419 1953 1543 2026 auimo
1565 1952 1630 2027 sed
1646 1972 1759 2047 opere
1776 1973 1860 2028 suc·

691 2073 807 2148 currit
833 2073 911 2168 illis,
936 2074 1078 2148 dicens:
1105 2096 1124 2146 e
1148 2080 1281 2146 nuntie
1304 2074 1364 2145 che
1388 2074 1426 2145 di
1454 2062 1490 2145 ld
1518 2093 1585 2165 per
1614 2092 1668 2144 uss
1697 2074 1859 2163 sistcttc,

691 2192 793 2286 idest,
819 2193 993 2285 quamdiu
1012 2198 1137 2288 postea
1158 2193 1269 2265 vitam
1289 2191 1400 2265 habui
1419 2190 1557 2284 Romae,
1574 2194 1611 2264 io
1627 2193 1677 2282 qli
1695 2193 1863 2264 sonorum·

678 2334 710 2402 ,e
733 2317 747 2385 s'
771 2316 827 2386 tor
852 2315 949 2386 ἀνῖαι·
973 2301 1122 2386 postumi
1138 2316 1197 2407 ser
1221 2315 1421 2406 dispreqiur
1443 2332 1468 2383 u
1485 2333 1539 2384 mc
1559 2319 1638 2384 tutte
1659 2315 1749 2385 ultre
1766 2319 1861 2404 selle,

690 2432 783 2506 siout
808 2453 1082 2528 saracenorum,
1109 2433 1342 2507 hebreorum
1370 2439 1439 2507 etc.
1454 2437 1549 2506 -lt
1567 2436 1661 2526 prta.
1689 2433 1753 2506 llic
1779 2432 1861 2506 Sta·

630 2589 633 2594 ·
692 2553 762 2625 tius
787 2553 942 2628 ostendit
967 2553 1115 2646 quando
1140 2552 1258 2627 lactus
1282 2553 1329 2624 sit
1343 2544 1380 2643 (²)
1406 2552 1634 2646 christianus,
1660 2553 1802 2627 dicensz
1831 2557 1864 2626 Ε

687 2675 771 2765 prta
796 2674 867 2745 ehb'
879 2677 914 2746 to
939 2675 1117 2764 bottesmo,
1134 2674 1194 2748 vel
1220 2673 1377 2746 llammis
1393 2673 1451 2747 vel
1468 2693 1575 2766 aquae
1591 2663 1640 2766 (³),
1658 2675 1709 2744 cb'
1721 2675 1757 2745 io
1777 2693 1863 2745 con·

690 2794 823 2864 ducesst'
851 2795 865 2864 t
890 2795 987 2883 preci
1015 2796 1052 2866 αἱ
1079 2796 1179 2885 fiums‘
1207 2795 1245 2865 dt
1275 2793 1371 2882 rete,
1398 2795 1587 2884 peccando,
1620 2790 1721 2887 idest,
1755 2798 1862 2866 ante-

691 2931 804 3004 quam
831 2913 1106 3006 complevissem
1134 2919 1279 2987 sextum
1306 2913 1455 3006 librum,
1474 2912 1537 2985 ubi
1553 2911 1723 3006 descripsi
1738 2901 1777 3005 (⁸)
1794 2912 1862 2986 ad·

658 3037 842 3126 ,ventum
876 3052 1083 3128 graecorum
1117 3033 1214 3106 circa
1244 3033 1385 3106 Thebas
1416 3054 1502 3107 curn
1535 3039 1674 3128 septem
1710 3033 1860 3130 regibus

691 3151 776 3224 suis.
794 3153 838 3224 Et
855 3153 1049 3226 confitetur
1067 3154 1241 3228 vilitatem
1260 3173 1378 3244 suam,
1396 3152 1537 3226 dicens:
1556 3152 1738 3246 mosomi,
1757 3153 1860 3246 idest,

692 3271 743 3344 lui
769 3272 856 3345 mihi
882 3280 920 3346 et
944 3273 1079 3348 damno
1105 3295 1201 3366 meu,
1228 3276 1374 3346 norton
1397 3277 1526 3366 abisso,
1555 3273 1657 3368 idest,
1682 3275 1860 3368 occultus,

688 3409 757 3484 per
779 3413 911 3488 paura,
935 3393 1027 3468 sicut
1053 3399 1089 3467 et
1115 3393 1253 3468 Seneca
1280 3392 1376 3488 dicit,
1397 3393 1494 3487 quod
1517 3393 1600 3466 talia
1619 3393 1760 3488 sapiens
1781 3413 1862 3468 ser·

691 3511 791 3586 vabit
816 3534 888 3586 non
916 3523 1104 3607 tamquam
1132 3513 1206 3586 Diis
1230 3519 1348 3610 grata,
1366 3514 1429 3587 sed
1448 3521 1636 3607 tamquam
1654 3513 1767 3610 vulgo
1783 3516 1867 3609 pla-r

691 3632 786 3726 cita;
812 3632 895 3707 ideo
919 3632 1024 3707 dicit:
1050 3636 1269 3724 Ionpomentc
1292 3637 1498 3706 mostrundo
1520 3654 1760 3726 paquncsm05
1786 3640 1862 3708 ter·

692 3771 778 3826 rore
803 3753 942 3846 mortis,
968 3754 1054 3846 quia
1081 3774 1155 3827 non
1180 3754 1232 3827 lui
1259 3760 1332 3826 tam
1359 3753 1492 3827 ardens
1515 3754 1552 3826 in
1571 3773 1701 3827 amore
1717 3752 1861 3848 Christi,

692 3878 732 3946 ut
757 3882 886 3968 sponte
910 3875 1073 3949 subirem
1100 3874 1330 3969 supplicium,
1347 3881 1384 3948 et
1408 3873 1506 3968 qnod
1533 3873 1636 3968 peius
1660 3879 1742 3948 erat
1765 3873 1863 3948 ludi-

692 3993 814 4066 brium
829 3993 1036 4068 saevissimae
1054 3994 1170 4068 belvae
1187 3994 1381 4068 Domitiani
1391 4018 1400 4088 ;
1414 3995 1497 4070 ideo
1514 4015 1612 4068 nunc
1629 3996 1692 4069 luo
1709 4013 1859 4090 poenam

691 4112 849 4210 dignam.
877 4115 979 4188 Unde
1011 4114 1114 4188 dicit:
1146 4135 1166 4186 e
1196 4121 1315 4207 questo
1349 4116 1542 4206 temdeszo,
1574 4115 1675 4209 idest,
1708 4114 1860 4206 accidia,

691 4237 740 4308 nti
760 4236 796 4327 [e
820 4238 978 4308 caestor
998 4215 1030 4308 'u
1053 4243 1180 4328 quarto
1205 4237 1351 4328 ceretio,
1375 4235 1521 4329 scilicet,
1540 4235 1754 4331 purgatorii,
1771 4255 1862 4310 cur-

693 4356 806 4430 rendo
831 4376 917 4430 curn
951 4355 1149 4450 accidiosis,
1175 4351 1238 4448 pisi
1267 4337 1358 4429 cuo
1386 4363 1513 4448 quarto
1541 4365 1723 4446 cmtesmo,
1756 4355 1861 4450 idest,

693 4477 787 4549 ultra
814 4477 1099 4572 quadringentos
1124 4497 1251 4550 annos.
1851 4553 1854 4561 ,

769 4601 818 4669 lb
834 4599 980 4689 dunque.
999 4597 1069 4670 lsta
1086 4603 1141 4672 est
1158 4597 1264 4672 tertia
1283 4618 1367 4692 pars
1385 4597 1542 4692 capituli,
1560 4597 1597 4670 in
1615 4617 1688 4692 qua
1706 4589 1861 4694 poeta(³l

690 4715 844 4791 ostendit
868 4717 1025 4809 qualiter
1043 4717 1178 4790 Statius
1198 4717 1348 4810 inquirit
1364 4738 1387 4791 a
1405 4717 1554 4813 Virgilio
1573 4717 1620 4792 de
1640 4717 1860 4813 quibusdam

751 4943 779 5008 ς’)
797 4949 850 5006 117,
867 4947 996 4998 Neronum
1013 4949 1189 4999 crudelissimo
1205 4949 1412 5012 persecutionem
1428 4948 1499 4999 lecit.

752 5021 778 5081 l¹l
795 5021 825 5072 E.
842 5022 926 5072 lactus
942 5027 988 5074 est.
1296 5023 1323 5085 ι’)
1341 5023 1371 5073 Ε.
1389 5024 1429 5074 vel
1445 5037 1520 5088 squs.

753 5098 779 5160 (⁸)
795 5099 822 5148 S.
838 5099 927 5162 scripsi
943 5101 1090 5152 adventum.
1296 5099 1323 5162 (¹)
1340 5099 1370 5150 lt
1387 5105 1464 5164 pects
1479 5105 1567 5152 noster
1582 5101 1702 5153 ostendit.
