4575 6842
730 970 801 1035 tto
1122 974 1327 1031 couuuruu
1355 974 1520 1030 ranarum

730 1126 839 1199 nebat
857 1144 1014 1219 regnum
1035 1115 1293 1215 romanum(¹)‚
1307 1121 1466 1197 sentiens
1483 1120 1728 1197 iustinianum
1746 1123 1813 1199 sibi
1830 1123 1905 1199 ira-

729 1253 810 1321 tum
835 1244 933 1319 misit
957 1242 1152 1341 Agabitum
1182 1264 1313 1339 papam
1346 1242 1541 1338 adipsum
1575 1243 1807 1339 placandum,
1838 1244 1905 1340 qui

730 1364 853 1440 habita
878 1384 1005 1439 secum
1031 1362 1225 1437 collatione
1249 1362 1296 1438 de
1321 1361 1392 1437 tide
1418 1361 1554 1457 reperit
1580 1362 1702 1458 ipsum
1728 1365 1764 1438 in
1790 1384 1906 1461 pravo

729 1506 872 1579 errore,
884 1484 972 1579 quia
985 1483 1159 1559 credebat
1171 1474 1208 1575 (¹)
1222 1482 1407 1557 Christum
1422 1502 1559 1578 purum
1574 1484 1762 1559 hominem
1779 1486 1904 1581 tuisse,

729 1627 817 1680 cum
831 1626 907 1699 quo
920 1604 1048 1679 habuit
1063 1602 1196 1678 duram
1214 1602 1509 1696 mutentionem3
1527 1607 1565 1678 et
1581 1604 1783 1680 iustiniano
1800 1625 1906 1681 com·

730 1726 893 1799 minante
917 1722 984 1798 sibi
1010 1728 1158 1797 sanctus
1181 1722 1342 1817 pontifex
1368 1741 1455 1795 cum
1474 1742 1608 1818 magna
1629 1724 1830 1799 constantia
1848 1725 1905 1799 in-

729 1844 870 1940 trepide
886 1844 995 1918 dixit:
1013 1845 1091 1940 ugo
1108 1842 1154 1917 ad
1171 1841 1416 1916 iustinianum
1431 1841 1770 1919 christianissimum
1785 1844 1904 1941 irnpe-

731 1971 892 2039 ratorcm
913 1963 1040 2038 venire
1062 1961 1198 2058 putavi,
1219 1968 1258 2037 et
1281 1961 1547 2037 Diocletianum
1575 1962 1708 2039 inveni.
1729 1964 1903 2060 Tandem,

730 2086 877 2159 volente
896 2083 984 2176 neo,
1002 2082 1227 2157 iustinianus
1247 2103 1333 2157 cum
1353 2082 1478 2157 muitis
1494 2082 1558 2176 qui
1576 2102 1702 2157 secum
1717 2086 1904 2177 errabant,

728 2205 775 2282 ad
792 2203 1057 2279 contessionem
1075 2224 1175 2278 verae
1192 2203 1275 2278 iidei
1294 2203 1434 2278 redivit.
1453 2202 1534 2291 Quo
1552 2204 1648 2278 iacto
1661 2203 1839 2301 agabitus
1855 2204 1905 2279 ibi

730 2324 885 2401 reddidit
897 2324 1060 2398 animam
1073 2324 1163 2419 Deo,
1177 2323 1213 2397 in
1227 2323 1334 2398 cuius
1346 2325 1622 2400 iocumeieetus
1636 2331 1691 2399 est
1704 2346 1796 2421 papa
1807 2324 1906 2422 Vigi-

729 2448 812 2541 lius,
830 2446 894 2540 qui
919 2444 1042 2519 iuerat
1066 2444 1233 2539 clericus,
1252 2445 1434 2519 Eieuterae
1455 2446 1582 2520 uxoris
1605 2445 1786 2541 principis.
1812 2446 1905 2523 Dicit

730 2586 822 2663 ergo
846 2564 1089 2639 Justiniauus:
1117 2568 1179 2638 tio
1198 2566 1320 2658 paam
1344 2566 1444 2638 cir'io
1469 2568 1629 2659 aitopru
1652 2570 1740 2661 sossi
1764 2572 1905 2657 memo,

729 2686 832 2780 idest,
849 2693 1048 2779 antequam
1066 2685 1194 2760 darem
1214 2706 1367 2781 operam
1394 2685 1645 2761 reformationi
1671 2688 1808 2783 legum,
1826 2709 1905 2762 cre·

729 2810 819 2881 deva
829 2827 903 2880 aaa
913 2813 1057 2897 namra,
1071 2792 1218 2899 scilicet,
1232 2807 1447 2901 humanam,
1459 2828 1531 2881 oon
1542 2810 1636 2900 pure,
1649 2806 1795 2902 scilicet,
1812 2808 1905 2883 diri-

729 2948 829 3023 nam,
846 2948 960 3001 essere
975 2930 1013 3001 in
1033 2930 1159 3017 custo,
1180 2926 1286 3001 cuins
1303 2925 1531 3001 contrarium
1551 2927 1730 3019 probatur
1746 2926 1905 3023 capitulo

728 3048 908 3141 sequenti,
928 3069 947 3120 c
970 3050 1009 3121 di
1033 3050 1084 3121 toi
1104 3049 1197 3141 sede,
1215 3045 1351 3121 sciiicet
1369 3052 1443 3121 tam
1462 3066 1632 3141 erronea,
1649 3068 1714 3119 erc
1734 3054 1904 3140 coeundo,

728 3168 796 3242 iste
820 3168 919 3243 enim
945 3167 1014 3241 iuit
1038 3187 1145 3242 error
1170 3164 1317 3259 liuticis,
1344 3172 1471 3241 contra
1489 3186 1602 3259 quem
1628 3165 1787 3262 disputat
1811 3168 1904 3243 Boe-

727 3289 813 3383 tius,
838 3290 951 3361 moit
981 3289 1154 3361 mmmm
1179 3286 1341 3379 domno,
1365 3293 1470 3382 pater
1491 3292 1639 3361 sanctus
1665 3287 1754 3361 civis
1780 3309 1904 3363 roma-

729 3430 810 3504 nus,
827 3412 888 3482 cite
901 3413 962 3503 sae
977 3428 1112 3481 sommo
1124 3412 1284 3500 pastore,
1297 3408 1372 3480 oiia
1385 3408 1465 3500 sede
1480 3410 1631 3502 meru,
1648 3407 1795 3503 scilieet,
1809 3409 1905 3483 chri-

726 3528 867 3623 stianae,
885 3549 970 3623 quae
991 3527 1141 3603 estsine
1159 3525 1316 3621 macula,
1343 3530 1392 3601 mi
1416 3519 1566 3621 duero,
1587 3526 1625 3601 in
1643 3548 1772 3604 veram
1792 3528 1904 3624 viam,

727 3671 795 3724 coo
819 3652 851 3723 ie
869 3652 999 3743 parole
1017 3670 1086 3740 me,
1103 3668 1188 3742 quae
1205 3646 1357 3722 inerunt
1374 3648 1534 3721 muitum
1560 3648 1737 3724 efficacia.
1756 3651 1799 3724 ut
1815 3650 1905 3725 sub-

727 3770 780 3845 dit
804 3768 977 3845 edectum
1007 3769 1208 3844 verborum
1236 3767 1314 3843 eius
1327 3758 1378 3861 (³),
1404 3767 1546 3843 dicens:
1573 3772 1609 3842 io
1633 3772 1685 3861 no·
1707 3773 1904 3863 credente
2009 3842 2013 3851 .

728 3896 851 3985 aeonio
875 3912 944 3965 ora
967 3893 1104 3982 cicaro,
1129 3889 1232 3984 idest,
1255 3889 1407 3964 nuncin
1426 3889 1531 3981 coeio,
1549 3882 1603 3965 rid
1619 3893 1680 3964 cite
1692 3894 1729 3967 ’o
1744 3913 1811 3965 suo
1824 3894 1904 3987 sede

726 4034 804 4107 ero,
820 4011 925 4107 quasi
941 4011 1049 4105 dicat,
1063 4008 1237 4105 quicquid
1255 4008 1426 4085 tenebam
1447 4008 1494 4085 de
1511 4008 1582 4085 tide
1601 4030 1669 4105 per
1685 4010 1800 4086 solam
1819 4032 1904 4087 cre-

725 4132 930 4226 dulitatem,
947 4152 1047 4205 nuuc
1063 4129 1171 4205 rideo
1188 4148 1253 4226 per
1270 4128 1527 4205 certitudinem
1550 4129 1600 4205 ita
1618 4130 1729 4226 ciare,
1746 4130 1840 4206 sicut
1860 4136 1901 4205 tu

725 4252 916 4351 cognoscis
932 4253 1094 4346 aliquam
1115 4270 1195 4325 rem
1216 4250 1275 4325 vei
1296 4250 1570 4325 conclusionem
1588 4250 1625 4324 in
1650 4258 1714 4326 tua
1732 4251 1901 4345 scientia3

726 4374 826 4450 unde
837 4373 942 4449 dicit:
956 4365 986 4446 si
998 4393 1094 4446 come
1106 4378 1142 4445 tu
1155 4372 1234 4445 vedi
1245 4374 1331 4462 onai
1346 4374 1611 4445 contradictorie
1622 4374 1748 4467 esaim
1760 4394 1779 4446 e
1792 4394 1879 4446 uero
1886 4398 1901 4466 ;

726 4495 813 4589 quia
830 4494 950 4569 omnis
968 4490 1205 4567 contradictio
1223 4490 1333 4565 habet
1351 4490 1387 4564 in
1405 4511 1445 4566 se
1459 4491 1666 4567 necessario
1684 4513 1797 4566 unam
1817 4512 1903 4587 par·

725 4620 802 4689 tem
828 4635 970 4707 veram,
990 4612 1144 4688 aiteram
1164 4610 1313 4705 salsam,
1333 4611 1430 4686 unde
1450 4613 1510 4687 lex
1534 4612 1902 4688 contradictoriarum

726 4742 781 4809 est
800 4733 945 4829 quodsi
965 4754 1038 4808 una
1058 4740 1114 4807 est
1131 4752 1231 4825 vera,
1251 4731 1393 4824 reiiqua
1414 4739 1470 4807 est
1489 4732 1590 4827 iaisa,
1608 4732 1902 4829 strumensem,

726 4855 825 4929 Deus
851 4876 924 4929 uon
950 4866 1017 4948 est,
1043 4873 1112 4927 nec
1137 4858 1193 4927 esi
1217 4852 1307 4927 dare
1326 4851 1502 4927 medium.
1516 4892 1566 4907 —
1584 4858 1696 4927 Tosto.
1714 4853 1820 4929 Nunc
1837 4855 1902 4929 Ju-

788 5042 818 5177 ἕξ
832 5038 865 5165 ξ.
880 5053 1060 5165 ζιῗξηιωηιω.
1134 5036 1163 5101 (¹)
1179 5040 1210 5089 Ε.
1228 5038 1349 5090 credcbat
1366 5038 1506 5090 Dominum
1520 5043 1640 5091 nostrum
1657 5040 1747 5091 iesum
1762 5038 1900 5094 caunum

856 5151 864 5167 .
912 5128 960 5165 rus.
