4575 6842
749 1024 887 1081 cemus
911 1026 1129 1081 'bulensibus
1153 1027 1296 1081 PRIMUS.
1538 1016 1609 1083 227

440 1172 587 1248 Beatrix
612 1172 781 1267 petiverit
805 1168 851 1247 de
876 1190 988 1245 causa
1012 1170 1070 1243 sui
1096 1171 1232 1244 erroris
1259 1191 1346 1245 eum
1376 1172 1475 1245 nulla
1502 1172 1612 1247 inerit

434 1295 534 1391 justu
560 1311 644 1388 quae
668 1290 836 1366 debuerit
862 1290 980 1386 ipsum
1008 1310 1185 1366 revocare
1202 1290 1250 1365 ab
1266 1311 1395 1367 amere
1419 1293 1498 1366 eius
1508 1286 1545 1385 (³)
1564 1292 1612 1369 nd

439 1434 607 1491 amorem
632 1413 811 1506 aliorum3
836 1416 875 1486 et
906 1411 1025 1507 primo
1051 1412 1140 1506 petit
1165 1411 1212 1485 de
1237 1412 1357 1486 causis
1383 1412 1612 1507 impedienti-

440 1538 509 1611 bus
526 1553 716 1609 aecessum
734 1532 779 1607 ed
797 1551 879 1607 eam
908 1537 945 1606 et
959 1522 996 1625 (²)
1022 1531 1069 1606 de
1094 1532 1324 1607 trahentibus
1349 1533 1393 1607 ad
1420 1552 1610 1607 accessum

440 1656 609 1731 aliarum.
636 1654 729 1728 Dicit
753 1674 865 1749 ergo:
900 1654 990 1727 Ond’
1003 1655 1071 1726 eliu
1088 1674 1112 1726 n
1128 1674 1196 1745 me,
1215 1653 1361 1746 scilicet,
1379 1653 1526 1728 beatrix
1547 1675 1612 1748 pe-

443 1775 530 1870 tivit,
557 1781 595 1851 et
618 1773 732 1847 dixit:
760 1776 844 1865 quai
866 1776 961 1867 fosse
976 1780 1216 1863 ,nmnvnsab
1240 1795 1262 1846 ο
1287 1776 1371 1865 quat
1394 1780 1513 1847 setene
1537 1776 1612 1847 tro·

440 1899 543 1986 vasti,
567 1894 671 1989 quasi
697 1894 811 1969 dicet:
838 1914 922 1988 quae
949 1893 1150 1987 obstacula,
1168 1913 1253 1986 quae
1272 1893 1532 1988 impedimenta
1555 1893 1613 1967 iu·

441 2014 569 2090 venisti
595 2020 634 2087 tu
661 2014 698 2087 in
724 2015 794 2109 via,
815 2036 884 2107 per
906 2022 1005 2088 enbo
1029 2018 1044 2088 i
1067 2016 1148 2087 miei
1170 2015 1290 2105 desini,
1313 2012 1416 2108 idest,
1433 2013 1529 2089 inter
1546 2014 1613 2089 de·

441 2134 571 2210 sideria
601 2154 685 2228 quae
716 2134 877 2210 habebas
902 2134 950 2210 ad
964 2124 1001 2226 (³)
1027 2153 1089 2207 me
1114 2133 1151 2206 in
1177 2131 1332 2228 pueritia
1363 2143 1437 2228 tua,
1465 2134 1612 2227 quando

440 2273 586 2349 semper
610 2274 672 2329 me
696 2254 921 2349 sequebaris,
938 2256 998 2327 ebe
1019 2255 1258 2327 timenavann
1275 2251 1326 2325 ud
1341 2273 1447 2325 antur
1464 2256 1499 2325 lo
1516 2255 1611 2347 bene,

440 2371 586 2469 scilieet,
610 2395 811 2470 summum,
829 2374 964 2450 scilieet
980 2374 1111 2469 Deum,
1129 2374 1176 2449 ad
1194 2374 1293 2468 quud
1313 2374 1495 2471 theologia
1513 2373 1613 2448 ducit

439 2496 638 2590 bominem,
666 2498 703 2569 di
727 2486 763 2569 ld
789 2498 852 2568 dat
876 2499 990 2587 quan,
1015 2494 1152 2569 scilieet
1175 2494 1328 2588 bonum,
1358 2516 1430 2567 non
1454 2488 1477 2568 e*
1501 2516 1525 2567 a
1553 2498 1613 2569 ebe

440 2619 469 2691 ε’
484 2618 608 2709 aspiri
634 2615 737 2710 idest,
763 2636 837 2690 non
862 2623 918 2690 est
943 2616 1041 2690 aliud
1067 2616 1205 2690 benum
1232 2616 1278 2691 ad
1304 2616 1403 2710 quod
1429 2615 1612 2711 tendetur,

439 2733 567 2830 percbe*
580 2739 742 2811 dovesstti
755 2728 826 2810 cosi
843 2740 1002 2829 spopliur
1021 2740 1057 2810 lu
1073 2757 1189 2829 spene,
1204 2736 1304 2830 idest,
1319 2736 1478 2811 abiicere
1494 2756 1610 2831 spem,

443 2860 501 2932 del
520 2860 731 2950 passepyiur
754 2860 913 2952 innanzi,
942 2857 1043 2951 idest,
1066 2856 1284 2952 procedendi
1311 2856 1466 2931 ulterius
1490 2856 1527 2929 in
1552 2855 1614 2931 nia

444 2982 556 3071 recte,
582 2977 619 3050 in
645 2999 758 3072 quarn
791 2983 827 3053 te
858 2977 1051 3070 duxeram,
1081 2976 1186 3071 quasi
1211 2974 1326 3050 dicat:
1358 2972 1468 3049 nuliae
1496 2974 1614 3070 inssae,

443 3097 553 3170 nullae
578 3102 718 3172 cntenae
736 3096 946 3172 debuissent
964 3097 1235 3190 interrumpere
1250 3084 1287 3189 (⁶)
1306 3102 1413 3168 tuum
1433 3096 1503 3169 iter
1519 3095 1614 3189 opti·

444 3238 560 3291 mum.
588 3218 632 3293 Et
656 3218 714 3294 bie
739 3226 837 3312 nom,
863 3219 990 3311 lectur,
1011 3217 1110 3310 quod
1126 3216 1274 3292 Beatrix
1299 3216 1422 3311 arguit
1439 3216 1498 3290 bie
1516 3217 1614 3291 mul·

442 3344 523 3411 tum
548 3338 727 3413 subtiliter
751 3344 789 3413 et
813 3338 965 3413 fortiter.
999 3336 1086 3411 Vult
1114 3337 1212 3412 enim
1245 3337 1368 3411 dicere
1398 3337 1507 3412 tacite
1537 3336 1615 3412 sive

444 3456 627 3553 implicite,
654 3458 737 3532 lieet
753 3478 857 3533 secra
881 3458 1062 3552 scriptura
1080 3456 1250 3532 videatur
1273 3459 1432 3532 multum
1460 3457 1613 3533 difficilis

442 3584 478 3652 et
499 3577 632 3653 hebent
648 3578 760 3653 iortes
776 3599 916 3673 passus,
934 3578 1022 3673 quie
1040 3578 1137 3674 cogit
1153 3578 1339 3653 bominem
1359 3579 1512 3654 eredere
1529 3601 1614 3674 quae

443 3716 517 3771 non
542 3704 627 3771 sunt
654 3705 739 3773 neta
764 3718 830 3793 per
849 3704 1020 3772 naturam
1039 3698 1096 3772 vel
1113 3698 1160 3772 ad
1178 3719 1339 3793 sensum,
1357 3706 1394 3774 et
1414 3698 1500 3793 quia
1520 3720 1615 3795 prae-

443 3818 528 3913 cipit
552 3818 668 3893 multe
695 3838 779 3913 quae
804 3816 898 3892 dura
923 3817 1116 3912 videntur3
1138 3825 1263 3892 tamen
1289 3819 1518 3894 considerato
1542 3819 1615 3895 tine

444 3936 582 4033 optime
608 3936 696 4031 quie
721 3938 797 4013 sela
823 3937 929 4013 docet
954 3958 1144 4011 summum
1170 3937 1308 4011 bonum
1327 3944 1364 4012 et
1380 3938 1480 4013 ducit
1498 3940 1534 4012 in
1551 3960 1616 4014 cn-

443 4057 644 4153 gnitinnem
670 4058 748 4153 Dei,
766 4059 874 4135 debet
892 4058 1005 4133 videri
1027 4057 1150 4152 tacitis,
1169 4063 1206 4132 et
1226 4057 1346 4132 omnis
1364 4058 1470 4133 labor
1486 4081 1553 4155 pro
1570 4079 1616 4135 ea

443 4174 667 4271 acquirenda
683 4178 793 4253 debet
809 4178 924 4253 videri
940 4178 1040 4255 levis.
1059 4178 1102 4251 Et
1119 4198 1141 4253 e
1159 4184 1288 4253 centra
1304 4178 1393 4275 petit
1411 4200 1495 4273 quae
1512 4199 1617 4253 com-

444 4299 554 4374 moda
573 4304 767 4375 traxerunt
785 4318 872 4373 eum
890 4299 936 4374 ed
954 4320 1121 4374 amorem
1139 4298 1311 4395 aliarum,
1323 4299 1465 4374 dicens:
1484 4303 1617 4393 equali

445 4422 665 4511 npevolezze,
682 4418 785 4515 idest,
803 4419 1002 4514 facilitates,
1020 4439 1042 4492 o
1064 4421 1162 4516 quali
1180 4422 1324 4511 avunzi,
1341 4418 1444 4513 idest,
1470 4424 1507 4493 et
1532 4439 1616 4513 quae

446 4538 710 4635 praerogative,
736 4541 768 4611 si
791 4544 970 4612 mostraro
993 4541 1085 4611 nella
1099 4544 1231 4633 fronte,
1248 4538 1350 4632 idest,
1373 4538 1464 4613 secie
1480 4543 1517 4613 et
1534 4538 1617 4635 pul·

445 4658 636 4753 critudine‚
662 4662 740 4733 nu
753 4660 855 4748 altre,
873 4658 1030 4733 aliarum
1056 4659 1304 4754 dominarum,
1323 4658 1424 4754 idest,
1446 4658 1616 4734 seientia·

446 4798 542 4871 rum,
565 4772 693 4870 pereni
715 4764 852 4852 diversi
876 4779 972 4871 anzi,
999 4778 1101 4873 idest,
1128 4778 1262 4873 potius,
1282 4780 1497 4871 passeppiar
1522 4782 1614 4868 toro,

444 4896 548 4991 idest,
574 4896 678 4991 sequi
704 4902 794 4972 ensi
818 4897 862 4969 ut
887 4896 1051 4972 similiter
1076 4898 1156 4972 vult
1186 4898 1309 4973 dicere
1334 4898 1405 4971 sub
1429 4897 1497 4972 istn
1523 4896 1618 4994 peti·

506 5083 534 5145 (¹)
549 5082 580 5132 E·
597 5082 684 5146 ipsius.
908 5080 936 5147 ι’)
952 5083 983 5135 Ε.
998 5087 1025 5134 et
1041 5084 1230 5135 attrsbentibus
1245 5084 1278 5135 nl
1293 5096 1425 5135 sennenn
1440 5082 1563 5135 alierum.

507 5156 723 5221 pisinnus.
909 5158 1177 5225 rnnunrrupnss
