4575 6842
847 987 987 1044 usurus
1009 987 1154 1045 sunaus.
1510 971 1584 1041 til

410 1130 503 1206 saris
527 1130 584 1205 vir
607 1130 883 1207 strenuissimus
900 1130 985 1205 vicit
1008 1136 1047 1205 et
1070 1130 1211 1206 eccidit
1234 1130 1305 1206 Sed
1321 1114 1443 1205 Cesar
1460 1150 1528 1226 per
1544 1146 1585 1205 ee

411 1257 448 1327 et
472 1270 561 1326 suos
584 1250 703 1327 victer
726 1271 815 1326 cnm
843 1270 977 1347 magna
1001 1249 1119 1347 gloria
1151 1248 1295 1324 romani
1326 1249 1482 1356 neminis
1515 1249 1584 1326 ite-

411 1394 496 1448 rum
520 1370 688 1447 transivit
712 1371 750 1445 in
774 1370 1012 1447 Germaniam
1029 1376 1157 1445 centra
1176 1370 1317 1445 Suevos
1333 1370 1470 1447 iterum
1487 1369 1583 1447 laete

409 1500 538 1589 ponte:
562 1492 628 1567 sed
642 1491 716 1567 cite
738 1512 923 1586 reversus,
940 1491 1143 1587 composita
1161 1489 1288 1585 Gallia,
1311 1490 1440 1566 redivit
1457 1490 1494 1565 ln
1510 1491 1584 1565 lta-

409 1616 517 1709 liam;
543 1621 581 1689 et
596 1612 743 1689 interim
758 1605 795 1707 (¹)
814 1614 918 1708 quasi
935 1632 1032 1687 nera
1050 1610 1201 1689 rebellio
1219 1611 1330 1686 tetius
1346 1611 1471 1686 Galliae
1488 1610 1582 1687 lactu

410 1741 467 1811 est
490 1734 586 1809 duce
609 1732 934 1831 Vercingentorige
958 1733 1217 1826 nivernorum,
1244 1732 1306 1827 qui
1327 1730 1475 1826 iuvenis
1503 1738 1584 1806 erat

409 1853 683 1952 potentissimus
705 1872 874 1949 corpure,
894 1853 1021 1947 armis,
1037 1852 1174 1947 animo,
1192 1853 1323 1947 etipse
1341 1850 1490 1926 nomine
1507 1856 1585 1925 ter-

413 1974 562 2069 ribilius,
579 1994 666 2049 cnm
685 1993 761 2071 que
778 1972 931 2047 luerunt
947 1972 1087 2067 Parisii,
1104 1971 1280 2067 Senones,
1301 1971 1484 2067 Pithones,
1509 1971 1584 2045 Tu-

412 2115 532 2188 rones,
556 2093 784 2187 mmoricee,
803 2092 997 2190 Bituriges,
1016 2092 1174 2167 Rutbeni
1201 2098 1239 2167 et
1262 2092 1344 2184 alii3
1367 2078 1433 2167 ‘sed
1459 2091 1582 2167 Gaesar

410 2238 457 2293 en
482 2214 585 2290 ltalia
617 2234 790 2289 reversus
815 2213 985 2289 celeriter
1010 2214 1048 2287 in
1071 2213 1226 2289 Galliam
1257 2212 1357 2287 venit
1387 2212 1422 2285 in
1451 2212 1582 2287 Alver-

411 2338 530 2432 niam3
556 2342 596 2411 et
626 2343 710 2431 pest
733 2337 870 2411 multas
901 2334 1073 2439 victorias
1104 2335 1251 2409 tandem
1278 2333 1582 2431 Vercingenterir

410 2457 537 2532 velens
560 2462 599 2532 ct
622 2456 819 2531 consulens
842 2456 950 2530 datus
974 2461 1030 2529 est
1054 2454 1200 2549 Caesari,
1219 2454 1281 2549 qui
1302 2453 1518 2550 provolutus
1534 2452 1582 2528 ad

408 2598 532 2675 genua
557 2577 728 2673 proiectis
744 2575 858 2651 armis
873 2575 980 2650 dixit:
1006 2576 1129 2651 virum
1157 2576 1288 2650 lortem
1309 2574 1509 2649 fortissime
1526 2573 1583 2649 vi·

409 2697 500 2772 cisti.
526 2697 570 2771 Et
595 2696 724 2771 ultimo
748 2696 871 2771 Gaesar
895 2695 1063 2770 emnium
1089 2695 1206 2771 rietur
1238 2696 1274 2769 in
1306 2716 1440 2771 norem
1464 2694 1581 2789 annis,

409 2816 552 2892 decimo
584 2836 683 2891 annu
714 2823 829 2891 tetam
854 2816 1010 2891 Galliam
1039 2816 1300 2912 transalpinam
1326 2814 1519 2909 ordinavit,
1544 2820 1583 2889 et

410 2936 560 3013 veniens
584 2937 622 3010 in
645 2937 785 3013 ltaliam
812 2936 966 3011 Galliam
991 2936 1200 3031 cisalpinam
1227 2936 1264 3009 in
1291 2934 1362 3011 fide
1387 2940 1424 3011 et
1452 2953 1582 3010 amere

409 3079 479 3133 suu
503 3057 751 3153 confirmarit,
777 3065 815 3133 et
840 3057 977 3132 iterum
1004 3076 1176 3131 reversus
1201 3055 1237 3129 in
1257 3055 1412 3131 Galliam
1427 3074 1583 3151 suspen-

409 3199 474 3253 sus
497 3177 715 3273 expectabat
738 3176 916 3272 quidquid
940 3177 1068 3251 Reme
1092 3183 1280 3273 ageretur,
1293 3177 1371 3273 jam
1393 3175 1499 3271 quasi
1524 3176 1580 3250 di-

409 3300 537 3375 rinans
567 3298 674 3375 civile
698 3298 847 3373 bellum.
879 3297 942 3371 llis
971 3296 1169 3393 premissis
1202 3318 1301 3372 nunc
1331 3305 1505 3373 construe
1530 3297 1582 3371 sic

408 3422 573 3497 literam:
591 3419 817 3495 lastinianus
833 3418 1042 3495 describens
1053 3416 1206 3492 Gallium
1224 3440 1247 3491 a
1265 3417 1475 3492 fluminibus
1494 3416 1581 3511 suis,

408 3540 512 3616 dicit:
538 3546 657 3614 isera.
683 3539 750 3614 llic
774 3538 909 3613 durius
925 3538 1088 3613 nascitur
1112 3558 1160 3612 ex
1185 3538 1267 3633 alpe
1287 3537 1362 3613 alla
1381 3538 1476 3613 inter
1495 3538 1582 3612 Gal-

409 3661 497 3736 liam
522 3667 561 3735 et
583 3660 735 3754 ltaliam,
760 3666 800 3735 et
823 3659 1024 3735 decurrens
1048 3677 1116 3753 per
1139 3678 1327 3733 amoenam
1357 3659 1491 3735 vallem
1515 3677 1583 3753 per

410 3782 546 3857 multas
570 3789 701 3876 terras,
721 3779 869 3854 tandem
896 3798 1054 3874 magnus
1078 3778 1174 3853 cadit
1197 3778 1235 3852 in
1260 3778 1491 3872 Rhodanum,
1517 3777 1582 3851 ubi

409 3903 546 3977 ilarius
564 3900 773 3976 terribiliter
791 3898 877 3973 vicit
888 3898 1066 3992 Gimbros,
1080 3897 1175 3972 sicut
1195 3904 1313 3973 totum
1327 3898 1420 3992 ridi3
1434 3900 1579 3991 sallire,

408 4023 504 4098 alius
528 4021 664 4096 durius
687 4020 822 4095 cadens
850 4017 1016 4093 similiter
1044 4017 1082 4091 in
1106 4016 1336 4111 Rhodanum,
1363 4038 1475 4111 quem
1507 4038 1582 4092 nun

410 4142 495 4237 ridi,
519 4144 599 4216 ride
622 4142 702 4235 quel
718 4142 778 4213 cde
794 4142 843 4234 sc,
863 4138 952 4213 illud
977 4136 1125 4235 signnm
1149 4135 1293 4231 aquilae,
1314 4139 1363 4210 da
1388 4142 1504 4231 Varo;
1521 4136 1580 4211 bic

410 4268 467 4337 est
489 4261 625 4336 durius
648 4259 736 4335 satis
761 4279 918 4356 magnus
942 4258 980 4335 in
1004 4256 1162 4332 confinio
1177 4256 1289 4331 ltaliae
1314 4256 1409 4331 inter
1434 4256 1581 4332 territu-

412 4382 510 4456 rium
530 4380 768 4477 januensium
794 4387 832 4455 et
855 4379 1095 4474 provinciam,
1112 4380 1222 4471 tufino
1242 4380 1281 4452 ul
1295 4384 1415 4473 ltcrw;
1432 4380 1581 4453 Rhenus

410 4508 466 4577 est
481 4501 616 4577 fluvius
632 4500 818 4573 maximus
830 4490 881 4593 (²),
896 4498 958 4594 qul
976 4498 1063 4572 clim
1081 4497 1263 4573 dividebat
1280 4498 1432 4573 Galliam
1450 4520 1473 4572 a
1488 4498 1582 4575 Ger·

411 4620 545 4714 mania,
562 4618 626 4713 qui
645 4618 836 4695 dicebatur
862 4638 994 4691 murus
1019 4617 1163 4692 romani
1180 4617 1323 4713 imperii
1341 4625 1469 4693 centra
1494 4619 1580 4694 bar-

410 4742 520 4817 baras
540 4740 718 4834 nationes,
734 4744 933 4832 antequam
959 4738 1083 4813 Cesar
1106 4738 1227 4834 ipsum
1254 4738 1441 4833 transiret3
1468 4746 1505 4815 et
1529 4740 1581 4815 sie

410 4861 494 4937 ride
518 4861 617 4955 qued
641 4859 757 4934 Gallia
782 4865 863 4934 erat
887 4858 973 4933 olim
1002 4857 1119 4932 maior
1144 4879 1258 4953 qnam
1287 4880 1385 4933 nunc
1409 4860 1466 4955 sit,
1493 4861 1579 4955 qula

430 5121 740 5209 institerunt.
970 5082 1270 5184 ’t‘ltnrtlrmapnnu
