4575 6842
731 927 777 994 58
1092 933 1297 990 consuuntur
1320 932 1539 988 runenronu

728 1087 766 1156 et
791 1081 911 1156 redire
929 1080 976 1156 ed
994 1079 1204 1174 coquinam,
1223 1085 1261 1154 et
1285 1079 1491 1171 tabernam,
1508 1078 1557 1152 ita
1575 1099 1675 1152 nune
1694 1098 1792 1174 saepe
1811 1079 1900 1152 sub-

726 1200 857 1276 stineat
882 1202 1019 1278 lumem
1045 1207 1083 1276 el
1106 1200 1204 1274 sitim
1230 1199 1455 1293 voluntarie;
1483 1198 1581 1273 unde
1607 1198 1691 1273 lacit
1721 1200 1899 1295 colorem,

725 1321 789 1414 qni
815 1320 947 1396 dicitur
972 1320 1163 1414 eorrectio,
1190 1319 1331 1394 dicens:
1358 1322 1393 1391 to
1418 1322 1496 1393 dico
1518 1340 1613 1412 pena
1641 1343 1661 1392 e
1691 1322 1816 1394 deorr'u
1840 1323 1901 1394 dir

725 1444 896 1514 roltozzo.
924 1443 968 1514 llt
993 1441 1112 1516 suddit
1138 1441 1346 1515 solatiosam
1364 1459 1511 1534 poenam
1534 1461 1666 1514 eorum
1692 1461 1759 1536 per
1783 1441 1897 1517 devo·

726 1559 905 1636 tissimum
941 1558 1265 1656 comparationem,
1299 1559 1442 1634 dicens:
1474 1557 1536 1633 cte*
1568 1562 1683 1653 quello
1717 1564 1837 1652 ooylio
1867 1566 1901 1636 ci

726 1702 843 1772 mena,
869 1681 1091 1775 multotiens,
1118 1682 1178 1752 au
1192 1681 1335 1770 arbore,
1362 1679 1431 1754 boe
1464 1681 1560 1775 dicit,
1592 1680 1680 1775 quia
1710 1681 1897 1756 invenient

727 1801 836 1877 eliam
863 1800 1034 1874 arborem
1062 1799 1097 1872 in
1123 1799 1253 1874 eadem
1280 1800 1350 1894 via,
1378 1808 1419 1874 ut
1448 1800 1585 1895 patebit
1616 1800 1708 1874 inira
1738 1801 1898 1897 capitulo

727 1919 906 2016 sequenti,
931 1922 990 1992 ete
1016 1911 1115 1992 oreod
1143 1921 1256 1992 Croto
1273 1922 1351 1992 tteto
1370 1941 1396 1992 u
1414 1923 1491 1994 dire
1515 1923 1595 2013 Fam,
1625 1920 1661 1994 in
1682 1920 1780 2017 ligno
1807 1941 1896 1996 cru-

727 2042 778 2116 cis
803 2041 1030 2134 existentem,
1058 2042 1200 2132 quando
1224 2059 1268 2113 oe
1292 2031 1401 2114 libert
1424 2061 1492 2113 eoo
1516 2042 1553 2112 lo
1576 2061 1644 2112 orto
1670 2061 1773 2130 oeno,
1794 2040 1898 2134 idest,

726 2161 873 2257 proprio
899 2158 1088 2256 sanguiue.
1114 2160 1159 2232 Et
1184 2159 1242 2234 bic
1268 2166 1353 2234 nota
1379 2165 1560 2254 quantum
1591 2161 1817 2254 comparatio
1842 2167 1898 2235 est

726 2281 872 2376 propria
887 2275 937 2374 (¹).
959 2279 1125 2353 Cbristus
1142 2279 1240 2353 enim
1267 2277 1303 2351 in
1329 2299 1393 2354 ara
1415 2279 1534 2352 crucis
1552 2285 1899 2384 quantumcumque

725 2399 939 2474 afficeretur
964 2420 1092 2475 amare
1108 2391 1145 2490 (²)
1171 2419 1280 2494 poena
1311 2399 1504 2494 corporali,
1531 2405 1656 2473 tamen
1681 2401 1764 2474 laete
1788 2399 1896 2476 dixit:

725 2522 801 2614 dely
827 2523 916 2612 telo,
948 2541 1014 2615 pro
1053 2519 1174 2596 salute
1207 2525 1341 2594 nostra
1373 2519 1651 2616 redemptionis3
1681 2519 1730 2594 ita
1762 2520 1896 2594 auimae

727 2641 882 2716 istorum
900 2639 1055 2714 dulciter
1072 2640 1288 2714 cruciantur
1304 2639 1341 2711 in
1358 2639 1472 2714 odore
1485 2659 1595 2733 equae
1612 2644 1649 2714 et
1667 2639 1764 2733 pomi
1779 2624 1898 2735 gratia

727 2782 806 2836 suae
831 2760 1047 2836 salvationis.
1075 2760 1119 2833 Et
1145 2761 1214 2834 boo
1238 2759 1407 2834 videmus
1431 2779 1513 2834 esse
1537 2781 1671 2834 verum
1697 2761 1734 2834 in
1759 2781 1898 2858 purga-

727 2883 821 2957 torio
847 2881 989 2976 morali,
1021 2881 1108 2975 quia
1139 2882 1250 2955 bomo
1282 2880 1409 2955 volens
1438 2900 1601 2976 purgare
1630 2879 1667 2953 in
1697 2901 1738 2955 se
1768 2881 1895 2954 vitium

726 3002 823 3099 gulae
849 3008 978 3096 sponte
1002 3001 1160 3076 abstinet
1192 3023 1215 3075 a
1246 3001 1336 3076 oibis
1365 3007 1402 3076 et
1432 3001 1523 3075 vinis
1556 3001 1698 3096 sapidis,
1729 3003 1898 3096 quamvis

726 3121 895 3197 videatur
920 3121 986 3195 sibi
1011 3121 1249 3197 durissimum
1276 3142 1421 3197 cessare
1445 3143 1467 3196 a
1493 3121 1766 3197 delectabilibus
1781 3113 1818 3216 (³)
1839 3144 1899 3198 as·

726 3240 849 3315 suetis.
876 3242 920 3315 Et
946 3240 1100 3315 ulterius
1126 3247 1213 3316 nota
1239 3241 1337 3335 qnod
1355 3262 1464 3337 poena
1481 3243 1736 3336 poenitentialis
1761 3243 1798 3316 in
1824 3243 1896 3319 vita

727 3369 782 3438 est
809 3361 924 3457 magis
959 3361 1177 3457 voluntaria,
1203 3362 1289 3455 quia
1320 3369 1375 3436 est
1399 3383 1422 3436 a
1451 3363 1641 3438 voluntate
1672 3363 1897 3458 imperante3

727 3481 790 3556 sed
815 3501 923 3576 poena
952 3481 1156 3578 purgatorii
1189 3488 1245 3555 est
1272 3503 1295 3556 a
1326 3482 1514 3559 voluntate
1545 3483 1780 3577 substinente,
1811 3483 1898 3578 qnia

728 3601 934 3675 voluntarie
946 3588 982 3692 (⁴)
1003 3601 1171 3695 tolerant,
1189 3607 1329 3676 etcum
1349 3603 1418 3677 boo
1435 3604 1675 3678 vehementer
1690 3603 1897 3678 desiderant

725 3720 771 3794 ad
793 3719 946 3816 patriam
974 3721 1180 3816 pervenire,
1198 3721 1297 3796 etad
1316 3723 1385 3796 boc
1400 3723 1579 3796 auxilium
1602 3729 1728 3819 optant
1743 3724 1791 3798 ab
1803 3724 1893 3798 aliis.

801 3846 846 3914 Et
859 3844 894 3914 io
911 3862 935 3913 a
952 3844 1009 3915 lui.
1031 3841 1102 3915 lsta
1120 3848 1176 3916 est
1192 3841 1299 3917 tertia
1322 3862 1406 3937 pars
1426 3843 1620 3939 generalis,
1638 3843 1674 3916 in
1696 3865 1770 3938 qua
1788 3852 1896 3939 poeta

728 3965 852 4035 noster
876 3966 1000 4034 movet
1023 3981 1138 4034 unum
1158 3961 1312 4035 dubium
1330 3961 1490 4055 Foresio,
1508 3970 1547 4036 et
1562 3969 1616 4036 est
1633 3963 1787 4038 dubium
1806 3964 1896 4040 tale:

726 4078 864 4154 dictum
891 4086 946 4154 est
971 4100 1067 4176 saepe
1102 4081 1200 4155 circa
1226 4081 1441 4176 principium
1468 4083 1578 4156 buius
1604 4083 1683 4157 libri
1711 4084 1746 4157 in
1774 4084 1898 4158 multis

725 4199 813 4274 locis
840 4205 875 4274 et
900 4200 1065 4295 capitulis
1091 4201 1191 4295 quod
1211 4200 1419 4276 differentes
1439 4202 1689 4296 poenitentiam
1710 4203 1758 4276 ad
1774 4209 1898 4278 extre-

728 4341 832 4394 mum
858 4320 988 4394 mortis
1013 4327 1109 4394 stant
1136 4320 1288 4417 relegati
1309 4327 1415 4396 extra
1438 4322 1696 4418 purgatorium
1725 4343 1791 4417 per
1815 4329 1897 4398 tan-
2016 4309 2021 4318 ’

727 4440 893 4514 tamdem
930 4441 1128 4536 temporis3
1158 4461 1245 4516 cum
1283 4460 1375 4536 ergo
1412 4448 1520 4538 poeta
1559 4441 1669 4518 seirat
1704 4441 1893 4518 Foresium

726 4559 837 4636 luisse
862 4559 908 4634 de
934 4580 1092 4635 numero
1124 4560 1266 4655 talium,
1294 4559 1425 4636 merito
1456 4561 1609 4656 dubitat,
1634 4567 1671 4635 et
1699 4562 1897 4637 dubitando

725 4679 825 4776 petit,
852 4680 1039 4775 quomodo
1063 4687 1151 4756 ante
1175 4687 1322 4777 tempus
1339 4683 1547 4777 pervenerit
1563 4682 1610 4756 ad
1627 4682 1896 4779 purgatorium.

787 4902 817 4967 (¹)
833 4904 864 4955 E.
881 4905 994 4968 propria.
1012 4905 1135 4956 Domlnur
1152 4905 1222 4955 enim
1237 4911 1264 4955 et
1280 4906 1430 4968 redemptor
1450 4912 1538 4957 noster
1553 4905 1752 4968 pretiosissimus
1768 4905 1895 4955 Dominus

726 4981 801 5030 larus
815 4979 931 5030 Christus
947 4981 972 5028 ln
989 4993 1042 5031 m.
1358 4980 1386 5044 [Ἰ
1403 4983 1433 5032 a
1449 4983 1616 5034 amarissime.

789 5054 815 5112 (Ἴ
832 5055 863 5104 E.
878 5068 893 5105 a
910 5055 1122 5108 delectationibus
1137 5056 1252 5107 assuetis.
1358 5059 1386 5120 (ἢ
1403 5062 1456 5120 tlt,
1473 5059 1618 5110 voluntarie
1634 5057 1761 5108 laborant.
