4575 6842
709 940 778 1005 500
1099 946 1304 1002 couuuuuu
1329 946 1500 1001 eannursi

707 1097 839 1173 obtulit
864 1096 940 1169 lieo
967 1115 1099 1190 panem
1126 1099 1163 1168 et
1189 1092 1329 1186 viuum,
1349 1093 1384 1165 in
1403 1110 1478 1187 quo
1495 1088 1754 1185 praefiguratus
1773 1080 1810 1181 (¹)
1830 1096 1885 1163 est
2018 1078 2020 1081 ’

708 1218 872 1295 Christus
898 1216 961 1313 qui
988 1215 1055 1289 luit
1090 1235 1156 1289 rex
1187 1220 1224 1289 et
1259 1213 1441 1306 sacerdos,
1466 1212 1544 1285 sine
1571 1217 1691 1285 matre
1715 1209 1753 1283 in
1777 1209 1884 1301 coelo,

708 1339 786 1413 siue
810 1345 915 1434 patre
940 1338 978 1412 in
1004 1344 1126 1430 terra3
1153 1339 1198 1411 cd
1221 1338 1316 1411 altro
1342 1336 1467 1427 quello,
1484 1332 1621 1408 scilicet
1646 1331 1804 1407 Dedalus
1830 1331 1886 1405 in-

708 1459 892 1556 geniosus,
918 1460 977 1532 cte
1003 1460 1156 1531 volando
1177 1478 1282 1551 perse
1305 1458 1465 1550 ilfipliO,
1491 1454 1595 1548 idest,
1620 1452 1776 1549 perdidit
1804 1452 1883 1527 lca-

711 1601 794 1655 rum
822 1579 937 1653 tilium
963 1598 1087 1673 suum,
1105 1578 1169 1672 qui
1191 1579 1324 1653 cadens
1349 1578 1385 1651 in
1414 1596 1518 1651 mare
1539 1574 1738 1650 sullocatus
1756 1580 1822 1668 est,
1843 1580 1884 1648 ut

709 1700 794 1775 alibi
819 1699 956 1773 dictum
983 1704 1049 1772 est.
1063 1703 1178 1771 -Lo
1203 1700 1386 1771 circulare.
1415 1696 1480 1770 llic
1505 1695 1657 1771 Carolus
1683 1694 1777 1769 lacta
1795 1714 1883 1767 con-

709 1819 872 1895 clusione
897 1841 964 1893 sua
989 1820 1152 1894 declarat
1179 1840 1294 1893 unum
1323 1816 1422 1913 quod
1448 1817 1587 1891 dictum
1619 1824 1675 1891 est
1699 1837 1811 1911 supra
1836 1816 1882 1889 de

711 1948 842 2015 natura
880 1940 975 2034 coeli,
1007 1960 1091 2033 quae
1131 1937 1287 2013 infundit
1320 1938 1494 2013 virtutem
1529 1958 1635 2013 suam
1667 1937 1803 2031 ubique
1836 1936 1882 2011 ad

709 2061 871 2136 diversos
897 2061 1049 2135 ellectus
1079 2059 1358 2155 producendos;
1391 2058 1452 2133 sed
1487 2080 1561 2133 non
1595 2058 1770 2152 distincte,
1798 2058 1884 2152 quia

709 2182 746 2255 in
766 2182 882 2255 lilium
900 2181 1025 2255 rustici
1044 2180 1198 2254 infundit
1218 2178 1557 2277 magnanimitatem
1574 2179 1773 2274 interdum,
1792 2185 1828 2254 et
1848 2178 1903 2282 in

710 2301 824 2375 lilium
860 2302 957 2398 regis
993 2301 1179 2375 vilitatem.
1212 2301 1255 2374 lit
1285 2300 1366 2375 ideo
1402 2305 1488 2374 nota
1523 2300 1618 2375 bene
1651 2299 1750 2393 quod
1775 2320 1885 2373 omne

711 2442 824 2517 agens
851 2422 1018 2495 naturale
1047 2427 1204 2496 conatur
1234 2420 1437 2496 assimilare
1466 2420 1533 2495 sibi
1559 2441 1689 2517 pasum
1706 2412 1755 2513 (²).
1783 2418 1883 2507 Unde
2005 2448 2007 2455 ·

710 2547 814 2636 pater
840 2541 1057 2615 naturaliter
1087 2540 1238 2616 deberet
1269 2562 1453 2639 generare
1478 2542 1593 2617 filium
1620 2543 1685 2618 sibi
1717 2542 1883 2634 similem,

712 2669 749 2736 et
775 2661 896 2755 quoad
922 2662 1143 2737 lineamenta
1170 2663 1424 2737 membrorum
1460 2669 1498 2737 et
1523 2663 1644 2757 quoad
1671 2662 1884 2757 qualitatem

713 2803 880 2877 morum3
908 2784 1004 2858 unde
1030 2782 1174 2879 sapiens
1200 2784 1415 2859 naturaliter
1442 2784 1525 2859 lacit
1548 2783 1762 2879 sapientem,
1784 2784 1886 2858 lortis

712 2903 868 2997 lortem3
896 2903 959 2977 sed
986 2903 1100 2977 multa
1131 2903 1392 2998 impedimenta
1425 2909 1567 2978 naturae
1599 2902 1736 2977 iaciunt
1765 2904 1885 2999 ipsum

711 3021 945 3099 dissimilem:
974 3023 1071 3097 uude
1097 3045 1183 3098 cum
1211 3023 1267 3098 vir
1292 3022 1443 3099 deberet
1477 3022 1599 3098 lacere
1628 3023 1762 3117 virum,
1789 3044 1886 3119 saepe

711 3152 836 3231 mmeu
871 3143 955 3218 lacit
989 3143 1191 3238 foeminam,
1227 3164 1312 3237 quae
1345 3150 1401 3219 est
1434 3144 1492 3217 vir
1516 3143 1768 3219 occasionatus
1794 3151 1887 3219 teste

712 3264 933 3361 philosopho,
966 3263 1057 3339 idest
1089 3265 1320 3340 occasionem
1354 3286 1483 3360 passus
1508 3286 1555 3339 ex
1582 3264 1725 3339 delectu
1756 3265 1887 3340 caloris

681 3398 684 3405 ·
711 3386 770 3461 vel
794 3406 841 3459 es
867 3384 1107 3459 inobedientia
1135 3386 1310 3461 materiae.
1338 3384 1430 3461 Dicit
1455 3404 1569 3481 ergo:
1597 3388 1649 3457 to
1667 3390 1799 3458 natura
1815 3387 1887 3458 eir·-

710 3507 823 3598 cutor,
853 3504 944 3579 idest
973 3504 1140 3598 celestis,
1167 3502 1248 3579 cd'e*
1275 3508 1443 3597 stippetto,
1478 3504 1582 3599 idest,
1612 3504 1788 3600 imprimit
1812 3504 1888 3580 lor-

712 3644 812 3699 mom
839 3644 944 3699 more
969 3624 1086 3721 sigilli,
1110 3628 1185 3699 olla
1209 3646 1293 3701 ocra
1319 3628 1479 3717 mortale,
1501 3625 1604 3719 idest,
1631 3624 1668 3699 in
1694 3625 1886 3701 materiam

712 3745 933 3840 interiorem,
966 3750 1008 3840 fo
1045 3746 1109 3819 ben
1146 3749 1198 3821 sol
1223 3754 1313 3839 orte,
1347 3746 1450 3841 idest,
1483 3747 1579 3822 bene
1611 3746 1695 3822 lacit
1726 3747 1887 3823 diversos

712 3865 866 3942 ellectus
894 3866 1072 3961 innubis,
1099 3874 1141 3940 ut
1166 3867 1402 3962 praedicitur3
1429 3860 1585 3942 menon
1610 3870 1780 3961 distiupuc
1803 3870 1887 3941 iun

712 3988 902 4061 dottoltro
933 3990 1064 4080 ostetto,
1103 3986 1206 4081 idest,
1240 4008 1357 4061 uuum
1388 3988 1585 4083 hospitium
1620 3988 1668 4063 ab
1701 3986 1783 4082 aliu,
1816 3987 1887 4062 sci-

714 4106 795 4183 licet
820 4128 976 4202 corpora
1003 4107 1224 4203 receptibilia
1256 4106 1473 4201 formarum,
1499 4109 1594 4183 sicut
1620 4127 1775 4203 corpora
1802 4128 1886 4203 quae

711 4232 797 4301 suut
823 4227 1044 4324 receptibilia
1067 4226 1298 4321 animarum3
1325 4228 1451 4321 immo,
1479 4227 1577 4321 quod
1601 4228 1801 4303 mirabilius
1828 4228 1883 4303 vi·

713 4345 832 4441 detur,
858 4368 956 4444 saepe
985 4348 1022 4421 in
1048 4348 1223 4423 eumdem
1253 4354 1405 4423 uterum
1440 4347 1549 4422 simul
1588 4347 1742 4423 inlundit
1766 4348 1888 4425 diver-

713 4468 859 4543 sitatem
887 4490 1073 4567 magnam,
1098 4468 1193 4543 sicut
1219 4468 1388 4543 videmus
1405 4468 1442 4541 in
1460 4468 1584 4544 multis
1602 4469 1777 4565 gemellis.
1804 4468 1888 4545 ldeo

712 4587 855 4662 subdit:
889 4591 1016 4681 omnm,
1050 4588 1154 4682 idest,
1188 4589 1236 4663 ab
1270 4588 1338 4665 ista
1374 4596 1505 4664 natura
1541 4589 1691 4684 coelesti,
1725 4592 1890 4664 oddtoien

714 4712 765 4783 ot'
782 4704 873 4784 &od
896 4713 929 4783 si
952 4712 1090 4803 deporto
1113 4713 1163 4783 do
1187 4712 1311 4803 Jacob,
1334 4710 1398 4804 qui
1425 4710 1576 4785 luerunt
1601 4710 1733 4785 iratres
1759 4709 1888 4786 eodem

716 4838 822 4925 partu
849 4831 936 4925 uati,
962 4837 1000 4906 et
1025 4837 1148 4907 tumen
1175 4830 1327 4907 luerunt
1352 4832 1402 4905 ita
1426 4830 1558 4906 diversi
1585 4839 1622 4907 et
1646 4830 1802 4926 adversi,
1821 4852 1890 4925 per

776 5094 847 5159 (¹18.
863 5107 878 5145 e
894 5099 918 5158 t,
935 5094 1070 5161 figuratus.
1289 5092 1317 5158 (¹)
1335 5094 1365 5145 ll.
1382 5094 1431 5145 sibl
1447 5094 1559 5159 mesum.
