4575 6842
630 4561 661 4608 J

734 941 781 1008 70
1027 995 1030 1002 ,
1093 927 1297 1010 semmurum
1321 951 1542 1010 ruaarmau

733 1117 779 1172 eo
803 1097 913 1194 pauiu
939 1097 1054 1174 inira:
1081 1096 1203 1194 posuit
1228 1103 1351 1174 tamen
1375 1116 1464 1171 eum
1482 1095 1643 1190 primum
1661 1102 1748 1171 ante
1765 1116 1905 1194 omues,

733 1216 820 1312 quia
846 1216 979 1293 meiius
1005 1221 1159 1292 neverat
1183 1237 1285 1312 eum,
1310 1221 1348 1292 et
1372 1215 1461 1312 quia
1486 1213 1553 1290 iuit
1576 1215 1762 1291 maximus
1787 1217 1905 1315 magi·

733 1343 808 1412 ster
825 1337 1075 1434 gulositatum.
1089 1377 1138 1390 —
1150 1341 1184 1411 E
1197 1339 1322 1430 multu.
1340 1337 1406 1412 ilic
1422 1335 1593 1411 Formias
1609 1334 1774 1412 uomiuat
1789 1337 1904 1412 alium
1975 1351 1980 1359 '

733 1456 913 1552 spiritum,
939 1458 1003 1554 qui
1028 1457 1096 1532 iuit
1121 1457 1320 1533 altissimus
1343 1477 1482 1554 gurges
1498 1457 1608 1555 gulae.
1626 1455 1698 1530 iste
1719 1455 1787 1530 tuit
1811 1477 1903 1555 papa

733 1578 909 1652 Martinus
928 1578 1101 1676 gallicum
1126 1577 1209 1653 ideo
1226 1577 1294 1652 tuit
1312 1579 1475 1652 multum
1491 1577 1618 1653 faveas
1635 1577 1767 1652 Carolo
1783 1577 1799 1650 1
1815 1598 1905 1653 eou-

735 1705 792 1772 tra
809 1697 978 1792 Siciliam,
996 1705 1033 1773 et
1050 1697 1148 1772 misit
1163 1697 1307 1774 bancos
1327 1704 1455 1773 contra
1472 1696 1694 1773 Foriivium:
1711 1697 1904 1774 virbonus

733 1824 771 1894 et
797 1817 956 1913 prudeus
982 1817 1101 1913 nimis,
1123 1823 1249 1894 tameu
1265 1817 1449 1912 splendide
1465 1817 1604 1894 vivens.
1622 1818 1715 1892 Nam
1732 1837 1820 1893 cum
1836 1819 1904 1894 ba·

733 1937 838 2014 beret
863 1937 1004 2012 curiam
1031 1937 1068 2011 iu
1092 1936 1195 2013 ltalia
1219 1937 1257 2012 in
1281 1936 1429 2012 civitate
1457 1936 1620 2031 viterbii,
1645 1937 1798 2014 faciebat
1826 1940 1905 2014 sui-

733 2057 845 2133 ioeari
878 2056 1057 2153 anguillas
1087 2057 1242 2153 optimas
1257 2050 1295 2149 (¹)
1320 2057 1416 2132 iliius
1446 2059 1549 2133 laeua
1576 2057 1614 2133 iu
1646 2057 1731 2132 vino
1764 2059 1903 2154 optimo

700 2183 702 2187 ’
734 2176 964 2271 reruaeeino,
989 2183 1026 2252 et
1056 2175 1135 2252 illas
1164 2176 1408 2271 sapidissimas
1436 2175 1644 2252 aridissime
1676 2177 1902 2254 comedebat.
1953 2185 1956 2188 ’

732 2298 808 2374 Nec
833 2296 955 2372 minus
986 2298 1080 2374 bene
1112 2297 1260 2374 bibebat
1291 2318 1378 2373 cum
1408 2297 1488 2392 iilis,
1518 2297 1605 2392 quia
1637 2298 1799 2394 anguilla
1824 2299 1904 2374 vult

734 2423 862 2492 natare
894 2417 931 2491 in
955 2415 1040 2491 vino
1074 2417 1112 2491 in
1145 2423 1287 2492 ventre
1317 2417 1409 2492 Dicit
1436 2437 1528 2513 ergo
1560 2417 1742 2512 Foresius,
1768 2418 1904 2494 deseri-

733 2537 823 2614 bens
848 2536 960 2611 istum
985 2537 1153 2632 spiritum
1178 2557 1202 2612 a
1225 2536 1411 2634 dignitate,
1435 2559 1459 2612 a
1484 2535 1613 2632 patria,
1638 2557 1662 2612 a
1685 2537 1902 2635 gulositate:

733 2679 753 2732 a
786 2661 898 2750 quella
928 2660 1044 2752 faeda
1081 2659 1120 2731 dt
1156 2647 1193 2732 id
1225 2659 1275 2731 da
1306 2659 1366 2750 lui,
1395 2650 1542 2752 seilicet,
1576 2663 1658 2754 post
1694 2659 1904 2756 Buuagiuu·

734 2782 822 2872 tam,
842 2771 906 2870 piri
930 2778 1139 2852 curatae
1163 2784 1343 2870 trupuutu,
1369 2777 1472 2873 idest,
1497 2777 1615 2876 magis
1648 2799 1787 2875 macra,
1816 2780 1902 2876 quia

731 2897 882 2995 gravius
912 2897 1073 2992 deliquit,
1104 2897 1191 2993 quia
1216 2897 1319 2973 varia
1346 2904 1429 2974 arte
1459 2897 1607 2974 laxabat
1631 2905 1811 2992 ventrem,
1841 2901 1901 2976 eui

732 3017 856 3092 utilior
881 3023 962 3092 erat
986 3018 1113 3112 sames,
1139 3023 1177 3092 et
1200 3016 1391 3093 utilissima
1415 3017 1604 3113 sobrietas,
1629 3018 1722 3093 dum
1741 3018 1779 3094 in
1804 3019 1903 3095 ioedo

732 3143 770 3212 et
794 3135 929 3211 misere
951 3136 1098 3211 saecule
1119 3142 1173 3211 tot
1189 3136 1347 3232 pretiosa
1363 3137 1628 3213 contundebat:
1645 3139 1726 3212 ebbe
1742 3142 1779 3213 la
1797 3143 1903 3214 sunta

731 3259 846 3330 edissa
868 3259 906 3330 tu
931 3259 963 3330 le
985 3277 1046 3329 sue
1069 3256 1240 3350 bracem
1265 3257 1347 3353 ptus
1374 3265 1498 3334 tamen
1523 3257 1651 3333 babuit
1675 3279 1805 3334 curam
1835 3279 1902 3334 aa·

732 3375 932 3474 guillarum
959 3398 1071 3471 quam
1098 3375 1321 3472 animarum,
1347 3381 1411 3454 dut
1438 3385 1550 3454 Tereo
1576 3383 1631 3475 fir,
1660 3380 1807 3474 scilicet,
1829 3381 1903 3454 Tu·

733 3497 857 3592 ronis3
882 3497 1008 3573 civitas
1039 3503 1094 3572 est
1125 3496 1309 3593 Franciae3
1341 3519 1506 3593 οριινρα
1534 3522 1602 3593 per
1630 3501 1774 3592 diuum
1799 3503 1823 3574 ἵ
1835 3519 1902 3574 utt-

731 3620 836 3710 auide
860 3621 898 3692 di
920 3621 1085 3710 ebbena,
1116 3619 1219 3694 lacus
1243 3625 1299 3694 est
1323 3619 1486 3696 eeclesiae
1510 3620 1607 3696 iuter
1632 3622 1828 3698 Perusiam
1866 3627 1903 3696 et

732 3738 945 3832 Viterbum3
972 3742 1047 3814 ela
1073 3742 1271 3814 Veruaeeid
1297 3738 1398 3814 istud
1422 3737 1551 3814 uiuum
1571 3741 1654 3834 pius
1672 3741 1815 3817 caeteris
1831 3763 1903 3816 uu-

733 3857 795 3933 trit
820 3866 858 3934 et
882 3857 1101 3956 impinguat3
1127 3865 1165 3934 et
1181 3859 1344 3934 nascitur
1368 3858 1407 3933 iu
1431 3859 1619 3934 montibus
1636 3859 1819 3934 altissimis
1842 3862 1903 3936 Ja-

732 3997 829 4073 uuae,
853 3978 900 4054 de
925 4000 1091 4073 quorun
1110 3978 1306 4055 iitmentiu
1330 3977 1429 4074 apud
1454 3985 1616 4073 auteres,
1634 3977 1720 4072 quia
1741 3979 1800 4054 iila
1822 3980 1901 4056 toea

731 4118 805 4172 uon
831 4106 937 4174 erant
961 4099 1049 4174 oiim
1075 4099 1185 4174 culta.
1211 4099 1256 4172 Et
1280 4098 1339 4173 bie
1363 4105 1462 4193 nom,
1481 4097 1581 4192 quod
1607 4097 1731 4174 utiiius
1747 4108 1830 4175 erat
1845 4099 1901 4174 isti

731 4239 867 4316 magno
893 4218 1071 4296 sacerdoti
1095 4219 1125 4293 si
1151 4217 1300 4293 bibisset
1332 4217 1380 4294 de
1409 4217 1470 4292 ibe
1500 4218 1598 4313 vine,
1623 4219 1661 4292 iu
1690 4239 1767 4313 que
1795 4225 1903 4295 eraut

730 4337 903 4435 anguillae
927 4343 1082 4434 necatae3
1110 4337 1198 4434 quia
1223 4337 1287 4432 qui
1313 4336 1402 4413 bibit
1426 4337 1473 4412 de
1490 4338 1553 4413 tali
1572 4338 1668 4434 vino,
1684 4359 1831 4435 semper
1847 4339 1902 4415 ia·

730 4457 827 4533 stidit
853 4459 994 4554 vinum,
1020 4463 1060 4534 ut
1092 4458 1178 4534 dicit
1210 4459 1364 4555 Magnus
1396 4457 1591 4552 ilbertus3
1625 4465 1663 4534 et
1694 4479 1765 4555 ego
1789 4479 1902 4555 expe·

733 4577 902 4655 rieutiam
927 4578 1000 4654 vidi
1025 4579 1063 4652 in
1090 4597 1166 4654 une
1190 4598 1327 4674 magno
1352 4577 1530 4674 episcopo.
1557 4579 1601 4652 Et
1627 4577 1748 4653 subdit
1775 4585 1901 4674 poeta:

730 4701 827 4772 molti
851 4701 938 4772 albi
955 4700 1003 4772 mi
1019 4690 1164 4790 mostrd,
1182 4696 1285 4792 idest,
1304 4696 1506 4773 nominavit
1530 4697 1620 4771 mibi
1639 4697 1700 4773 iile
1718 4698 1900 4792 Feresius,

732 4819 1902 4913 aduuouduuo‚edetuemarpureantutticontenti,pre-

796 5079 824 5142 (¹)
839 5077 865 5130 S.
881 5091 995 5144 magnas.
