4575 6842
400 1315 566 1384 CANTUS
596 1315 828 1396 SECUNDUS,
856 1317 893 1381 in
920 1335 979 1398 guo
1010 1314 1189 1380 continetur
1215 1333 1363 1379 nemesus
1390 1313 1427 1379 in
1448 1316 1575 1396 speram

477 1429 570 1506 lone,
592 1428 648 1494 nbi
661 1428 797 1511 ponitur
818 1427 963 1510 qondam
985 1425 1114 1509 questio
1145 1425 1184 1490 de
1206 1425 1394 1492 obseuritnte
1420 1446 1490 1508 gttoe
1516 1447 1573 1508 op

472 1544 570 1622 paret
592 1540 627 1604 t'n
649 1538 736 1608 tono.

484 1811 564 1980 0
584 1925 648 1976 ror
670 1905 729 1976 cite
745 1907 825 1977 stete
846 1906 885 1977 in
902 1905 1080 1996 pioooletto
1096 1903 1219 1976 borea.
1238 1903 1437 1994 Postquam
1453 1899 1493 1973 iu
1510 1919 1574 1973 su·

402 2025 537 2120 periori
563 2023 682 2120 primo
707 2024 865 2119 capitulo
891 2023 1106 2119 prohemiali
1127 2030 1235 2119 poeta
1252 2022 1387 2096 Dentes
1406 2018 1575 2094 tractavit

403 2152 441 2220 et
456 2144 713 2220 determinavit
729 2144 775 2218 de
792 2144 872 2218 eius
889 2144 1051 2241 generali
1069 2163 1225 2219 ascensu
1241 2143 1288 2217 ad
1305 2142 1455 2233 ooelum,
1477 2157 1576 2212 nune

402 2266 670 2360 subsequenter
695 2265 826 2339 iuisto
851 2265 1013 2340 seeundo
1038 2265 1197 2359 capitulo
1213 2264 1290 2361 agit
1314 2271 1352 2338 et
1377 2265 1510 2336 tractat
1530 2259 1577 2334 de

403 2387 483 2462 eius
509 2385 653 2482 speciali
679 2406 833 2460 ascensu
861 2386 907 2460 ad
933 2386 1089 2482 primam
1115 2405 1260 2481 speram
1289 2385 1396 2458 lunae.
1415 2383 1460 2456 Et
1479 2399 1575 2475 prae-

404 2526 486 2582 seus
512 2505 712 2602 capitulum
739 2512 857 2600 potest
873 2505 983 2580 dividi
1000 2505 1037 2580 iu
1055 2513 1216 2600 quatuor
1233 2512 1355 2602 partes
1371 2503 1574 2599 generales.

403 2627 443 2700 lu
469 2625 587 2721 prima
612 2646 772 2718 quarum
799 2632 908 2699 autor
934 2625 1018 2700 tacit
1046 2627 1217 2720 pulcrum
1250 2630 1287 2700 et
1319 2625 1433 2700 breve
1467 2643 1577 2698 exor-

404 2746 518 2840 dium,
544 2745 581 2819 iu
608 2765 683 2840 quo
707 2745 769 2819 dat
797 2766 907 2820 suum
940 2745 1130 2820 eonsilium
1166 2745 1394 2820 auditoribus
1424 2763 1577 2819 servan-

404 2867 494 2942 dum
520 2866 557 2940 in
583 2887 650 2942 sua
676 2865 851 2941 doctrina.
877 2865 918 2938 ln
943 2866 1104 2940 secunda
1128 2865 1285 2941 ostendit
1310 2863 1497 2960 quomodo
1522 2864 1578 2937 iu-

406 2987 558 3062 traverit
570 2980 609 3080 (¹)
635 3008 780 3083 speram
812 2987 920 3081 luuae,
946 2994 984 3061 et
1007 2986 1178 3062 describit
1208 3007 1342 3082 corpus
1368 2987 1476 3079 lunae,
1502 2984 1576 3059 ibi:

405 3113 457 3180 La
488 3116 685 3181 conmenta.
720 3109 761 3180 ln
796 3107 904 3182 tertia
937 3106 1053 3202 tangit
1090 3106 1244 3181 dubium
1274 3105 1372 3180 circa
1405 3104 1577 3180 umbram

405 3248 489 3322 quae
502 3235 653 3323 apparet
670 3227 707 3302 in
725 3229 824 3323 luna,
839 3233 875 3301 et
892 3227 1083 3323 impugnat
1100 3245 1339 3300 communem
1358 3224 1580 3320 opinionem,

406 3343 491 3440 que
507 3348 664 3422 babetur
688 3347 735 3422 de
759 3348 840 3442 boc,
867 3345 939 3421 ibi:
966 3352 1029 3420 llo
1044 3348 1170 3420 demi.
1188 3345 1231 3418 lu
1248 3350 1380 3440 quarta
1397 3350 1434 3418 et
1452 3344 1583 3418 ultima

405 3465 552 3541 adducit
581 3487 688 3540 suam
714 3467 935 3562 opinionem,
961 3486 1073 3560 quam
1104 3465 1220 3540 credit
1251 3484 1391 3558 veram,
1423 3463 1492 3538 ibi:
1530 3467 1583 3538 Or

405 3605 501 3658 rome
521 3589 558 3658 oi
573 3589 672 3678 ooipt
700 3586 754 3660 nd
778 3586 939 3681 primurn
966 3585 1127 3678 veniens,
1148 3584 1241 3678 dion
1268 3583 1366 3678 quod
1386 3590 1497 3658 autor
1518 3583 1583 3658 dat

404 3727 516 3779 suum
539 3705 730 3780 eonsilium
755 3705 1003 3800 auditoribus3
1030 3712 1067 3780 et
1093 3704 1212 3799 primo
1237 3696 1436 3798 alloquitur
1458 3703 1583 3778 minus

407 3813 572 3922 s'oientes,
590 3848 752 3920 quorum
779 3833 834 3900 est
859 3825 968 3900 turba
995 3846 1149 3922 magna;
1167 3832 1205 3898 et
1222 3825 1302 3900 vult
1318 3824 1582 3900 sententialiter

407 3945 552 4021 dicere:
578 3967 601 4021 o
627 3967 850 4042 vesparum
878 3944 1127 4041 intelligentes,
1155 3943 1218 4037 qui
1243 3943 1379 4040 legistis
1396 3943 1581 4018 internum

409 4072 445 4140 et
469 4067 726 4161 purgatorium
752 4087 892 4161 meum,
911 4064 1136 4142 revertimini
1158 4064 1205 4140 ad
1222 4065 1418 4140 materiam
1435 4085 1581 4158 eorum,

409 4191 446 4258 et
471 4207 544 4261 nou
568 4187 816 4262 intromittatis
842 4208 907 4262 vos
925 4187 961 4260 iu
979 4185 1089 4260 istum
1112 4186 1335 4281 paradisum.
1354 4186 1447 4260 Dicit
1468 4205 1578 4282 ergo:

413 4308 538 4398 Ovoi,
568 4307 713 4402 scilieet,
740 4307 895 4382 lectores
922 4305 1106 4382 modicum
1133 4305 1387 4402 intelligentes,
1415 4309 1475 4380 ote
1499 4309 1582 4380 stete

408 4428 447 4498 in
474 4430 656 4519 ptocotetta
685 4429 809 4520 borco,
841 4428 944 4522 idest,
978 4427 1016 4501 iu
1051 4448 1164 4522 parva
1196 4425 1583 4523 capacitateingeni13

409 4543 509 4620 uude
534 4547 571 4619 iu
596 4547 771 4642 principio
799 4546 1001 4644 purgatorii
1027 4551 1134 4643 poeta
1160 4545 1372 4621 assimilavit
1392 4545 1581 4641 ingenium

409 4686 520 4739 suum
546 4667 740 4742 naviculae:
767 4674 805 4742 et
830 4687 919 4742 vere
944 4667 1026 4762 plus
1059 4674 1114 4740 est
1144 4685 1238 4760 opus
1262 4677 1399 4761 magno
1424 4665 1583 4762 ingenie,

410 4806 523 4879 quam
550 4806 685 4881 magna
705 4787 853 4861 seientia
878 4787 925 4860 ad
950 4785 1228 4883 intelligentiam
1249 4785 1360 4860 buius
1376 4785 1471 4878 libri,
1489 4784 1584 4861 siout

474 5048 501 5112 (¹)
517 5053 541 5109 ι,
558 5047 671 5098 intrant.
