4575 6842
741 985 881 1040 caurus
905 985 1098 1040 vicesimus
1121 985 1294 1041 ocrnrus.
1538 975 1606 1044 173

430 1141 507 1208 ster
533 1138 658 1207 moret
682 1130 924 1226 quaestionem
940 1123 977 1222 ξ’)
1004 1129 1102 1204 renti
1127 1135 1165 1204 et
1189 1151 1309 1225 aquae,
1330 1153 1417 1206 cum
1435 1133 1603 1210 videatur

429 1252 651 1349 impossibile
688 1270 754 1347 per
791 1257 975 1326 naturam.
1002 1249 1094 1323 Dicit
1123 1270 1235 1347 ergo:
1269 1255 1362 1324 noc
1374 1256 1423 1343 io,
1448 1254 1496 1327 illi
1533 1254 1601 1330 do-

430 1373 551 1468 minae,
570 1371 854 1465 inconcinna
870 1390 984 1465 quam
1002 1390 1145 1464 sumus,
1170 1373 1226 1444 e'l
1240 1392 1328 1444 soon
1348 1374 1440 1446 della
1455 1377 1602 1468 foresto,

428 1494 531 1587 idest,
558 1498 690 1566 ventus
714 1490 839 1587 sylvae,
863 1489 927 1583 qui
953 1489 1066 1584 spirat
1090 1496 1128 1564 et
1154 1489 1271 1584 quatit
1299 1491 1463 1585 arbores,
1489 1497 1602 1586 tmpu-

427 1635 527 1706 pnco
550 1614 673 1685 decdo
698 1632 724 1682 c
747 1631 802 1682 nte
825 1612 963 1682 nocella
985 1612 1077 1701 sede,
1103 1609 1206 1705 idest,
1230 1630 1364 1686 novam
1389 1612 1600 1688 ariditatem

428 1721 575 1827 sciendi,
600 1734 639 1806 di
670 1753 754 1806 rosc
784 1731 883 1804 ct’io
907 1732 991 1822 udt’,
1017 1731 1162 1825 scilicet,
1190 1753 1300 1828 snpra
1330 1754 1354 1808 a
1383 1733 1508 1829 Statio,
1539 1755 1602 1810 ca-

428 1854 543 1949 pitulo
560 1854 653 1946 XXI,
679 1855 863 1926 condutta
887 1873 912 1925 c
936 1860 1056 1945 questu
1070 1844 1119 1943 (¹).
1141 1853 1193 1926 lbi
1220 1853 1317 1926 enim
1340 1853 1428 1928 dixit
1453 1855 1601 1951 Statius,

427 1973 527 2067 quod
560 1973 660 2047 nulla
698 1971 888 2067 impressio
924 1973 1022 2047 aeris
1058 1970 1168 2046 tiebat
1198 1993 1220 2046 a
1254 1981 1359 2067 porta
1397 1975 1602 2072 purgatorii

426 2114 557 2190 snpra;
583 2093 665 2168 ideo
691 2113 790 2167 nunc
814 2093 896 2187 plus
922 2092 1127 2167 mirabatur
1152 2093 1198 2167 de
1222 2101 1334 2168 vento
1367 2101 1404 2169 et
1432 2116 1530 2190 aqua
1563 2095 1601 2170 in

427 2213 621 2290 cacumine
653 2212 797 2306 montis,
823 2233 937 2307 quarn
973 2214 1083 2307 paulo
1112 2219 1197 2288 ante
1230 2214 1277 2288 de
1307 2215 1382 2290 risu
1412 2216 1599 2290 Mathildis.

427 2336 471 2410 Et
491 2335 612 2411 subdit
631 2333 904 2429 responsionem
922 2332 1110 2427 Mathildis,
1129 2355 1213 2429 quae
1230 2335 1349 2431 primo
1369 2335 1545 2432 promittit
1557 2327 1597 2430 (³)

428 2454 647 2531 solutionem
674 2455 785 2548 dubii,
803 2453 945 2528 dicens:
963 2455 1045 2527 ond’
1057 2457 1139 2546 elic,
1160 2456 1298 2550 supple,
1324 2456 1414 2530 dixit
1436 2456 1535 2551 mihi,
1558 2463 1600 2530 nt

428 2579 566 2652 laceret
590 2597 652 2651 me
676 2581 878 2650 attentum:
904 2577 940 2647 io
964 2568 1083 2649 dicero
1107 2568 1281 2650 comedo
1305 2577 1356 2650 clr'
1369 2580 1546 2650 ammiror
1570 2580 1596 2650 o·

381 2768 383 2772 ,
425 2703 517 2792 fuce,
543 2697 689 2791 scilicet,
717 2702 848 2771 ventus
878 2703 916 2770 et
946 2717 1057 2791 aqua,
1084 2699 1238 2790 procede
1261 2719 1330 2790 per
1358 2717 1425 2770 suc
1455 2700 1595 2791 capion,

426 2838 501 2892 non
517 2817 675 2892 naturali
689 2805 740 2908 (⁴),
764 2809 974 2909 cmmoderd
991 2819 1028 2888 lc
1043 2817 1179 2908 modic,
1197 2815 1300 2910 idest,
1318 2817 1512 2890 dissolvam
1531 2837 1598 2892 ne-

426 2937 552 3012 bulam
570 2935 797 3032 ignorantia,
814 2935 875 3008 cte
891 2936 1030 3026 tifiede,
1048 2934 1149 3028 idest,
1165 2935 1247 3010 ierit
1264 2943 1301 3010 et
1318 2937 1475 3031 percutit
1491 2956 1597 3010 men·
1691 3003 1694 3010 .

426 3065 503 3132 tem
528 3063 630 3130 tuam
656 3056 909 3150 admiratione,
934 3055 1038 3149 quasi
1058 3055 1173 3129 dicat:
1195 3055 1288 3130 sicut
1311 3078 1383 3130 vox
1409 3057 1595 3151 prophetae

424 3184 543 3274 potest
570 3176 769 3252 dissolvere
799 3182 836 3251 et
867 3174 1118 3251 distenebrare
1150 3183 1257 3250 tuum
1293 3176 1516 3251 intellectum
1551 3174 1597 3250 de

426 3319 500 3373 una
526 3317 567 3372 re
593 3296 761 3391 mirabili,
782 3296 831 3370 ita
848 3317 921 3370 vox
948 3316 1031 3370 mea
1048 3295 1307 3371 distenebrabit
1324 3295 1442 3391 ipsum
1460 3295 1508 3370 de
1523 3295 1593 3370 alia

424 3436 468 3493 re
492 3437 566 3491 non
592 3417 714 3490 minus
739 3415 906 3488 mirabili.
921 3419 1033 3488 -Lo
1056 3437 1201 3488 sommo.
1232 3417 1297 3489 llic
1329 3415 1505 3490 diethildis
1530 3435 1598 3490 vo·

423 3538 502 3614 lens
527 3539 672 3612 solvere
698 3537 811 3632 ipsam
838 3536 1077 3631 questionem
1104 3537 1228 3631 incipit
1257 3557 1389 3632 parurn
1419 3559 1442 3610 a
1471 3537 1592 3632 longe,

421 3659 617 3733 ostendens
643 3677 761 3751 quare
786 3662 824 3730 et
847 3656 894 3729 ad
920 3676 1032 3750 quem
1055 3653 1166 3730 tinem
1187 3655 1305 3730 lactus
1326 3662 1380 3730 est
1405 3656 1508 3729 locus
1525 3655 1593 3731 iste
1669 3728 1675 3741 ,

423 3779 502 3852 sine
526 3778 650 3870 aliqua
673 3776 889 3851 alteratione
915 3774 1083 3849 naturali.
1114 3774 1217 3848 Unde
1247 3774 1351 3849 dicit:
1379 3780 1429 3848 Lo
1457 3795 1591 3848 sommo

423 3903 529 3989 Bene,
555 3897 699 3990 scilicet,
726 3897 837 3990 Deus,
862 3898 1021 3969 oterolo
1046 3917 1123 3968 esso
1147 3916 1172 3967 a
1195 3895 1472 3990 septimanum
1494 3897 1594 3970 solus

422 4018 521 4092 Deus
550 4037 591 4092 se
624 4017 732 4110 videt,
767 4035 807 4090 se
840 4015 1006 4112 intelligit
1035 4020 1073 4090 et
1104 4015 1291 4112 cognoscit
1319 4015 1489 4110 perfecte,
1521 4019 1595 4122 soce

423 4141 553 4228 tuom,
579 4137 725 4232 scilicet,
750 4136 866 4211 Adam
892 4142 930 4211 et
954 4136 1080 4230 Evam,
1106 4137 1235 4228 dunno,
1252 4135 1451 4230 simplicem
1470 4143 1506 4212 et
1532 4157 1593 4211 re-

423 4265 525 4332 ctum
550 4258 588 4331 in
613 4262 709 4332 statu
736 4257 961 4348 innocentiae,
996 4257 1140 4348 udam,
1167 4255 1269 4349 idest,
1295 4255 1341 4330 ad
1367 4254 1477 4330 linem
1504 4256 1594 4330 ben·

424 4377 594 4471 titudinis,
629 4401 649 4451 e
673 4377 771 4450 diedo
796 4383 912 4468 questo
936 4379 1025 4469 loco,
1054 4375 1199 4466 scilicet,
1232 4374 1442 4470 paradisum
1475 4381 1594 4450 terre-

423 4503 549 4589 strem,
575 4517 599 4568 c
630 4500 692 4589 lui,
724 4495 870 4588 scilicet,
901 4495 988 4570 ndae
1019 4502 1057 4569 et
1090 4497 1189 4586 Evae,
1210 4517 1279 4588 per
1304 4515 1396 4568 arro
1425 4498 1459 4568 d'
1472 4503 1592 4570 ettam

420 4635 522 4708 poce,
547 4617 648 4711 idest,
666 4637 734 4711 pro
750 4622 855 4711 parte
872 4615 1028 4689 caelestis
1045 4614 1232 4689 felicitatis.
1251 4615 1295 4688 Et
1312 4615 1370 4690 hic
1388 4625 1474 4691 nota
1491 4615 1589 4710 quod

424 4735 530 4830 primi
555 4742 726 4829 parentes
743 4735 828 4809 satis
846 4754 1018 4830 magnam
1037 4733 1243 4847 felicitatem
1265 4735 1458 4829 habebant,
1479 4735 1589 4810 etiam

485 4965 513 5029 (¹)
530 4969 584 5025 117,
600 4967 769 5029 quiestloncm
785 4965 904 5017 liuthtldi
921 4967 990 5017 circu
1007 4966 1134 5030 originem
1151 4967 1221 5016 renti
1237 4971 1264 5017 et
1280 4979 1362 5031 nunc.

485 5041 512 5105 (¹)
527 5043 559 5092 tt.
574 5047 669 5107 pmcn.
684 5043 711 5092 si
727 5045 797 5094 mim
812 5044 885 5094 ntur.
1093 5042 1168 5107 cin.
1185 5045 1311 5107 promum

486 5119 513 5181 (⁸)
527 5119 559 5170 E.
575 5132 627 5169 non
643 5119 805 5171 naturaliter.
955 5155 960 5164 ,
