4575 6842
835 972 974 1027 cnunus
998 972 1169 1030 ocrnvus
1518 959 1589 1027 489

417 1121 535 1208 sonia,
552 1116 654 1209 idest,
680 1116 741 1189 illa
765 1136 850 1211 pars
866 1116 988 1192 ltaliae.
1005 1117 1167 1191 Ausonia
1187 1117 1285 1192 enim
1307 1118 1374 1193 luit
1396 1119 1482 1193 olim
1504 1138 1590 1214 pars

421 1236 610 1340 Latiiubi
636 1236 703 1309 luit
728 1236 844 1311 Roma
869 1245 907 1311 et
932 1243 986 1311 tot
1010 1238 1133 1332 populi
1158 1237 1257 1312 latini
1277 1238 1396 1331 vicini,
1413 1240 1508 1313 sicin
1524 1260 1590 1333 pa-

421 1364 472 1433 tet
496 1378 563 1453 per
586 1357 728 1432 Livium
755 1364 793 1433 et
805 1350 843 1450 (¹)
872 1358 1046 1431 Plinium:
1073 1358 1136 1432 sed
1162 1358 1321 1435 Ausonia
1349 1360 1497 1455 ponitur
1521 1380 1589 1455 pro

420 1477 531 1571 ltalia,
556 1478 650 1552 sicut
675 1484 712 1553 et
735 1479 881 1553 Latium
906 1500 1004 1574 sape
1022 1479 1120 1574 apud
1140 1486 1278 1574 poetas,
1296 1482 1355 1553 nte
1379 1483 1588 1573 s'imboruu,
1647 1548 1655 1565 ,
1693 1508 1695 1515 ’

419 1600 522 1693 idest,
556 1599 752 1692 habitatur,
787 1603 825 1674 di
857 1604 960 1691 Bari,
986 1620 1071 1693 quae
1104 1606 1158 1675 est
1193 1600 1319 1673 civitas
1352 1620 1462 1694 super
1497 1599 1589 1675 mari

420 1718 578 1811 adriaco,
612 1726 699 1793 nota
732 1719 837 1794 titulo
867 1719 1014 1811 Nicolai‚
1050 1722 1088 1793 di
1114 1723 1237 1812 Gaetu,
1267 1741 1351 1813 quae
1382 1726 1437 1795 est
1466 1720 1590 1796 civitas

420 1859 532 1933 super
558 1841 651 1913 mari
677 1846 792 1935 tusco,
809 1840 1043 1915 denominata
1059 1861 1081 1915 a
1100 1841 1245 1915 nutrice
1271 1840 1390 1934 Eneae,
1409 1863 1428 1913 c
1444 1844 1482 1915 di
1501 1845 1590 1914 Gro-
1712 1925 1717 1937 ¹

420 1966 517 2067 mon,
543 1980 628 2051 quae
652 1966 708 2034 est
732 1960 858 2034 civitas
882 1961 920 2033 in
945 1968 1115 2035 extremo
1133 1960 1257 2053 ltaliae,
1275 1960 1380 2054 quasi
1399 1961 1437 2034 in
1455 1967 1589 2055 puncta

418 2100 557 2172 oornu3
589 2082 638 2153 du
667 2100 743 2171 one,
770 2080 872 2173 idest,
897 2081 935 2153 in
960 2100 1034 2174 qua
1060 2086 1164 2174 parte
1192 2080 1313 2173 ltaliae,
1354 2086 1496 2172 Troolo,
1526 2080 1588 2175 qui

418 2206 474 2273 esi
498 2200 632 2274 fluvius
656 2201 742 2273 satis
767 2199 929 2274 famosus
952 2200 1050 2295 apud
1076 2201 1249 2273 Esculnm
1280 2200 1463 2275 civitatem
1495 2200 1590 2275 inter

405 2320 585 2414 -Apuliam
612 2327 650 2395 et
675 2321 885 2415 biarchiam,
910 2344 929 2393 e
961 2324 1081 2410 l'crdc,
1111 2320 1205 2394 alius
1237 2321 1383 2414 lluvius,
1409 2320 1445 2394 in
1477 2341 1587 2414 quem

343 2500 355 2521 ,
418 2440 556 2515 deiecta
582 2449 668 2515 sunt
692 2463 772 2515 ossa
800 2442 985 2536 Manlredi,
1011 2445 1049 2513 in
1074 2462 1175 2514 onore
1199 2462 1346 2533 sgorqa,
1369 2441 1471 2535 idest,
1498 2441 1589 2516 labi·

420 2560 542 2633 turin
571 2582 675 2635 mare
700 2564 1123 2652 tuscum-Fumant,
1150 2562 1214 2635 Hic
1240 2561 1392 2635 Carolus
1420 2560 1591 2635 describit

418 2682 569 2757 tertium
596 2703 767 2778 regnum,
792 2704 815 2756 a
840 2704 915 2776 quo
940 2683 1197 2757 denominatus
1218 2689 1273 2756 est
1299 2704 1364 2756 rex
1391 2682 1427 2755 in
1453 2682 1525 2757 vita
1553 2689 1590 2755 et

419 2804 654 2899 pervenitad
682 2824 812 2877 manus
839 2804 993 2878 baeredis
1017 2803 1084 2877 sni.
1111 2803 1165 2877 Ad
1180 2803 1294 2897 1quod
1321 2810 1375 2877 est
1400 2802 1588 2877 sciendum

419 2923 520 3017 qnod
545 2924 696 2997 Carolus
721 2924 906 2997 Martellus
930 2930 1127 2997 coronatus
1145 2928 1200 2997 est
1219 2944 1282 2996 rex
1305 2922 1512 3019 Hungariae,
1534 2922 1588 2995 vi-

420 3051 528 3118 vente
545 3050 661 3138 patre,
678 3065 744 3138 per
762 3066 878 3116 unnm
901 3044 1122 3118 cardinalem
1145 3043 1320 3139 legatum,
1339 3049 1488 3117 mortno
1509 3041 1589 3117 Ste-

420 3165 542 3259 phano
568 3186 656 3265 rege
682 3165 878 3261 Hungariae
894 3164 972 3239 sine
992 3165 1157 3258 baerede3
1176 3171 1214 3238 et
1231 3163 1384 3239 Carolus
1401 3162 1589 3237 Hnmber-

419 3291 479 3359 lus
496 3284 592 3358 lilius
616 3286 696 3359 eius
721 3284 878 3358 obtinuit
897 3306 1075 3381 regnum3
1096 3285 1200 3359 etita
1217 3284 1372 3359 debebat
1389 3284 1589 3359 succedere
1714 3328 1717 3333 -

419 3404 457 3477 in
481 3426 597 3501 regno
621 3405 761 3500 Apuliae
786 3405 816 3479 si
841 3405 1023 3479 Rubenius
1040 3425 1113 3479 non
1130 3405 1344 3479 exclusisset
1368 3425 1476 3497 eum3
1508 3404 1589 3479 ideo

421 3545 623 3617 numquam
651 3524 719 3598 luit
742 3531 945 3598 contentus.
967 3524 1031 3597 Hic
1050 3524 1237 3599 Huberius
1263 3532 1366 3619 pater
1393 3524 1460 3598 lnii
1485 3524 1588 3597 istius

419 3641 591 3717 Lndovici
617 3643 854 3738 potentissimi
881 3644 977 3739 regis
1002 3643 1210 3739 Hungariae,
1229 3644 1292 3740 qui
1309 3644 1437 3720 diebus
1458 3642 1589 3733 nostris

418 3763 537 3837 tenuit
563 3764 678 3837 muita
704 3783 828 3857 regna.
855 3762 1040 3837 Martellns
1071 3768 1197 3836 aulem
1229 3764 1400 3839 describit
1431 3784 1587 3860 regnum

419 3885 616 3980 flungariae
641 3885 762 3958 solum
787 3884 835 3957 ab
860 3904 936 3958 uno
961 3883 1130 3958 flumine:
1149 3905 1218 3957 nen
1236 3885 1385 3978 mirum,
1402 3884 1489 3979 quia
1507 3883 1589 3957 nul·

420 4005 479 4077 lus
511 4002 643 4078 liurins
675 4008 731 4077 est
759 4002 878 4077 maior
906 4003 943 4076 in
976 4009 1053 4077 toto
1087 4004 1178 4077 orbe
1211 4004 1436 4095 occidentali,
1467 4004 1589 4080 nullus

422 4125 530 4198 babet
555 4123 757 4220 longiorem
783 4144 948 4216 cursum,
965 4124 1093 4198 nullus·
1111 4124 1240 4198 transit
1261 4146 1326 4219 per
1346 4130 1399 4197 tot
1425 4125 1590 4199 nationes

419 4244 594 4336 diversas,
612 4245 675 4337 qui
700 4244 818 4318 oritur
839 4244 875 4317 in
897 4245 1039 4340 alpibus
1055 4244 1274 4340 Germaniae,
1301 4252 1338 4319 et
1364 4244 1497 4318 labitur
1523 4264 1588 4337 per

421 4364 606 4439 Austriam
624 4364 660 4436 in
677 4363 903 4459 Alamannia,
924 4364 1056 4438 deinde
1071 4385 1138 4459 per
1158 4364 1395 4461 Hungariam,
1419 4364 1587 4454 Maesiam,

419 4492 457 4559 et
480 4483 766 4557 innumerabiles
790 4490 918 4577 gentes
944 4483 1155 4558 infidelium.
1182 4484 1321 4581 Recipit
1349 4484 1385 4557 in
1416 4504 1455 4558 se
1481 4503 1588 4557 sexa-

395 4600 519 4699 ginta
534 4594 571 4695 (²)
599 4601 749 4677 flumina
777 4624 921 4698 magua,
948 4610 985 4677 et
1011 4624 1075 4698 per
1100 4626 1165 4678 sex
1184 4606 1241 4679 vel
1259 4612 1398 4699 septem
1421 4604 1513 4678 ostia
1531 4604 1588 4677 in·
1645 4662 1651 4675 r

419 4730 491 4798 lrat
515 4723 552 4796 in
578 4723 747 4814 Pontum,
774 4721 876 4815 idest,
902 4723 937 4794 in
965 4744 1069 4799 mare
1087 4724 1222 4817 maius,
1241 4745 1400 4818 quornm
1426 4730 1587 4818 quatuor

338 4858 341 4862 ’
417 4844 589 4917 dicuntur
615 4841 841 4937 navigabilia,
868 4841 1009 4935 reliqua
1024 4834 1062 4934 (³)
1091 4850 1175 4917 non.
1195 4844 1286 4918 Dicit
1302 4864 1393 4941 ergo
1411 4844 1447 4918 in
1465 4844 1586 4919 litera:

481 5098 507 5161 υ)
524 5098 555 5147 Ε.
571 5103 599 5147 ct
614 5110 661 5159 per
675 5096 797 5147 Plinium.
892 5097 920 5160 Ρ)
935 5103 960 5159 ι,
975 5100 1152 5164 quadraginta.
1249 5102 1275 5165 (¹)
1292 5107 1316 5163 t,
1332 5103 1431 5167 reliqua
1447 5116 1511 5155 voro
1527 5118 1587 5155 non.
