<?xml version="1.0" encoding="UTF-8"?>
<!DOCTYPE html PUBLIC "-//W3C//DTD XHTML 1.0 Transitional//EN"
    "http://www.w3.org/TR/xhtml1/DTD/xhtml1-transitional.dtd">
<html xmlns="http://www.w3.org/1999/xhtml" xml:lang="en" lang="en">
 <head>
  <title>
</title>
<meta http-equiv="Content-Type" content="text/html;charset=utf-8" />
  <meta name='ocr-system' content='tesseract 3.04.00' />
  <meta name='ocr-capabilities' content='ocr_page ocr_carea ocr_par ocr_line ocrx_word'/>
</head>
<body>
  <div class='ocr_page' id='page_1' title='image "./comentumsuperda00unkngoog_0352.png"; bbox 0 0 4575 6842; ppageno 0'>
   <div class='ocr_carea' id='block_1_1' title="bbox 726 955 1515 1023">
    <p class='ocr_par' dir='ltr' id='par_1_1' title="bbox 726 955 1515 1023">
     <span class='ocr_line' id='line_1_1' title="bbox 726 955 1515 1023; baseline -0.01 0"><span class='ocrx_word' id='word_1_1' title='bbox 726 955 798 1023; x_wconf 74' lang='grc'>334</span> <span class='ocrx_word' id='word_1_2' title='bbox 1118 962 1325 1019; x_wconf 83' lang='lat' dir='ltr'>connuunu</span> <span class='ocrx_word' id='word_1_3' title='bbox 1349 963 1515 1018; x_wconf 72' lang='lat' dir='ltr'>ernanusr</span> 
     </span>
    </p>
   </div>
   <div class='ocr_carea' id='block_1_2' title="bbox 722 1099 1991 3487">
    <p class='ocr_par' dir='ltr' id='par_1_2' title="bbox 722 1099 1991 3487">
     <span class='ocr_line' id='line_1_2' title="bbox 723 1099 1895 1204; baseline -0.005 -17"><span class='ocrx_word' id='word_1_4' title='bbox 723 1112 840 1188; x_wconf 94' lang='lat' dir='ltr'>altum</span> <span class='ocrx_word' id='word_1_5' title='bbox 853 1115 909 1184; x_wconf 89' lang='lat' dir='ltr'>est</span> <span class='ocrx_word' id='word_1_6' title='bbox 921 1109 969 1184; x_wconf 89' lang='lat' dir='ltr'>ite</span> <span class='ocrx_word' id='word_1_7' title='bbox 984 1108 1160 1184; x_wconf 88' lang='lat' dir='ltr'>naturalis</span> <span class='ocrx_word' id='word_1_8' title='bbox 1176 1116 1216 1184; x_wconf 89' lang='lat' dir='ltr'>et</span> <span class='ocrx_word' id='word_1_9' title='bbox 1231 1108 1401 1204; x_wconf 88' lang='lat' dir='ltr'>proprius</span> <span class='ocrx_word' id='word_1_10' title='bbox 1414 1107 1509 1182; x_wconf 88' lang='lat' dir='ltr'>sicut</span> <span class='ocrx_word' id='word_1_11' title='bbox 1520 1106 1717 1182; x_wconf 79' lang='lat' dir='ltr'>descensus</span> <span class='ocrx_word' id='word_1_12' title='bbox 1733 1127 1842 1200; x_wconf 87' lang='lat' dir='ltr'>aquae</span> <span class='ocrx_word' id='word_1_13' title='bbox 1857 1099 1895 1198; x_wconf 81' lang='lat'>(¹)</span> 
     </span>
     <span class='ocr_line' id='line_1_3' title="bbox 723 1225 1895 1324; baseline -0.006 -19"><span class='ocrx_word' id='word_1_14' title='bbox 723 1232 761 1306; x_wconf 93' lang='lat' dir='ltr'>in</span> <span class='ocrx_word' id='word_1_15' title='bbox 786 1231 947 1321; x_wconf 89' lang='lat' dir='ltr'>bassum,</span> <span class='ocrx_word' id='word_1_16' title='bbox 965 1227 1052 1323; x_wconf 89' lang='lat' dir='ltr'>quia</span> <span class='ocrx_word' id='word_1_17' title='bbox 1073 1227 1219 1302; x_wconf 91' lang='lat' dir='ltr'>animus</span> <span class='ocrx_word' id='word_1_18' title='bbox 1244 1236 1332 1303; x_wconf 90' lang='lat' dir='ltr'>tuus</span> <span class='ocrx_word' id='word_1_19' title='bbox 1358 1235 1413 1304; x_wconf 82' lang='lat' dir='ltr'>est</span> <span class='ocrx_word' id='word_1_20' title='bbox 1438 1227 1569 1324; x_wconf 88' lang='lat' dir='ltr'>igneus</span> <span class='ocrx_word' id='word_1_21' title='bbox 1593 1233 1632 1300; x_wconf 89' lang='lat' dir='ltr'>et</span> <span class='ocrx_word' id='word_1_22' title='bbox 1656 1225 1823 1301; x_wconf 83' lang='lat' dir='ltr'>coelestis.</span> <span class='ocrx_word' id='word_1_23' title='bbox 1851 1226 1895 1300; x_wconf 87' lang='lat' dir='ltr'>Et</span> 
     </span>
     <span class='ocr_line' id='line_1_4' title="bbox 723 1349 1897 1443; baseline -0.002 -19"><span class='ocrx_word' id='word_1_24' title='bbox 723 1350 866 1428; x_wconf 80' lang='lat' dir='ltr'><strong>subdit:</strong></span> <span class='ocrx_word' id='word_1_25' title='bbox 893 1350 1101 1439; x_wconf 75' lang='lat' dir='ltr'>merooiglia</span> <span class='ocrx_word' id='word_1_26' title='bbox 1125 1351 1239 1439; x_wconf 67' lang='lat' dir='ltr'>some,</span> <span class='ocrx_word' id='word_1_27' title='bbox 1266 1349 1386 1443; x_wconf 91' lang='lat' dir='ltr'>potius</span> <span class='ocrx_word' id='word_1_28' title='bbox 1410 1369 1433 1423; x_wconf 94' lang='lat' dir='ltr'>e</span> <span class='ocrx_word' id='word_1_29' title='bbox 1457 1354 1597 1442; x_wconf 87' lang='lat' dir='ltr'>contra,</span> <span class='ocrx_word' id='word_1_30' title='bbox 1621 1369 1660 1422; x_wconf 84' lang='lat' dir='ltr'>se</span> <span class='ocrx_word' id='word_1_31' title='bbox 1685 1349 1804 1441; x_wconf 87' lang='lat' dir='ltr'>prioo,</span> <span class='ocrx_word' id='word_1_32' title='bbox 1830 1367 1897 1442; x_wconf 89' lang='lat' dir='ltr'>pro</span> 
     </span>
     <span class='ocr_line' id='line_1_5' title="bbox 724 1463 1897 1568; baseline -0.003 -23"><span class='ocrx_word' id='word_1_33' title='bbox 724 1471 899 1568; x_wconf 88' lang='lat' dir='ltr'>privatus,</span> <span class='ocrx_word' id='word_1_34' title='bbox 926 1471 960 1541; x_wconf 87' lang='lat' dir='ltr'>d&#39;</span> <span class='ocrx_word' id='word_1_35' title='bbox 972 1471 1227 1562; x_wconf 70' lang='lat' dir='ltr'>imperitando,</span> <span class='ocrx_word' id='word_1_36' title='bbox 1253 1468 1480 1566; x_wconf 87' lang='lat' dir='ltr'>ignorantiae,</span> <span class='ocrx_word' id='word_1_37' title='bbox 1509 1463 1570 1560; x_wconf 69' lang='lat' dir='ltr'>prb</span> <span class='ocrx_word' id='word_1_38' title='bbox 1601 1471 1742 1563; x_wconf 77' lang='lat' dir='ltr'>tisossi</span> <span class='ocrx_word' id='word_1_39' title='bbox 1771 1472 1897 1562; x_wconf 71' lang='lat' dir='ltr'>maso,</span> 
     </span>
     <span class='ocr_line' id='line_1_6' title="bbox 724 1589 1898 1686; baseline -0.004 -19"><span class='ocrx_word' id='word_1_40' title='bbox 724 1592 828 1686; x_wconf 87' lang='lat' dir='ltr'>idest,</span> <span class='ocrx_word' id='word_1_41' title='bbox 853 1591 1010 1665; x_wconf 80' lang='lat' dir='ltr'>locasses</span> <span class='ocrx_word' id='word_1_42' title='bbox 1040 1596 1076 1664; x_wconf 90' lang='lat' dir='ltr'>te</span> <span class='ocrx_word' id='word_1_43' title='bbox 1108 1589 1282 1684; x_wconf 87' lang='lat' dir='ltr'>interra,</span> <span class='ocrx_word' id='word_1_44' title='bbox 1314 1611 1337 1664; x_wconf 91' lang='lat' dir='ltr'>a</span> <span class='ocrx_word' id='word_1_45' title='bbox 1366 1589 1485 1683; x_wconf 81' lang='lat' dir='ltr'>simili,</span> <span class='ocrx_word' id='word_1_46' title='bbox 1503 1591 1591 1662; x_wconf 88' lang='lat' dir='ltr'>com&#39;</span> <span class='ocrx_word' id='word_1_47' title='bbox 1604 1611 1630 1662; x_wconf 86' lang='lat' dir='ltr'>a</span> <span class='ocrx_word' id='word_1_48' title='bbox 1658 1597 1757 1662; x_wconf 67' lang='lat' dir='ltr'>mu</span> <span class='ocrx_word' id='word_1_49' title='bbox 1786 1592 1898 1682; x_wconf 63' lang='lat' dir='ltr'>qanto</span> 
     </span>
     <span class='ocr_line' id='line_1_7' title="bbox 722 1707 1899 1806; baseline -0.002 -20"><span class='ocrx_word' id='word_1_50' title='bbox 722 1715 826 1806; x_wconf 78' lang='lat' dir='ltr'>[uoco</span> <span class='ocrx_word' id='word_1_51' title='bbox 851 1713 943 1802; x_wconf 77' lang='lat' dir='ltr'>mco,</span> <span class='ocrx_word' id='word_1_52' title='bbox 969 1709 1071 1802; x_wconf 90' lang='lat' dir='ltr'>idest,</span> <span class='ocrx_word' id='word_1_53' title='bbox 1092 1707 1187 1784; x_wconf 91' lang='lat' dir='ltr'>sicut</span> <span class='ocrx_word' id='word_1_54' title='bbox 1211 1717 1308 1784; x_wconf 88' lang='lat' dir='ltr'>esset</span> <span class='ocrx_word' id='word_1_55' title='bbox 1332 1709 1468 1782; x_wconf 92' lang='lat' dir='ltr'>mirum</span> <span class='ocrx_word' id='word_1_56' title='bbox 1492 1707 1616 1784; x_wconf 87' lang='lat' dir='ltr'>videre</span> <span class='ocrx_word' id='word_1_57' title='bbox 1632 1708 1794 1802; x_wconf 89' lang='lat' dir='ltr'>aliquam</span> <span class='ocrx_word' id='word_1_58' title='bbox 1817 1729 1899 1784; x_wconf 87' lang='lat' dir='ltr'>ma-</span> 
     </span>
     <span class='ocr_line' id='line_1_8' title="bbox 727 1828 1899 1923; baseline -0.003 -16"><span class='ocrx_word' id='word_1_59' title='bbox 727 1832 857 1908; x_wconf 86' lang='lat' dir='ltr'>teriam</span> <span class='ocrx_word' id='word_1_60' title='bbox 884 1828 1176 1904; x_wconf 75' lang='lat' dir='ltr'>combustibilem</span> <span class='ocrx_word' id='word_1_61' title='bbox 1202 1836 1302 1903; x_wconf 87' lang='lat' dir='ltr'>stare</span> <span class='ocrx_word' id='word_1_62' title='bbox 1326 1828 1490 1923; x_wconf 87' lang='lat' dir='ltr'>quietam</span> <span class='ocrx_word' id='word_1_63' title='bbox 1515 1829 1595 1904; x_wconf 91' lang='lat' dir='ltr'>sine</span> <span class='ocrx_word' id='word_1_64' title='bbox 1619 1829 1741 1923; x_wconf 86' lang='lat' dir='ltr'>aliqua</span> <span class='ocrx_word' id='word_1_65' title='bbox 1776 1834 1899 1904; x_wconf 88' lang='lat' dir='ltr'>muta-</span> 
     </span>
     <span class='ocr_line' id='line_1_9' title="bbox 725 1945 1899 2045; baseline -0.001 -21"><span class='ocrx_word' id='word_1_66' title='bbox 725 1951 825 2034; x_wconf 85' lang='lat' dir='ltr'>tione</span> <span class='ocrx_word' id='word_1_67' title='bbox 849 1950 886 2023; x_wconf 92' lang='lat' dir='ltr'>iu</span> <span class='ocrx_word' id='word_1_68' title='bbox 911 1949 996 2045; x_wconf 82' lang='lat' dir='ltr'>igne</span> <span class='ocrx_word' id='word_1_69' title='bbox 1012 1969 1167 2024; x_wconf 88' lang='lat' dir='ltr'>accenso</span> <span class='ocrx_word' id='word_1_70' title='bbox 1184 1949 1337 2024; x_wconf 90' lang='lat' dir='ltr'>ardenti.</span> <span class='ocrx_word' id='word_1_71' title='bbox 1356 1951 1401 2023; x_wconf 86' lang='lat' dir='ltr'>Et</span> <span class='ocrx_word' id='word_1_72' title='bbox 1416 1949 1553 2025; x_wconf 92' lang='lat' dir='ltr'>claudit</span> <span class='ocrx_word' id='word_1_73' title='bbox 1568 1959 1677 2045; x_wconf 91' lang='lat' dir='ltr'>poeta</span> <span class='ocrx_word' id='word_1_74' title='bbox 1696 1945 1899 2045; x_wconf 89' lang='lat' dir='ltr'>capitulum</span> 
     </span>
     <span class='ocr_line' id='line_1_10' title="bbox 725 2068 1902 2166; baseline 0.001 -24"><span class='ocrx_word' id='word_1_75' title='bbox 725 2070 899 2166; x_wconf 85' lang='lat' dir='ltr'>primum,</span> <span class='ocrx_word' id='word_1_76' title='bbox 925 2068 1068 2144; x_wconf 87' lang='lat' dir='ltr'>dicens:</span> <span class='ocrx_word' id='word_1_77' title='bbox 1095 2072 1211 2161; x_wconf 83' lang='lat' dir='ltr'>quinci</span> <span class='ocrx_word' id='word_1_78' title='bbox 1228 2072 1370 2162; x_wconf 77' lang='lat' dir='ltr'>rioolse,</span> <span class='ocrx_word' id='word_1_79' title='bbox 1389 2070 1449 2144; x_wconf 92' lang='lat' dir='ltr'>illa</span> <span class='ocrx_word' id='word_1_80' title='bbox 1467 2070 1625 2164; x_wconf 86' lang='lat' dir='ltr'>Beatrirr,</span> <span class='ocrx_word' id='word_1_81' title='bbox 1645 2068 1746 2144; x_wconf 67' lang='lat' dir='ltr'>arob</span> <span class='ocrx_word' id='word_1_82' title='bbox 1762 2073 1798 2143; x_wconf 88' lang='lat' dir='ltr'>io</span> <span class='ocrx_word' id='word_1_83' title='bbox 1815 2074 1902 2146; x_wconf 80' lang='lat' dir='ltr'>ciete</span> 
     </span>
     <span class='ocr_line' id='line_1_11' title="bbox 726 2189 1897 2285; baseline 0.001 -21"><span class='ocrx_word' id='word_1_84' title='bbox 726 2193 754 2264; x_wconf 86' lang='lat' dir='ltr'>il</span> <span class='ocrx_word' id='word_1_85' title='bbox 776 2193 864 2283; x_wconf 84' lang='lat' dir='ltr'>niso,</span> <span class='ocrx_word' id='word_1_86' title='bbox 894 2193 935 2262; x_wconf 93' lang='lat' dir='ltr'>ut</span> <span class='ocrx_word' id='word_1_87' title='bbox 958 2189 1132 2285; x_wconf 88' lang='lat' dir='ltr'>dirigeret</span> <span class='ocrx_word' id='word_1_88' title='bbox 1154 2210 1282 2263; x_wconf 92' lang='lat' dir='ltr'>meum</span> <span class='ocrx_word' id='word_1_89' title='bbox 1299 2189 1420 2264; x_wconf 86' lang='lat' dir='ltr'>risum</span> <span class='ocrx_word' id='word_1_90' title='bbox 1438 2189 1721 2265; x_wconf 75' lang='lat' dir='ltr'>intellectualem</span> <span class='ocrx_word' id='word_1_91' title='bbox 1742 2190 1780 2264; x_wconf 93' lang='lat' dir='ltr'>iu</span> <span class='ocrx_word' id='word_1_92' title='bbox 1798 2190 1897 2265; x_wconf 84' lang='lat' dir='ltr'>illud.</span> 
     </span>
     <span class='ocr_line' id='line_1_12' title="bbox 726 2308 1991 2404; baseline 0 -20"><span class='ocrx_word' id='word_1_93' title='bbox 726 2311 768 2384; x_wconf 85' lang='lat' dir='ltr'>Et</span> <span class='ocrx_word' id='word_1_94' title='bbox 794 2309 853 2384; x_wconf 91' lang='lat' dir='ltr'>bic</span> <span class='ocrx_word' id='word_1_95' title='bbox 879 2308 1009 2384; x_wconf 91' lang='lat' dir='ltr'>ultimo</span> <span class='ocrx_word' id='word_1_96' title='bbox 1035 2315 1132 2403; x_wconf 71' lang='lat' dir='ltr'>nom,</span> <span class='ocrx_word' id='word_1_97' title='bbox 1159 2310 1285 2404; x_wconf 90' lang='lat' dir='ltr'>lector,</span> <span class='ocrx_word' id='word_1_98' title='bbox 1311 2310 1412 2404; x_wconf 88' lang='lat' dir='ltr'>quod</span> <span class='ocrx_word' id='word_1_99' title='bbox 1437 2329 1526 2384; x_wconf 88' lang='lat' dir='ltr'>vere</span> <span class='ocrx_word' id='word_1_100' title='bbox 1552 2330 1625 2384; x_wconf 90' lang='lat' dir='ltr'>non</span> <span class='ocrx_word' id='word_1_101' title='bbox 1650 2316 1731 2384; x_wconf 91' lang='lat' dir='ltr'>erat</span> <span class='ocrx_word' id='word_1_102' title='bbox 1762 2310 1899 2384; x_wconf 92' lang='lat' dir='ltr'>mirum</span> <span class='ocrx_word' id='word_1_103' title='bbox 1987 2326 1991 2330; x_wconf 87' lang='grc'><strong><em>·</em></strong></span> 
     </span>
     <span class='ocr_line' id='line_1_13' title="bbox 725 2428 1901 2524; baseline 0 -20"><span class='ocrx_word' id='word_1_104' title='bbox 725 2431 819 2506; x_wconf 87' lang='lat' dir='ltr'>sicut</span> <span class='ocrx_word' id='word_1_105' title='bbox 855 2429 941 2504; x_wconf 89' lang='lat' dir='ltr'>dicit</span> <span class='ocrx_word' id='word_1_106' title='bbox 979 2429 1046 2504; x_wconf 89' lang='lat' dir='ltr'>ista</span> <span class='ocrx_word' id='word_1_107' title='bbox 1082 2428 1243 2524; x_wconf 88' lang='lat' dir='ltr'>domina,</span> <span class='ocrx_word' id='word_1_108' title='bbox 1275 2430 1303 2503; x_wconf 90' lang='lat' dir='ltr'>si</span> <span class='ocrx_word' id='word_1_109' title='bbox 1337 2429 1405 2504; x_wconf 91' lang='lat' dir='ltr'>iste</span> <span class='ocrx_word' id='word_1_110' title='bbox 1437 2431 1550 2504; x_wconf 92' lang='lat' dir='ltr'>bomo</span> <span class='ocrx_word' id='word_1_111' title='bbox 1584 2429 1700 2506; x_wconf 87' lang='lat' dir='ltr'>veloci</span> <span class='ocrx_word' id='word_1_112' title='bbox 1734 2436 1771 2506; x_wconf 90' lang='lat' dir='ltr'>et</span> <span class='ocrx_word' id='word_1_113' title='bbox 1806 2431 1901 2506; x_wconf 89' lang='lat' dir='ltr'>lacili</span> 
     </span>
     <span class='ocr_line' id='line_1_14' title="bbox 727 2549 1897 2645; baseline -0.001 -20"><span class='ocrx_word' id='word_1_114' title='bbox 727 2557 829 2625; x_wconf 90' lang='lat' dir='ltr'>motu</span> <span class='ocrx_word' id='word_1_115' title='bbox 857 2550 1031 2624; x_wconf 88' lang='lat' dir='ltr'>currebat</span> <span class='ocrx_word' id='word_1_116' title='bbox 1057 2550 1219 2624; x_wconf 91' lang='lat' dir='ltr'>nuncin</span> <span class='ocrx_word' id='word_1_117' title='bbox 1244 2549 1393 2643; x_wconf 83' lang='lat' dir='ltr'>omium,</span> <span class='ocrx_word' id='word_1_118' title='bbox 1419 2556 1457 2624; x_wconf 89' lang='lat' dir='ltr'>et</span> <span class='ocrx_word' id='word_1_119' title='bbox 1485 2549 1674 2625; x_wconf 84' lang='lat' dir='ltr'>ferebatur</span> <span class='ocrx_word' id='word_1_120' title='bbox 1699 2551 1736 2624; x_wconf 95' lang='lat' dir='ltr'>iu</span> <span class='ocrx_word' id='word_1_121' title='bbox 1766 2552 1897 2645; x_wconf 86' lang='lat' dir='ltr'>Deum,</span> 
     </span>
     <span class='ocr_line' id='line_1_15' title="bbox 727 2669 1900 2766; baseline 0 -21"><span class='ocrx_word' id='word_1_122' title='bbox 727 2670 791 2764; x_wconf 88' lang='lat' dir='ltr'>qui</span> <span class='ocrx_word' id='word_1_123' title='bbox 823 2669 969 2746; x_wconf 91' lang='lat' dir='ltr'>calcatis</span> <span class='ocrx_word' id='word_1_124' title='bbox 1001 2669 1174 2744; x_wconf 90' lang='lat' dir='ltr'>omuibus</span> <span class='ocrx_word' id='word_1_125' title='bbox 1206 2669 1312 2764; x_wconf 85' lang='lat' dir='ltr'>vitiis,</span> <span class='ocrx_word' id='word_1_126' title='bbox 1338 2676 1517 2766; x_wconf 89' lang='lat' dir='ltr'>purgatus</span> <span class='ocrx_word' id='word_1_127' title='bbox 1541 2670 1712 2745; x_wconf 90' lang='lat' dir='ltr'>omuibus</span> <span class='ocrx_word' id='word_1_128' title='bbox 1742 2671 1900 2766; x_wconf 85' lang='lat' dir='ltr'>peccetis</span> 
     </span>
     <span class='ocr_line' id='line_1_16' title="bbox 726 2791 1900 2887; baseline 0 -21"><span class='ocrx_word' id='word_1_129' title='bbox 726 2797 955 2887; x_wconf 88' lang='lat' dir='ltr'>pervenerat·</span> <span class='ocrx_word' id='word_1_130' title='bbox 970 2791 1016 2864; x_wconf 90' lang='lat' dir='ltr'>ad</span> <span class='ocrx_word' id='word_1_131' title='bbox 1043 2797 1206 2866; x_wconf 91' lang='lat' dir='ltr'>montem</span> <span class='ocrx_word' id='word_1_132' title='bbox 1242 2791 1381 2866; x_wconf 80' lang='lat' dir='ltr'>celsum</span> <span class='ocrx_word' id='word_1_133' title='bbox 1417 2797 1629 2887; x_wconf 81' lang='lat' dir='ltr'>tangentem</span> <span class='ocrx_word' id='word_1_134' title='bbox 1661 2793 1810 2881; x_wconf 82' lang='lat' dir='ltr'>omium,</span> <span class='ocrx_word' id='word_1_135' title='bbox 1838 2792 1900 2866; x_wconf 95' lang='lat' dir='ltr'>ubi</span> 
     </span>
     <span class='ocr_line' id='line_1_17' title="bbox 726 2909 1900 3006; baseline 0.003 -23"><span class='ocrx_word' id='word_1_136' title='bbox 726 2910 848 2986; x_wconf 89' lang='lat' dir='ltr'>iuerat</span> <span class='ocrx_word' id='word_1_137' title='bbox 881 2911 976 2984; x_wconf 88' lang='lat' dir='ltr'>lotus</span> <span class='ocrx_word' id='word_1_138' title='bbox 1009 2909 1140 3006; x_wconf 86' lang='lat' dir='ltr'>duplici</span> <span class='ocrx_word' id='word_1_139' title='bbox 1174 2930 1272 3004; x_wconf 89' lang='lat' dir='ltr'>aqua</span> <span class='ocrx_word' id='word_1_140' title='bbox 1306 2910 1557 3005; x_wconf 82' lang='lat' dir='ltr'>mundissima,</span> <span class='ocrx_word' id='word_1_141' title='bbox 1592 2933 1753 3006; x_wconf 88' lang='lat' dir='ltr'>quarum</span> <span class='ocrx_word' id='word_1_142' title='bbox 1782 2913 1900 2988; x_wconf 86' lang='lat' dir='ltr'>altera</span> 
     </span>
     <span class='ocr_line' id='line_1_18' title="bbox 728 3031 1902 3125; baseline 0.003 -21"><span class='ocrx_word' id='word_1_143' title='bbox 728 3031 922 3107; x_wconf 80' lang='lat' dir='ltr'>induxerat</span> <span class='ocrx_word' id='word_1_144' title='bbox 952 3031 1174 3106; x_wconf 85' lang='lat' dir='ltr'>oblivionem</span> <span class='ocrx_word' id='word_1_145' title='bbox 1205 3032 1402 3125; x_wconf 87' lang='lat' dir='ltr'>malorum,</span> <span class='ocrx_word' id='word_1_146' title='bbox 1433 3033 1549 3106; x_wconf 88' lang='lat' dir='ltr'>altera</span> <span class='ocrx_word' id='word_1_147' title='bbox 1582 3032 1802 3108; x_wconf 90' lang='lat' dir='ltr'>memoriam</span> <span class='ocrx_word' id='word_1_148' title='bbox 1833 3034 1902 3108; x_wconf 95' lang='lat' dir='ltr'>bo-</span> 
     </span>
     <span class='ocr_line' id='line_1_19' title="bbox 728 3151 1901 3248; baseline 0.002 -23"><span class='ocrx_word' id='word_1_149' title='bbox 728 3172 862 3226; x_wconf 83' lang='lat' dir='ltr'>norum</span> <span class='ocrx_word' id='word_1_150' title='bbox 889 3151 926 3224; x_wconf 92' lang='lat' dir='ltr'>iu</span> <span class='ocrx_word' id='word_1_151' title='bbox 952 3151 1112 3226; x_wconf 91' lang='lat' dir='ltr'>animam</span> <span class='ocrx_word' id='word_1_152' title='bbox 1140 3151 1357 3246; x_wconf 89' lang='lat' dir='ltr'>depuratam</span> <span class='ocrx_word' id='word_1_153' title='bbox 1375 3151 1423 3226; x_wconf 89' lang='lat' dir='ltr'>ab</span> <span class='ocrx_word' id='word_1_154' title='bbox 1441 3152 1540 3226; x_wconf 90' lang='lat' dir='ltr'>omui</span> <span class='ocrx_word' id='word_1_155' title='bbox 1558 3151 1794 3226; x_wconf 80' lang='lat' dir='ltr'>affectionum</span> <span class='ocrx_word' id='word_1_156' title='bbox 1815 3173 1901 3248; x_wconf 92' lang='lat' dir='ltr'>per·</span> 
     </span>
     <span class='ocr_line' id='line_1_20' title="bbox 728 3270 1900 3366; baseline 0.003 -22"><span class='ocrx_word' id='word_1_157' title='bbox 728 3271 948 3364; x_wconf 85' lang='lat' dir='ltr'>turbatione,</span> <span class='ocrx_word' id='word_1_158' title='bbox 973 3270 1052 3346; x_wconf 91' lang='lat' dir='ltr'>sine</span> <span class='ocrx_word' id='word_1_159' title='bbox 1077 3271 1250 3366; x_wconf 88' lang='lat' dir='ltr'>snperbia</span> <span class='ocrx_word' id='word_1_160' title='bbox 1280 3277 1317 3346; x_wconf 92' lang='lat' dir='ltr'>et</span> <span class='ocrx_word' id='word_1_161' title='bbox 1346 3271 1554 3366; x_wconf 87' lang='lat' dir='ltr'>cupiditate,</span> <span class='ocrx_word' id='word_1_162' title='bbox 1585 3291 1670 3366; x_wconf 76' lang='lat' dir='ltr'>quae</span> <span class='ocrx_word' id='word_1_163' title='bbox 1698 3279 1786 3347; x_wconf 89' lang='lat' dir='ltr'>suut</span> <span class='ocrx_word' id='word_1_164' title='bbox 1816 3274 1900 3347; x_wconf 85' lang='lat' dir='ltr'>dnae</span> 
     </span>
     <span class='ocr_line' id='line_1_21' title="bbox 729 3389 1902 3487; baseline 0.003 -23"><span class='ocrx_word' id='word_1_165' title='bbox 729 3390 868 3466; x_wconf 87' lang='lat' dir='ltr'>radices</span> <span class='ocrx_word' id='word_1_166' title='bbox 902 3389 1068 3464; x_wconf 92' lang='lat' dir='ltr'>omnium</span> <span class='ocrx_word' id='word_1_167' title='bbox 1105 3397 1356 3485; x_wconf 86' lang='lat' dir='ltr'>peccatorum,</span> <span class='ocrx_word' id='word_1_168' title='bbox 1390 3398 1560 3487; x_wconf 89' lang='lat' dir='ltr'>receptus</span> <span class='ocrx_word' id='word_1_169' title='bbox 1594 3399 1633 3466; x_wconf 92' lang='lat' dir='ltr'>et</span> <span class='ocrx_word' id='word_1_170' title='bbox 1661 3392 1850 3468; x_wconf 87' lang='lat' dir='ltr'>investitus</span> <span class='ocrx_word' id='word_1_171' title='bbox 1877 3415 1902 3468; x_wconf 94' lang='lat' dir='ltr'>a</span> 
     </span>
    </p>
   </div>
   <div class='ocr_carea' id='block_1_3' title="bbox 728 3509 1903 4328">
    <p class='ocr_par' dir='ltr' id='par_1_3' title="bbox 728 3509 1903 4328">
     <span class='ocr_line' id='line_1_22' title="bbox 728 3509 1902 3607; baseline 0.003 -23"><span class='ocrx_word' id='word_1_172' title='bbox 728 3517 867 3605; x_wconf 87' lang='lat' dir='ltr'>septem</span> <span class='ocrx_word' id='word_1_173' title='bbox 894 3509 1090 3585; x_wconf 87' lang='lat' dir='ltr'>virtutibus</span> <span class='ocrx_word' id='word_1_174' title='bbox 1116 3509 1251 3603; x_wconf 88' lang='lat' dir='ltr'>quibus</span> <span class='ocrx_word' id='word_1_175' title='bbox 1268 3510 1457 3585; x_wconf 88' lang='lat' dir='ltr'>revolabat</span> <span class='ocrx_word' id='word_1_176' title='bbox 1481 3511 1519 3584; x_wconf 92' lang='lat' dir='ltr'>iu</span> <span class='ocrx_word' id='word_1_177' title='bbox 1545 3511 1712 3607; x_wconf 88' lang='lat' dir='ltr'>patriam,</span> <span class='ocrx_word' id='word_1_178' title='bbox 1731 3513 1792 3586; x_wconf 93' lang='lat' dir='ltr'>ubi</span> <span class='ocrx_word' id='word_1_179' title='bbox 1815 3513 1902 3588; x_wconf 82' lang='lat' dir='ltr'>lelix</span> 
     </span>
     <span class='ocr_line' id='line_1_23' title="bbox 728 3629 1901 3727; baseline 0.003 -24"><span class='ocrx_word' id='word_1_180' title='bbox 728 3629 844 3704; x_wconf 88' lang='lat' dir='ltr'>victor</span> <span class='ocrx_word' id='word_1_181' title='bbox 877 3629 1193 3705; x_wconf 77' lang='lat' dir='ltr'>infestissimorum</span> <span class='ocrx_word' id='word_1_182' title='bbox 1228 3631 1400 3724; x_wconf 86' lang='lat' dir='ltr'>bostium,</span> <span class='ocrx_word' id='word_1_183' title='bbox 1425 3631 1729 3727; x_wconf 87' lang='lat' dir='ltr'>gloriosissimum</span> <span class='ocrx_word' id='word_1_184' title='bbox 1766 3635 1901 3707; x_wconf 88' lang='lat' dir='ltr'>trium-</span> 
     </span>
     <span class='ocr_line' id='line_1_24' title="bbox 729 3750 1902 3849; baseline 0.004 -25"><span class='ocrx_word' id='word_1_185' title='bbox 729 3751 843 3845; x_wconf 88' lang='lat' dir='ltr'>phum</span> <span class='ocrx_word' id='word_1_186' title='bbox 881 3751 957 3825; x_wconf 91' lang='lat' dir='ltr'>suis</span> <span class='ocrx_word' id='word_1_187' title='bbox 991 3751 1130 3826; x_wconf 89' lang='lat' dir='ltr'>meritis</span> <span class='ocrx_word' id='word_1_188' title='bbox 1154 3750 1454 3845; x_wconf 82' lang='lat' dir='ltr'>praedestinatum</span> <span class='ocrx_word' id='word_1_189' title='bbox 1481 3752 1559 3846; x_wconf 80' lang='lat' dir='ltr'>jam</span> <span class='ocrx_word' id='word_1_190' title='bbox 1592 3753 1772 3849; x_wconf 89' lang='lat' dir='ltr'>sperabat.</span> <span class='ocrx_word' id='word_1_191' title='bbox 1807 3754 1902 3842; x_wconf 81' lang='lat' dir='ltr'>Quid</span> 
     </span>
     <span class='ocr_line' id='line_1_25' title="bbox 729 3870 1902 3970; baseline 0.005 -26"><span class='ocrx_word' id='word_1_192' title='bbox 729 3871 878 3965; x_wconf 88' lang='lat' dir='ltr'>mirum,</span> <span class='ocrx_word' id='word_1_193' title='bbox 904 3871 1067 3966; x_wconf 89' lang='lat' dir='ltr'>inquam,</span> <span class='ocrx_word' id='word_1_194' title='bbox 1093 3871 1121 3945; x_wconf 92' lang='lat' dir='ltr'>si</span> <span class='ocrx_word' id='word_1_195' title='bbox 1147 3870 1291 3945; x_wconf 86' lang='lat' dir='ltr'>divinus</span> <span class='ocrx_word' id='word_1_196' title='bbox 1316 3871 1375 3946; x_wconf 90' lang='lat' dir='ltr'>bic</span> <span class='ocrx_word' id='word_1_197' title='bbox 1399 3878 1507 3966; x_wconf 92' lang='lat' dir='ltr'>poeta</span> <span class='ocrx_word' id='word_1_198' title='bbox 1538 3879 1640 3948; x_wconf 88' lang='lat' dir='ltr'>tanto</span> <span class='ocrx_word' id='word_1_199' title='bbox 1671 3894 1782 3949; x_wconf 92' lang='lat' dir='ltr'>cursu</span> <span class='ocrx_word' id='word_1_200' title='bbox 1815 3895 1902 3970; x_wconf 88' lang='lat' dir='ltr'>pro·</span> 
     </span>
     <span class='ocr_line' id='line_1_26' title="bbox 730 3991 1902 4088; baseline 0.004 -24"><span class='ocrx_word' id='word_1_201' title='bbox 730 3991 883 4065; x_wconf 89' lang='lat' dir='ltr'>missum</span> <span class='ocrx_word' id='word_1_202' title='bbox 910 3991 1079 4067; x_wconf 88' lang='lat' dir='ltr'>brevium</span> <span class='ocrx_word' id='word_1_203' title='bbox 1100 3998 1341 4086; x_wconf 87' lang='lat' dir='ltr'>properanter</span> <span class='ocrx_word' id='word_1_204' title='bbox 1358 3991 1534 4088; x_wconf 69' lang='lat' dir='ltr'>petebat?</span> <span class='ocrx_word' id='word_1_205' title='bbox 1554 3993 1601 4068; x_wconf 92' lang='lat' dir='ltr'>ad</span> <span class='ocrx_word' id='word_1_206' title='bbox 1619 3993 1717 4087; x_wconf 87' lang='lat' dir='ltr'>quod</span> <span class='ocrx_word' id='word_1_207' title='bbox 1735 4014 1802 4076; x_wconf 88' lang='lat' dir='ltr'>nos</span> <span class='ocrx_word' id='word_1_208' title='bbox 1818 4002 1902 4070; x_wconf 91' lang='lat' dir='ltr'>tau·</span> 
     </span>
     <span class='ocr_line' id='line_1_27' title="bbox 729 4111 1903 4209; baseline 0.006 -25"><span class='ocrx_word' id='word_1_209' title='bbox 729 4111 811 4184; x_wconf 90' lang='lat' dir='ltr'>dem</span> <span class='ocrx_word' id='word_1_210' title='bbox 830 4111 1024 4209; x_wconf 87' lang='lat' dir='ltr'>pervenire</span> <span class='ocrx_word' id='word_1_211' title='bbox 1040 4111 1211 4208; x_wconf 85' lang='lat' dir='ltr'>dignetur</span> <span class='ocrx_word' id='word_1_212' title='bbox 1230 4111 1293 4206; x_wconf 86' lang='lat' dir='ltr'>qui</span> <span class='ocrx_word' id='word_1_213' title='bbox 1310 4118 1480 4186; x_wconf 88' lang='lat' dir='ltr'>autorem</span> <span class='ocrx_word' id='word_1_214' title='bbox 1495 4112 1678 4188; x_wconf 85' lang='lat' dir='ltr'>viventem</span> <span class='ocrx_word' id='word_1_215' title='bbox 1694 4133 1759 4209; x_wconf 95' lang='lat' dir='ltr'>per</span> <span class='ocrx_word' id='word_1_216' title='bbox 1772 4135 1903 4191; x_wconf 89' lang='lat' dir='ltr'>omnes</span> 
     </span>
     <span class='ocr_line' id='line_1_28' title="bbox 729 4219 1728 4328; baseline 0.006 -25"><span class='ocrx_word' id='word_1_217' title='bbox 729 4229 897 4326; x_wconf 87' lang='lat' dir='ltr'>regiones</span> <span class='ocrx_word' id='word_1_218' title='bbox 922 4231 1005 4306; x_wconf 87' lang='lat' dir='ltr'>eoeli</span> <span class='ocrx_word' id='word_1_219' title='bbox 1031 4230 1076 4306; x_wconf 91' lang='lat' dir='ltr'>ad</span> <span class='ocrx_word' id='word_1_220' title='bbox 1102 4251 1142 4306; x_wconf 91' lang='lat' dir='ltr'>se</span> <span class='ocrx_word' id='word_1_221' title='bbox 1167 4231 1316 4306; x_wconf 88' lang='lat' dir='ltr'>trabere</span> <span class='ocrx_word' id='word_1_222' title='bbox 1329 4219 1574 4328; x_wconf 77' lang='lat' dir='ltr'>(²)‘dignatns</span> <span class='ocrx_word' id='word_1_223' title='bbox 1600 4233 1728 4309; x_wconf 77' lang='lat' dir='ltr'>Amen.</span> 
     </span>
    </p>
   </div>
   <div class='ocr_carea' id='block_1_4' title="bbox 790 4490 1810 4560">
    <p class='ocr_par' dir='ltr' id='par_1_4' title="bbox 790 4490 1810 4560">
     <span class='ocr_line' id='line_1_29' title="bbox 790 4490 1810 4560; baseline 0.006 -18"><span class='ocrx_word' id='word_1_224' title='bbox 790 4490 819 4556; x_wconf 80' lang='lat'>(¹)</span> <span class='ocrx_word' id='word_1_225' title='bbox 836 4491 867 4543; x_wconf 82' lang='grc' dir='ltr'>Ε.</span> <span class='ocrx_word' id='word_1_226' title='bbox 884 4504 916 4542; x_wconf 77' lang='lat' dir='ltr'>ex</span> <span class='ocrx_word' id='word_1_227' title='bbox 931 4491 985 4544; x_wconf 78' lang='lat' dir='ltr'>allo</span> <span class='ocrx_word' id='word_1_228' title='bbox 1002 4493 1028 4558; x_wconf 83' lang='lat' dir='ltr'>in</span> <span class='ocrx_word' id='word_1_229' title='bbox 1044 4491 1156 4544; x_wconf 78' lang='lat' dir='ltr'>bassum.</span> <span class='ocrx_word' id='word_1_230' title='bbox 1417 4493 1446 4555; x_wconf 77' lang='lat'>(¹)</span> <span class='ocrx_word' id='word_1_231' title='bbox 1460 4493 1491 4544; x_wconf 84' lang='lat' dir='ltr'>E.</span> <span class='ocrx_word' id='word_1_232' title='bbox 1509 4495 1613 4546; x_wconf 77' lang='lat' dir='ltr'>trabere</span> <span class='ocrx_word' id='word_1_233' title='bbox 1628 4500 1668 4546; x_wconf 82' lang='lat' dir='ltr'>est</span> <span class='ocrx_word' id='word_1_234' title='bbox 1684 4495 1810 4560; x_wconf 74' lang='lat' dir='ltr'>dignatus</span> 
     </span>
    </p>
   </div>
   <div class='ocr_carea' id='block_1_5' title="bbox 1185 4813 1450 4822">
    <p class='ocr_par' dir='ltr' id='par_1_5' title="bbox 1185 4813 1450 4822">
     <span class='ocr_line' id='line_1_30' title="bbox 1185 4813 1450 4822; baseline 0.008 -2"><span class='ocrx_word' id='word_1_235' title='bbox 1185 4813 1450 4822; x_wconf 73' lang='lat' dir='ltr'>—n-—.—.—</span> 
     </span>
    </p>
   </div>
   <div class='ocr_carea' id='block_1_6' title="bbox 0 0 2306 6836">
    <p class='ocr_par' dir='ltr' id='par_1_6' title="bbox 0 0 2306 6836">
     <span class='ocr_line' id='line_1_31' title="bbox 0 0 2306 6836; baseline 0 0"><span class='ocrx_word' id='word_1_236' title='bbox 0 0 2306 6836; x_wconf 95' lang='lat' dir='ltr'> </span> 
     </span>
    </p>
   </div>
  </div>
 </body>
</html>
